3106 5056
475 369 585 413 omno
601 369 644 414 nt.
660 363 776 412 nonnas
792 369 926 414 tataros.
1233 353 1292 419 t'tt

74 521 196 595 vidisse,
229 519 339 600 qnippe
368 537 435 582 oum
455 519 552 582 Patris
579 519 717 584 divinitas
738 520 770 582 in
792 519 867 583 Filio
890 521 1100 602 conspiciatur.
1143 522 1176 584 ld
1198 528 1383 585 antemnam.

74 621 181 684 facilins
202 621 339 700 imaginis
361 621 556 702 imperatoris
580 621 714 701 exemplo
736 623 849 702 poterit
869 622 1002 703 intelligi.
1036 625 1149 705 Nempe
1171 625 1202 686 in
1219 625 1296 698 ima·

74 726 136 804 gine
158 722 273 804 speeies
296 721 415 802 quidem
438 731 468 784 et
497 725 593 786 lorma
618 721 813 803 Imperatoris
842 733 905 798 est,
935 725 965 786 in
994 725 1177 805 Imperatore
1199 735 1298 788 autern

74 825 172 886 eadem
193 823 310 905 speeies
333 831 391 899 eat,
414 823 543 904 quaein
566 825 694 904 imagine
714 825 841 888 ridetrir.
875 825 1009 888 Perfecta
1032 827 1111 888 enim
1134 827 1298 890 similitudo

74 935 115 988 est
135 924 167 986 in
187 925 380 1004 Imperatoris
403 925 540 1006 imagine,
561 928 602 988 ita
623 935 657 989 ει
678 937 708 990 ει
729 926 765 1001 is,
788 927 839 1006 qui
862 927 1018 1008 imaginem
1041 929 1157 1003 viderit,
1179 929 1210 990 in
1232 929 1297 1009 ipsa

72 1026 279 1107 Imperatorem
299 1026 465 1100 intueatur,
489 1037 519 1089 ει
540 1028 674 1091 vicissim
697 1029 746 1134 spui
769 1029 982 1109 Imperatorem
1004 1029 1128 1104 viderit,
1157 1037 1300 1110 agnoscat

73 1127 151 1190 illam
173 1128 272 1210 ipsum
299 1147 385 1196 assa.
419 1130 470 1210 qui
498 1130 529 1191 in
551 1129 679 1208 imagine
701 1131 893 1210 oonspioitor.
939 1131 982 1192 Ex
1009 1151 1045 1193 eo
1073 1141 1189 1204 antem,
1219 1132 1298 1210 quod

71 1229 148 1292 nulla
169 1229 337 1312 dist-repent
358 1231 616 1306 dissimilitudine,
644 1232 671 1294 si
694 1232 762 1312 quis
784 1241 855 1313 post
875 1233 1033 1313 imaginem
1057 1233 1144 1296 vellet
1164 1233 1298 1313 impero-

73 1341 166 1394 torem
187 1331 299 1405 ridere,
320 1339 402 1394 recte
423 1331 466 1394 illi
488 1332 586 1411 imago
601 1332 728 1396 diceret:
752 1334 837 1413 „ligo
853 1342 882 1396 et
896 1335 1062 1414 lmperator
1074 1353 1168 1396 unum
1183 1351 1297 1408 sumtis,
1307 1347 1383 1394 rosa.

73 1451 153 1512 „ego
175 1433 253 1494 enim
275 1433 307 1494 in
328 1432 379 1494 illo
402 1451 469 1496 sum
491 1442 522 1496 et
542 1433 591 1496 ille
613 1434 644 1496 in
667 1453 732 1496 me:
762 1435 901 1516 quodque
923 1436 953 1499 in
974 1455 1023 1500 me
1046 1437 1145 1509 rides,
1167 1435 1245 1498 idem
1268 1436 1299 1498 in

73 1535 149 1608 „illo
171 1533 292 1615 aspicis,
316 1543 346 1596 et
366 1535 445 1614 qnod
469 1535 499 1596 in
522 1535 572 1596 illo
594 1536 706 1612 vidisti,
727 1537 805 1600 idem
828 1537 857 1598 in
880 1555 929 1600 me
951 1537 1081 1600 εειεὶε.“
1125 1537 1227 1618 ltaque
1249 1535 1299 1616 qui

72 1636 227 1716 imaginem
249 1636 369 1710 adorat,
391 1636 422 1698 in
444 1655 478 1699 ea
500 1655 620 1717 quoque
640 1637 855 1719 imperatorem
885 1639 1004 1712 adorat,
1032 1639 1130 1720 imago
1153 1637 1300 1720 siquidem

73 1739 135 1800 eius
158 1738 274 1818 speeies
295 1746 326 1799 et
345 1739 441 1800 lorma
465 1749 521 1802 est.
556 1737 628 1801 (lum
651 1739 742 1819 igitur
763 1740 855 1803 Filius
877 1741 974 1821 imago
996 1759 1113 1820 quoque
1137 1741 1177 1804 sit
1192 1741 1300 1814 Patris,

72 1839 232 1920 intelligere
254 1857 379 1905 narasse
401 1849 464 1914 εει,
494 1839 676 1904 divinitatem
705 1850 737 1903 ει
764 1840 979 1922 proprietatem
1002 1841 1099 1904 Patris
1121 1841 1180 1904 liae
1201 1843 1301 1922 ipsum

73 1959 155 2014 asse,
183 1941 265 2020 quod
286 1949 333 2002 est
354 1941 454 2004 Filius.
499 1941 564 2004 lloo
585 1951 684 2004 antam
713 1951 776 2016 ast,
806 1943 886 2022 quod
909 1944 957 2006 his
980 1944 1080 2005 verbis
1102 1943 1300 2022 significatur:

75 2043 137 2118 Qasr·
156 2048 188 2104 ιἰι
208 2043 314 2124 [ormo
336 2042 396 2106 Dei
415 2049 558 2116 existens,
582 2054 626 2106 et:
651 2045 745 2108 Pater
765 2049 799 2108 ιἰι
819 2063 877 2107 rna.

154 2147 184 2208 6.
229 2144 366 2206 Ceterum
389 2161 449 2206 non
472 2163 507 2206 ex
528 2155 613 2226 parte
634 2154 746 2208 mutum
770 2145 930 2208 divinitatis
952 2148 1047 2208 torma
1070 2154 1134 2221 εει,
1157 2145 1211 2210 sed
1232 2145 1301 2222 hoo,

73 2245 150 2324 quod
172 2255 219 2308 est
240 2245 342 2320 Filius,
364 2245 518 2326 plenitudo
541 2255 589 2308 est
610 2247 770 2310 divinitatis
792 2247 907 2321 Patris,
929 2248 969 2310 ita
991 2257 1024 2309 ει
1045 2247 1138 2308 Filius
1161 2255 1241 2310 totus
1263 2249 1303 2310 sit

74 2345 161 2420 [lens.
205 2346 283 2408 lline
303 2365 369 2410 cum
392 2347 523 2434 aequalis
545 2347 607 2410 Deo
631 2357 729 2422 esset,
751 2367 813 2409 non
834 2348 967 2429 rapinam
989 2347 1148 2410 arbitratus
1170 2357 1219 2410 est
1240 2347 1301 2410 lleo

73 2448 223 2528 aequalem
253 2467 331 2510 esse.
375 2448 518 2511 Similiter
550 2449 618 2530 quia
647 2449 713 2512 Filii
746 2450 884 2512 divinitas
913 2459 943 2510 et
971 2449 1088 2529 speeies
1118 2469 1173 2512 seu
1205 2452 1302 2514 iorma

73 2551 180 2614 nullius
207 2550 283 2612 alius
310 2568 398 2630 quam
419 2551 516 2613 Patris
545 2561 606 2625 est,
640 2551 698 2612 hoo
724 2550 825 2630 ipsum
855 2560 916 2623 est,
946 2551 1025 2629 quod
1053 2549 1141 2612 dixit:
1179 2552 1241 2633 ligo
1269 2558 1303 2616 ιἰι

75 2651 172 2716 Patre
211 2651 261 2714 Sia
281 2651 364 2714 Dans
386 2657 418 2714 ιἰι
443 2652 563 2715 Cltr'isto
586 2663 654 2714 erot
675 2653 821 2714 mandam
842 2651 1044 2714 reconcilians
1067 2653 1135 2714 sili.
1171 2645 1304 2730 Namque

74 2761 195 2814 naturae
222 2751 319 2814 Patris
349 2753 490 2834 proprius
519 2760 566 2814 est
593 2752 703 2827 Filius,
738 2753 768 2814 in
797 2771 856 2831 quo
886 2759 988 2814 natura
1018 2759 1115 2812 ereata
1143 2769 1211 2813 oum
1239 2752 1302 2813 Deo

74 2853 287 2916 rerontt'liator.
333 2853 384 2916 Sie
411 2873 461 2929 aa,
490 2873 566 2934 quae
593 2853 685 2916 Filius
714 2853 835 2934 agebat,
869 2871 959 2933 opera
987 2851 1084 2914 Patris
1106 2861 1206 2928 erant,
1235 2853 1303 2932 quia

73 2953 165 3018 Filias
198 2955 314 3036 speeies
348 2975 403 3019 εεε
436 2958 530 3018 lorma
563 2965 628 3018 erat
660 2955 757 3018 Patris
789 2953 968 3028 divinitatis,
1006 2972 1081 3033 quae
1113 2954 1179 3033 ipsa
1212 2972 1305 3035 opera

74 3055 226 3118 efficiebat.
271 3055 322 3118 Sia
343 3057 394 3136 qui
416 3057 496 3119 violet
516 3057 640 3130 Filium,
669 3057 788 3119 Patrem
812 3055 899 3118 simul
921 3055 1015 3129 ridet,
1038 3056 1106 3135 qnia
1128 3055 1159 3116 in
1181 3064 1303 3135 paterna

73 3157 222 3220 dirimtata
244 3165 274 3220 et
295 3166 343 3220 est
363 3166 394 3220 et
421 3158 553 3222 cernitar
581 3159 690 3234 Filius,
721 3165 902 3238 paternaque
931 3157 1063 3237 species,
1091 3175 1166 3237 qnae
1194 3159 1224 3218 in
1252 3158 1303 3219 illo

74 3269 136 3334 est,
165 3258 282 3322 Patrem
308 3259 339 3320 in
369 3260 474 3322 eodem
504 3261 639 3335 exhibet,
669 3269 757 3340 atque
786 3260 845 3321 loe
872 3259 961 3320 modo
984 3257 1071 3320 Pater
1098 3257 1196 3321 estin
1218 3257 1303 3320 Filio.

74 3359 247 3441 Proprietas
268 3371 366 3423 autem
390 3371 420 3424 ει
447 3362 603 3436 divinitas,
632 3381 708 3443 quaa
738 3379 773 3423 ex
795 3362 882 3423 Patre
905 3361 935 3421 in
958 3359 1034 3421 Filio
1057 3359 1175 3431 existit,
1196 3359 1304 3423 Filium

55 3460 105 3524 ·in
121 3462 209 3526 Patre
224 3473 448 3540 commonstrat,
472 3465 659 3544 eundemque
673 3463 710 3526 ab
727 3481 762 3524 eo
779 3461 870 3524 dividi
887 3479 1037 3541 nunquam
1052 3479 1145 3540 posse
1161 3462 1304 3524 ostendit.

77 3565 221 3638 Quoniroa
243 3565 293 3645 qni
315 3567 397 3629 audit
419 3576 447 3628 et
468 3565 549 3628 ridet
570 3585 614 3642 ea,
638 3585 714 3646 quaa
736 3565 774 3626 tle
794 3564 883 3625 Patra
906 3563 1054 3632 dicuntur,
1077 3563 1115 3624 de
1129 3561 1205 3624 Filio
1227 3579 1304 3642 qno·

76 3685 136 3746 qne
157 3667 228 3741 diri,
251 3685 313 3728 non
335 3669 414 3748 quod
437 3669 512 3730 haee
532 3685 586 3749 per
608 3667 731 3747 gratiam
754 3666 819 3728 eius
841 3665 975 3728 accidant
996 3672 1137 3738 naturae,
1159 3671 1210 3725 ant
1230 3681 1305 3742 qua·

113 3920 131 3968 t.
156 3920 194 3971 Sia
211 3923 266 3984 lleg.
287 3923 309 3972 l.
328 3923 428 3985 Segoer.
448 3930 472 3972 et
489 3921 578 3984 tratre.
598 3929 624 3970 ει
642 3929 665 3970 at
717 3919 790 3985 paolo
816 3926 873 3983 post
898 3909 957 3978 ἥτις
981 3907 1149 3992 eipyddtro.p
1177 3915 1255 3966 Catari
1284 3922 1308 3964 ει

76 3987 153 4037 natat
168 3987 297 4054 Scriptura.
332 3991 376 4040 stit
395 4000 474 4042 antem
493 3998 516 4040 at
534 3990 590 4038 editi
610 3980 633 4038 d.
717 3987 774 4038 editi
791 3977 934 4052 ἐργάζεται
952 3994 975 4037 ει
993 3977 1065 4038 drus
1082 3977 1232 4048 ἔργαζεται.

111 4093 136 4140 Β,
156 4080 241 4142 „3152
260 4073 336 4135 pm
372 4073 567 4146 338223023
586 4073 692 4160 um·
752 4054 944 4118 lt.Siolleg.l.
964 4053 1144 4112 etSegnerian.
1180 4049 1308 4152 ltaliiet

77 4139 282 4278 &flam
302 4163 366 4271 meg
402 4151 508 4202 mm
534 4149 557 4200 5‘
581 4160 665 4196 ’Μ
717 4113 1067 4248 ssprtgmweffiafflss
1085 4173 1307 4233 :attestatae

718 4257 763 4307 Alli
781 4265 804 4306 el
822 4257 896 4306 edlllt)
914 4253 1032 4306 Commel.
1050 4245 1096 4300 καὶ
1119 4243 1169 4300 cled.
1206 4252 1265 4301 lbld.
1283 4251 1308 4300 io

113 4307 140 4356 b·
159 4307 212 4372 1ἴθι·
233 4310 253 4361 l·
272 4311 372 4373 Sltuef·
396 4312 495 4363 G⁰b¹0f·
519 4317 542 4360 0¹
560 4309 665 4360 wilm·
719 4325 802 4376 eoliae
817 4325 916 4388 Segnar.
935 4323 1070 4373 abscissum
1088 4327 1125 4370 est
1142 4319 1227 4370 lolium
1246 4321 1309 4370 inta-v

80 4373 104 4424 t.
123 4365 241 4442 serape.
276 4379 321 4429 snt
346 4387 370 4430 a
393 4381 450 4430 εεε
474 4365 540 4428 etna.
575 4377 667 4427 rossem
719 4405 798 4456 mm,

78 4449 140 4518 ΡΨ
161 4439 242 4513 'ml‘
262 4447 369 4498 melm-
393 4447 417 4498 5·
439 4445 506 4498 'ddi‘
521 4439 568 4496 “l
584 4437 599 4494 ὅ
617 4457 670 4494 Μ·
754 4475 786 4510 m.
805 4461 862 4522 lleg.
879 4460 900 4508 ι.
918 4447 1107 4522 ἐπιγενόμενα.
1144 4455 1206 4506 ttdtn
1223 4446 1310 4510 lutra·

81 4521 134 4574 ¹⁴0
155 4499 265 4580 mim·
719 4521 830 4596 νόμενα.
855 4527 976 4576 llormss.
995 4511 1203 4574 materanos.
1229 4521 1248 4570 F

116 4593 134 4641 i·
165 4595 217 4660 lleg.
242 4599 264 4648 l.
288 4607 312 4648 ει
329 4599 468 4662 Sagaerian.
487 4589 626 4663 εἰργάζετο
646 4605 670 4648 ει
721 4611 776 4648 raro
795 4595 913 4648 Commel.
932 4584 998 4643 αὐτὸ
1017 4580 1094 4644 eoos
