3062 5044
459 91 467 123 Ι

458 351 603 395 errarent
619 352 656 395 rr.
679 351 716 394 nu
739 349 933 396 senariorum
1222 341 1281 405 801

58 523 140 578 cere,
177 507 337 576 tamnen,
366 509 419 585 gui
445 507 601 566 ueritatem
628 503 712 566 cobis
741 501 886 590 locaturus
914 523 997 581 sem,
1024 525 1114 588 quom
1139 509 1245 571 eudmt'
1264 525 1367 573 osaea

57 604 177 670 Petra?
220 607 299 670 ilaec
326 615 424 670 autem
457 623 642 686 nequaqnam
669 605 787 704 divisim
814 606 888 667 iacta
923 617 993 698 spot
1026 609 1105 670 iuxta
1134 619 1282 690 gestarum

57 727 160 770 rerum
183 709 345 798 rationem,
374 709 414 770 ito
436 715 469 770 ut
491 727 565 788 quae
587 727 603 768 a
626 725 752 788 corpore
774 707 896 781 tierent,
926 707 992 770 sine
1014 705 1180 784 divinitate,
1209 733 1284 794 quae

58 819 158 872 autem
180 829 197 872 a
220 810 387 883 diuinitate,
414 811 479 872 sine
501 827 627 890 corpore
649 809 874 888 exhiberentur,
903 811 956 872 sed
983 812 1162 876 coniunctim
1185 816 1284 878 omnia

58 913 232 993 agebantur,
251 921 284 974 et
306 931 383 974 unus
406 919 470 974 erat
490 911 644 986 Dominus,
668 911 718 994 qui
740 931 774 974 ea
795 912 969 974 mirabiliter
989 931 1044 993 per
1066 933 1150 976 suant
1171 917 1283 980 efficie-

57 1017 110 1078 bat
129 1015 264 1096 gratiam.
308 1014 439 1095 Spuebat
460 1014 538 1075 enim
560 1023 594 1075 ut
613 1013 717 1088 homo,
741 1023 860 1094 sputum
876 1023 974 1114 tamen
989 1015 1119 1077 divinum
1135 1027 1206 1087 erat.
1229 1037 1284 1099 per
1363 1020 1387 1076 0

57 1120 157 1199 ipsum
180 1117 290 1198 quippe
322 1135 409 1180 caeco
433 1135 448 1178 a
470 1117 619 1178 nativitate
641 1117 737 1178 risum
760 1118 898 1178 restituit
941 1117 980 1178 Et
1006 1137 1071 1180 corn
1100 1119 1187 1181 vellet
1214 1141 1282 1183 sese
1467 1115 1469 1119 ’

57 1221 152 1282 Deum
174 1219 324 1292 exhibere,
347 1221 473 1281 bumana
496 1218 594 1298 lingue
616 1219 745 1299 idipsum
768 1219 936 1298 significans
959 1219 1070 1282 aiebat:
1092 1221 1154 1302 Epo
1176 1235 1205 1285 et
1221 1223 1367 1286 Pte-naec.

58 1337 223 1386 toronum
245 1341 360 1398 sumus,
384 1322 506 1401 solaque
528 1321 677 1382 voluntate
701 1339 754 1382 sua
777 1321 909 1383 sanabat.
951 1321 1115 1384 Humanam
1131 1324 1200 1386 item
1216 1345 1281 1387 ma·
1332 1397 1338 1412 .

58 1443 131 1485 num
161 1425 323 1486 extendens
353 1441 473 1486 socrum
501 1423 581 1484 Petri
607 1421 821 1486 febricitantem
855 1423 964 1497 erexit,
998 1435 1027 1488 et
1053 1425 1282 1508 drcbieynagogi

56 1526 147 1588 filiam
170 1525 228 1588 iarn
251 1526 417 1587 defunctam
439 1543 456 1587 a
479 1526 604 1588 mortuis
628 1525 790 1588 suscitavit.

52 1849 149 1912 porea
170 1829 330 1892 salvatoris
357 1829 551 1909 respicientes
581 1839 725 1909 negarunt
746 1829 832 1891 iliud:
865 1831 902 1894 In
928 1837 1080 1911 principio
1109 1846 1177 1896 erat
1208 1833 1281 1895 Ver-

53 1935 143 2004 tom,
172 1931 219 1994 alii
240 1951 315 2012 quae
337 1932 499 1994 divinitatis
522 1940 593 1992 sunt
613 1940 778 2012 spectantes
801 1933 1013 2012 ignoraverunt
1034 1933 1121 2002 ittudc
1155 1935 1281 2000 Verbum

52 2051 133 2098 earo
154 2033 345 2113 factumest.
390 2033 441 2096 Vir
462 2042 559 2096 autern
582 2031 676 2094 tidelis
699 2043 728 2094 et
749 2033 957 2113 apostolicus,
980 2053 1088 2114 gnarus
1111 2035 1281 2099 Dominicae

49 2135 254 2214 benignitatis,
278 2135 328 2198 ubi
351 2135 496 2216 conspicit
517 2135 677 2198 divinitatis
700 2136 794 2215 signa,
816 2136 940 2198 miratur
961 2155 1029 2198 eum
1044 2139 1093 2217 qui
1108 2139 1139 2199 in
1155 2157 1281 2219 corpore

51 2239 105 2300 est
125 2237 293 2300 bominum.
338 2237 455 2298 Rursus
477 2255 543 2300 clun
565 2255 616 2310 ea,
638 2237 854 2318 quaecorpcri
877 2247 947 2300 sunt
968 2241 1105 2319 propria,
1138 2241 1279 2316 intuetur,

51 2335 243 2420 obstupescit
264 2339 466 2402 animadversa
488 2341 518 2400 in
540 2339 598 2402 illis
621 2339 781 2420 divinitatis
805 2341 943 2402 efficacia.
986 2342 1139 2404 Eiusmodi
1161 2345 1282 2406 sumsit

50 2441 263 2505 Ecclesiastico
284 2439 369 2513 sides,
392 2440 443 2500 ubi
466 2439 584 2519 quidam
606 2441 733 2501 humana
756 2449 925 2519 spectantes
940 2441 1098 2505 Dominum
1120 2444 1222 2506 rident
1235 2445 1279 2506 si-

50 2547 178 2607 tientem
200 2543 247 2605 rel
269 2542 450 2604 ieborantcm
471 2541 517 2602 aei
538 2541 710 2620 patientem,
734 2551 764 2603 et
778 2531 921 2604 Salvatori
938 2544 1018 2606 velut
1039 2545 1153 2606 homini
1175 2547 1277 2608 obtre-
1354 2533 1357 2540 ⁴

50 2655 145 2719 ctam,
167 2663 348 2724 magnopere
370 2644 489 2723 quidem
511 2651 643 2722 peccaut,
664 2654 794 2723 possunt
807 2651 904 2704 tamen
920 2644 1054 2706 celeriter
1068 2645 1280 2724 poenitentiam

48 2748 171 2826 nqendo
193 2747 308 2808 reniam
333 2745 492 2825 consequi,
522 2763 589 2806 cum
616 2745 744 2807 babeant
764 2764 819 2825 pro
842 2745 1029 2822 excreatione
1051 2745 1279 2810 imbecillitatem

64 2850 205 2928 arpotis.
251 2847 335 2927 [Cum
357 2847 483 2908 manime
504 2846 667 2926 Apostolus
689 2847 802 2908 veniam
826 2847 869 2908 eis
892 2849 1043 2921 concedat,
1066 2858 1096 2909 et
1113 2851 1278 2928 quasima·
1327 2887 1330 2894 ,

50 2969 128 3014 num
150 2951 207 3012 iliis
228 2950 362 3031 porrigat
382 2950 455 3010 baec
476 2947 615 3010 dicendo:
645 2947 762 3012 Reuero
789 2968 931 3028 magnum
958 2962 1005 3012 est
1022 2953 1146 3032 pietatis
1168 2963 1280 3032 myste-

50 3058 154 3124 rium,
182 3051 265 3114 Deus
287 3053 501 3132 munt'festotus
524 3053 761 3130 astituecense]
807 3051 878 3112 Cum
907 3060 1004 3114 autem
1030 3036 1138 3116 rursus
1161 3054 1279 3134 quidam

50 3153 217 3218 divinitatis
245 3173 335 3234 opera
364 3154 587 3216 considerantes
617 3151 816 3215 dubitaverint
842 3154 879 3216 de
908 3155 1045 3234 corporis
1071 3163 1191 3229 natura,
1220 3156 1278 3236 ipsi

49 3275 177 3338 quoque
197 3256 323 3318 maxime
344 3264 479 3336 peccent,
509 3255 588 3335 quod
617 3255 685 3317 licet
714 3273 780 3317 euna
808 3255 927 3316 rideant
948 3253 1151 3319 comedentem
1174 3267 1201 3319 et
1224 3277 1278 3338 pa·

47 3362 200 3430 tientem,
221 3359 396 3438 phantasma
423 3357 616 3419 nibilominus
643 3357 741 3437 ipsum
770 3357 967 3432 arbitrentur;
999 3377 1100 3422 rerum
1128 3359 1186 3420 illis
1209 3360 1279 3421 itena

47 3465 110 3526 cito
137 3460 384 3540 resipiscentibus
407 3459 521 3520 veniam
545 3459 681 3537 Christus
704 3459 814 3521 donare
836 3468 951 3541 potest,
980 3460 1059 3540 quod
1087 3469 1117 3522 et
1145 3460 1203 3540 ipsi
1224 3479 1278 3540 pro

48 3562 247 3628 excusatione
270 3562 397 3624 babeant
419 3562 649 3641 magnitudinem
673 3579 796 3640 operum
823 3561 953 3624 bominis
982 3570 1160 3640 potestatem
1191 3581 1278 3623 exce-

46 3669 199 3730 dentium.
243 3667 351 3728 Verum
373 3671 566 3743 posteaquam
589 3663 783 3741 utrorumque
805 3663 951 3725 inscitiam
973 3672 1003 3724 et
1035 3663 1202 3724 mecitatem
1225 3681 1278 3724 su-

46 3845 244 3904 einmdevetov.
282 3851 343 3901 Editi
369 3859 392 3900 et
414 3851 487 3900 ceteri
505 3851 584 3900 minus
602 3865 642 3899 re·
695 3852 741 3900 tine
760 3849 879 3910 glossema
899 3849 1023 3899 cuiusdam
1042 3850 1103 3900 alins
1122 3863 1190 3908 esee,
1208 3863 1279 3912 quam
1304 3903 1308 3918 ι

46 3935 84 3974 cce
104 3913 181 3970 κατὰ
199 3913 250 3978 τὴν
262 3911 495 3968 ἰδίανπαίδευσιν.
515 3919 574 3968 ibid.
587 3919 642 3968 edit.
693 3917 815 3968 Attianaaii
834 3919 911 3968 rerba.
941 3918 1118 3968 Placuittamen
1130 3931 1156 3968 aa
1167 3920 1280 3977 retinere,

46 3991 174 4042 Commeat.
187 3987 359 4038 adelstani.
376 3981 643 4052 ipcirtoarmeodose.
695 3999 748 4036 curn
774 3985 923 4048 exploratum
947 3988 1046 4036 omuino
1064 4001 1112 4036 oon
1130 3987 1175 4044 sit,
1200 3985 1280 4036 sintne

80 4077 106 4126 d·
128 4065 166 4121 τά
185 4073 253 4121 dem
270 4073 294 4121 jn
313 4075 413 4134 Seguer,
696 4053 830 4112 fldiffliiid,
848 4068 877 4102 ΕΠ
896 4069 950 4103 cum
968 4056 992 4104 in
1011 4054 1064 4106 filiis
1083 4053 1205 4104 tuditibus
1224 4053 1279 4103 Vibio

440 4155 452 4174 ,
483 4162 487 4170 .
556 4157 563 4174 .
625 4157 632 4174 ,
695 4123 830 4172 scribarum
850 4122 938 4171 omissa
958 4123 1075 4178 tuissent,
1100 4122 1129 4171 ad
1148 4123 1218 4171 buius
1236 4137 1280 4171 co-

81 4185 105 4220 ‘·
126 4165 228 4217 G⁰b¹²r·
248 4163 420 4214 ‘ffelcmh
439 4157 520 4241 ‘⁰:¹⁰⁶‘
536 4178 585 4212 ’θ’
601 4177 645 4244 ⁸⁰}
695 4191 755 4240 dicis
781 4189 911 4250 marginem
930 4192 1038 4240 restituta
1057 4190 1119 4254 aint3
1143 4191 1206 4254 quod
1231 4203 1280 4240 non

46 4250 111 4314 ‘'²1⁰''
143 4228 178 4282 τὰ
206 4225 406 4314 ’”ὕ,σώμ““ἳ
429 4245 643 4298 ”²⁰1⁰''m’m‘
693 4257 768 4308 semet
794 4257 903 4307 vidimus.
938 4253 1100 4308 inconibus
1125 4259 1194 4310 editis
1219 4259 1278 4309 beto

43 4318 143 4369 μονον
161 4295 369 4370 φλυαρησουσιν
387 4315 423 4354 ως
441 4311 485 4352 etc.
585 4329 589 4335 -
694 4327 778 4377 eadem
797 4327 923 4375 habemur·

80 4399 99 4446 t.
130 4397 298 4459 ideam-quac
316 4395 409 4446 uncinis
427 4393 581 4444 includuntur
600 4409 642 4444 os·
728 4409 749 4456 g.
769 4395 824 4456 fleg.
849 4395 949 4456 Seguer.
975 4392 1072 4446 Gobier.
1091 4402 1114 4444 at
1131 4395 1235 4447 Feicbm.
1257 4395 1278 4445 1.

45 4481 95 4530 qua
115 4465 151 4514 ad
169 4456 200 4511 ir
216 4457 311 4530 σαρκί,
331 4465 354 4513 in
373 4463 446 4514 unitis
464 4462 587 4511 codicibus
606 4463 642 4512 ta·
694 4454 854 4510 decedebat.
889 4463 979 4525 Anglic.
998 4471 1021 4526 et
1036 4463 1052 4512 F
1055 4461 1140 4514 etaim.
1151 4463 1173 4513 2.
1187 4457 1279 4512 διστά-

46 4541 144 4596 guntur
163 4541 331 4596 praeterquam
350 4532 374 4582 in
393 4531 498 4580 Fcicbm.
511 4529 534 4578 2.
554 4531 593 4580 ubi
612 4531 641 4580 ad
693 4527 767 4587 ἔωσι
804 4530 876 4580 basil.
901 4538 924 4581 et
947 4531 1004 4581 edit.
1029 4531 1105 4582 Paris.
1123 4525 1279 4588 morosum.

46 4603 190 4663 marginem
209 4608 264 4649 eunt
281 4601 384 4664 scriptu
404 4598 641 4664 underidcntorpo·
693 4599 755 4650 Edit.
774 4599 891 4651 Commet.
909 4591 1075 4658 διστάξουσι.

82 4690 219 4730 brunnen
231 4697 283 4731 ore.
297 4697 370 4732 ocor.
381 4698 431 4730 ιιι.
1042 4685 1072 4736 51
