3032 5048
450 353 595 398 arserant
609 353 647 398 rr.
662 355 699 398 sn
715 353 911 400 serarianas.
1226 341 1285 408 811

8 503 235 584 spiritualia.
281 504 362 579 Quot
383 505 462 568 enim
482 505 654 574 bominibus
677 523 784 586 corpus
807 507 880 570 satis
903 515 983 570 esset
997 509 1034 571 ad
1048 527 1144 585 esum,
1167 519 1200 573 ut
1214 511 1371 576 illudens.
1408 541 1417 552 -

8 608 143 669 totius
172 607 281 670 mundi
301 607 387 668 tieret
407 605 601 674 alimentum?
630 607 688 670 Sed
710 607 778 671 ideo
801 609 935 672 meminit
949 613 1132 678 ascensionis
1147 613 1213 674 lilii
1227 613 1285 674 ho-

8 709 140 770 minis
169 707 205 770 in
228 707 350 780 melum,
373 717 404 770 ut
426 727 443 770 a
464 709 610 788 corporali
632 696 810 789 cogitatibus
823 711 908 791 ipsos
924 713 1094 789 retraheret,
1117 721 1202 795 atque
1217 714 1286 778 binc

13 810 248 884 ediscerent,
281 828 399 878 carnem
421 811 458 873 de
479 827 537 890 qua
557 810 698 890 loquutus
720 813 832 886 luerat,
863 813 961 876 cibum
991 815 1167 897 esnpemis
1189 817 1286 880 caele-

15 921 125 974 stem
153 919 189 975 et
212 911 394 992 spiritualem
418 911 587 976 alimoniam
608 913 644 976 ab
667 913 732 994 ipso
755 913 829 976 (lari.
872 914 947 978 Nam
968 935 1043 998 quoe
1061 917 1286 999 loquuturum

16 1017 148 1087 vobis,
176 1013 284 1094 iuquit,
308 1019 436 1097 spiritns
459 1027 488 1078 et
509 1019 572 1077 vito
594 1026 675 1078 snat.
716 1014 809 1089 Quod
830 1016 954 1096 perinde
977 1025 1024 1080 est
1050 1037 1083 1080 ac
1112 1019 1138 1080 si
1159 1018 1284 1083 diceret:

20 1165 46 1190 ‚,
59 1115 164 1196 quod
189 1117 359 1180 ostenditur
382 1126 411 1179 et
433 1116 519 1179 datur
539 1135 594 1197 pro
616 1116 718 1180 mundi
738 1117 846 1192 salute,
868 1135 937 1180 caro
961 1124 1023 1193 est,
1046 1138 1133 1198 quam
1155 1138 1208 1200 ego
1230 1141 1283 1200 ge-

20 1265 46 1292 „
60 1228 148 1294 sto,
183 1219 240 1282 sed
269 1220 344 1282 haec
363 1219 449 1281 robis
473 1236 539 1280 oum
561 1217 626 1280 eins
649 1219 793 1298 sangnine
815 1238 831 1282 a
852 1238 901 1282 me
924 1219 1117 1299 spiritualiter
1139 1240 1207 1284 esca
1228 1223 1284 1287 da-

22 1320 181 1395 ‚,bitur,
218 1321 258 1382 ita
285 1330 317 1383 ut
345 1321 418 1384 haec
438 1319 630 1400 spiritualiter
651 1320 808 1400 unicuique
829 1321 991 1396 tribuatur,
1025 1330 1055 1386 et
1081 1323 1131 1384 liat
1159 1324 1282 1404 singulis

25 1431 221 1496 „tutamen
243 1422 274 1484 in
295 1416 544 1485 resurrectionem
566 1422 642 1484 ritae
663 1427 834 1484 aeternae.“
877 1422 928 1485 Sic
948 1431 979 1485 et
992 1423 1205 1488 samaritanam
1219 1425 1282 1487 llo·

23 1524 153 1586 minus
179 1523 357 1588 abstrahens
386 1543 402 1584 a
429 1523 619 1586 sensibilibus
642 1523 735 1584 Deum
758 1524 832 1587 dixit
852 1543 921 1588 esse
943 1525 1101 1606 Spiritum,
1134 1534 1167 1588 ut
1193 1527 1281 1590 dein-

24 1645 117 1706 ceps
145 1625 281 1688 illa·non
303 1625 497 1704 corporaliter
518 1625 572 1688 sed
594 1623 786 1705 spiritualiter
813 1625 851 1688 de
874 1626 935 1688 lleo
964 1627 1115 1708 cogitaret
1159 1629 1209 1690 Sic
1228 1629 1279 1690 iti-
1328 1615 1329 1620 ἵ

27 1707 115 1788 dem
142 1727 296 1808 Propheta
317 1743 384 1789 cum
406 1726 500 1788 Deum
523 1743 641 1788 minem
662 1727 770 1789 lactum
785 1727 1043 1809 contemplaretur,
1065 1729 1120 1791 ait:
1144 1729 1281 1810 Spiritus

28 1830 145 1908 (aciei
166 1841 294 1892 nostroe
310 1828 448 1892 Christus
468 1828 627 1904 Dominus,
649 1846 688 1890 ne
710 1829 776 1910 quis
799 1847 834 1892 ex
856 1849 903 1903 eo,
926 1829 1006 1910 quod
1027 1831 1195 1910 apparebat,
1217 1830 1279 1893 Dc-

28 1929 166 1992 minum
191 1920 258 1991 ess'c
280 1947 395 1991 merum
417 1929 567 1992 bominem
590 1929 786 2003 existimaret,
819 1930 965 1994 sedilum
988 1931 1132 2013 Spiritum
1153 1932 1278 2007 audiret,

28 2031 146 2093 Deum
168 2039 433 2110 agnosceretesse
456 2049 533 2104 eum,
556 2029 658 2111 quiin
681 2049 807 2111 corpore
828 2039 919 2094 esset.

136 2335 188 2398 20.
232 2335 354 2398 Planum
376 2335 475 2414 itaque
497 2343 655 2413 utrumque
677 2335 775 2408 luerit,
797 2355 875 2413 eum,
898 2341 947 2418 qni
963 2339 1120 2402 [lominum
1141 2339 1222 2405 ridet
1237 2339 1359 2406 deant.

36 2455 74 2498 se
99 2435 325 2510 disserentem,
354 2437 380 2498 si
403 2443 515 2498 tantum
538 2434 703 2516 corporalia
726 2439 789 2499 eius
812 2447 926 2518 spectet
947 2448 978 2502 et
997 2459 1059 2502 non
1081 2441 1206 2502 medens
1229 2440 1277 2503 dl·

42 2545 109 2600 cat:
141 2535 222 2601 Unde
244 2538 313 2601 hnic
334 2542 394 2600 r'otc
416 2535 589 2619 snpientia?
616 2555 740 2616 pemmo
767 2539 886 2618 qudem
908 2549 938 2603 et
958 2551 1097 2622 tanquam
1119 2542 1151 2604 in
1172 2541 1278 2605 Filium

44 2829 109 2878 nesii
127 2827 159 2878 ad
179 2841 252 2878 sonu
279 2841 361 2878 rernm
378 2827 534 2892 Aegyptiacae
551 2824 635 2878 Eccle-
686 2840 739 2877 raro
763 2825 898 2878 bilitionem
922 2823 980 2894 [ilil.
999 2828 1087 2878 Pictas.
1112 2827 1176 2894 opp.
1198 2828 1274 2880 Poris.

45 2898 98 2946 siae
117 2895 239 2945 immutata
264 2896 324 2946 fides
350 2903 393 2946 eat.
429 2895 515 2944 Verum
539 2893 634 2944 comiti
688 2891 775 2958 1693]
794 2909 858 2945 nom.
874 2895 915 2945 5¹1.
933 2903 956 2946 et
973 2909 999 2946 se
1018 2895 1138 2946 uentibus.

46 2971 160 3013 notorem
178 2963 291 3014 horumce
308 2963 412 3014 breviter
436 2977 483 3012 non
510 2963 585 3021 ierat,
611 2968 636 3012 et
719 2978 740 3012 ι.
760 2964 817 3025 ling.
835 2969 860 3013 et
877 2963 1008 3026 Segetae
1051 2954 1178 3032 oriporo'r.

46 3031 139 3094 alioqui
156 3033 297 3096 saepissime
306 3046 347 3082 res
361 3033 448 3093 agitata
461 3031 541 3090 luerit,
560 3045 633 3081 annm
719 3030 742 3080 b.
761 3031 802 3090 Sic
814 3031 870 3112 hep.
881 3031 980 3094 Segoer.
993 3031 1238 3100 Gobler.,etielelm.
1250 3033 1272 3084 1.

48 3098 177 3148 alternare
200 3101 304 3150 sullicirt
333 3114 360 3150 ex
383 3098 477 3149 lsidoro
500 3113 531 3162 ap
551 3113 632 3148 onere.
684 3097 746 3148 Editi
764 3113 819 3149 sero
842 3089 909 3168 ιιπὲρ
935 3096 983 3147 τοῦ
999 3093 1104 3167 κόσμου
1117 3091 1272 3160 δοθήσεται

48 3163 155 3216 Primum
173 3181 198 3216 ex
216 3167 257 3216 lib.
270 3168 292 3218 l.
310 3168 385 3232 Epist.
402 3167 455 3217 109.
466 3159 511 3214 soi
563 3160 634 3224 imis
682 3161 776 3233 τροφή
795 3168 892 3232 ominis
910 3168 1001 3218 moltis,

47 3229 179 3300 τραπέζης
199 3233 248 3296 τῆς
263 3233 396 3302 μυστικῆς
413 3229 462 3282 τὸν
479 3225 565 3300 ἄρτον
583 3227 633 3282 τὸν
716 3251 737 3286 c.
758 3235 855 3287 Gobler.
874 3244 898 3286 et
915 3235 1020 3287 Felelm.
1032 3235 1054 3288 l.
1071 3234 1268 3302 assentatoriis.

49 3295 151 3358 κοινὸν,
170 3300 248 3369 σῶμα
267 3297 354 3352 ἶδικὸν
371 3301 420 3362 τῆς
431 3293 516 3350 αὐτοῦ
528 3293 632 3368 rupem·
681 3302 738 3364 lleg.
751 3309 774 3352 et
783 3304 883 3365 Segoer.
893 3301 1093 3370 πνευματικῶν,
1113 3306 1193 3356 minna
1205 3315 1271 3355 recto

52 3381 119 3424 oenc
136 3363 298 3438 ἀποφαῖνον.
341 3373 369 3422 tr
393 3375 418 3421 ιἰι
434 3371 531 3434 liertiae
553 3387 633 3420 mereo
681 3371 705 3420 ni
724 3371 804 3422 lellor.
845 3372 906 3424 lbid.
924 3372 981 3435 [leg.
1006 3374 1106 3435 Seruer.
1131 3372 1228 3424 Gabler.
1246 3379 1271 3424 et

52 3455 184 3490 commanem
213 3457 295 3506 ponem
320 3443 438 3506 propriam
462 3441 631 3490 Incomotiom'r
682 3439 786 3490 Fclclrm.
802 3439 824 3490 l.
844 3430 918 3494 offers.
960 3440 1024 3490 Editl
1041 3449 1065 3491 et
1082 3441 1154 3490 ceteri
1172 3433 1217 3494 ola.

53 3506 631 3638 cormeliensemlitle·
716 3508 737 3624 l·
756 3506 1061 3638 ll⁵¹ll,‘¹l⁰¹s⁰lh,¹·
1079 3499 1221 3624 {alten
1245 3575 1271 3625 ι.

54 3635 395 3777 contemmere
418 3589 630 3777 σιιιιῗιιιιιι
680 3643 795 3775 anan
810 3643 874 3776 ιιι·
888 3642 1269 3778 ,neem‘'nttnnn·

56 3779 528 3844 tionispoaeminmdoaeroactifieonter,
545 3779 630 3830 christi
679 3775 787 3843 πνεῦμα
803 3769 965 3842 noenum.
993 3777 1055 3827 Editi
1068 3785 1092 3828 et
1106 3779 1146 3829 alii
1160 3775 1269 3844 πνεῦμα

57 3859 134 3908 corpor
151 3846 194 3894 sins
212 3847 354 3898 dubitatione
368 3851 501 3913 reperimur.
537 3848 630 3906 Quibus
680 3837 825 3913 asperrimo
843 3853 867 3896 et
878 3846 1027 3898 sicGrseonr
1038 3845 1172 3896 llirlremise
1183 3854 1268 3896 tentos.

57 3913 110 3977 qnid
127 3909 247 3977 opertior?
715 3915 731 3964 l.
750 3913 790 3964 Sic
808 3913 864 3964 editi
882 3915 1020 3979 etquidem
1039 3913 1192 3974 coclhrecte,
1211 3913 1267 3976 neg.

87 3982 157 4031 Porro
173 3983 250 4032 minos
267 3989 332 4032 reete
346 3982 414 4034 cord.
426 3983 630 4034 Perronlnsbonc
680 3997 735 4032 vero
754 3982 853 4044 Seguer.
872 3981 970 4034 Gobler.
989 3989 1013 4031 et
1030 3981 1135 4032 Felclm.
1154 3981 1175 4031 l.
1193 3973 1221 4030 ἐκ
1233 3974 1266 4041 δὴ

57 4047 181 4100 Tractatum
203 4049 331 4100 Athanasio
355 4049 510 4102 abiudicavit:
540 4065 568 4100 ex
591 4052 629 4100 his
679 4043 779 4098 rori'roo
803 4043 887 4109 δῆλον
909 4040 945 4098 ἂν
968 4041 1007 4109 εἴη
1037 4042 1133 4098 λοιπὸν
1162 4043 1268 4108 (λοιπὸν

59 4117 130 4178 enirn,
154 4131 209 4182 quoe
231 4117 256 4169 io
279 4119 368 4170 llooito
392 4120 506 4179 diximus,
535 4126 630 4170 canstat
681 4119 749 4169 deest
766 4118 790 4168 in
809 4118 906 4169 Gobler.
925 4118 1109 4178 attolebat.)
1128 4117 1185 4170 reis
1198 4115 1267 4165 πᾶσι

59 4185 104 4234 sios
127 4201 174 4237 esse
195 4201 335 4250 germanam
359 4190 443 4238 letum.
479 4189 530 4246 Qua
555 4187 584 4237 tle
602 4201 629 4238 re
680 4181 712 4234 τὸ
730 4179 757 4235 εὖ
815 4179 903 4235 sistris
921 4181 1020 4251 paror·
1046 4198 1089 4234 οτι
1105 4197 1156 4232 τον
1171 4198 1267 4252 mesor

61 4253 154 4304 cruditos
169 4267 236 4306 nemo
255 4257 301 4306 iarn
318 4257 424 4320 ambigit.
679 4199 849 4324 ὃρῶναέζιαὶ
864 4248 927 4320 περὶ
950 4253 1057 4315 (Gobler.
1076 4261 1100 4304 et
1117 4252 1222 4304 Felolm.
1241 4253 1265 4305 l.

91 4319 113 4369 ln
130 4323 170 4374 loc
184 4331 261 4374 rotem
280 4325 355 4389 opere
364 4325 468 4388 Spiritus
484 4321 579 4372 nomine
589 4322 627 4372 eli·
677 4313 694 4383 ἢ
713 4316 747 4371 τὰ
764 4315 835 4392 περὶ)
859 4315 956 4370 ἑαυτοῦ
974 4314 1173 4388 διαλεγόμενος.
1213 4321 1265 4372 llox

60 4383 164 4440 unitatem
185 4391 270 4442 Christi
294 4405 368 4456 saepe
395 4391 506 4453 intelligit
529 4397 626 4440 sanetas
678 4392 734 4454 Rea.
753 4400 777 4441 et
794 4386 893 4453 Segoer.
912 4383 950 4444 eis
967 4383 1002 4437 τὰ
1014 4383 1166 4455 σωματικά.
1202 4389 1264 4442 lbirl.

62 4449 146 4527 hoctor.
177 4460 242 4520 Orod
261 4461 290 4510 ab
304 4459 394 4510 ffllsrio
408 4462 513 4523 itemque
532 4473 543 4507 a
562 4459 626 4507 mal·
678 4459 734 4521 hog.
753 4461 851 4521 Segosa
871 4459 968 4509 Gobler.
986 4467 1009 4509 et
1020 4459 1123 4510 Felclm.
1136 4459 1158 4508 l.
1175 4451 1266 4523 μόνον

63 4526 90 4568 tu
110 4523 204 4578 ratibor
230 4529 405 4594 sntiqoioribos
429 4527 561 4577 admissum
585 4540 626 4576 ra·
678 4518 845 4590 ἀποβλέπων,
865 4519 965 4594 καὶμὴ
983 4519 1030 4593 (μή
1046 4527 1117 4578 tleest
1134 4527 1264 4586 inhaesi

63 4586 135 4640 terunt
149 4597 216 4646 nostrl
232 4597 256 4646 in
275 4597 426 4648 l’rrelrtlnne
443 4597 473 4646 ad
484 4594 567 4672 hilarii
580 4609 626 4644 no·
677 4596 759 4660 Seru.)
776 4587 1008 4664 πραιετειιόμενιις
1023 4588 1136 4662 λαλήσῃ·
1160 4583 1256 4642 πόθεν-

857 4731 866 4760 8
