3022 5056
448 358 556 404 enarro
572 359 592 403 ι.
609 357 725 402 oneras
740 355 876 402 munos.
1207 343 1273 411 att

83 515 161 578 dendo
185 523 213 576 et
235 510 437 576 deseendendo
464 508 651 585 ministrant,
680 509 718 570 de
738 507 814 570 Filio
843 515 941 572 autem
967 507 1054 572 dieit:
1085 509 1126 573 tn
1146 511 1362 577 edormiunt.

81 633 134 678 een
152 633 240 678 oneo
260 613 443 694 Aspettllei.
487 613 614 692 Insuper
636 629 703 673 mm
717 609 820 690 Angeli
842 609 1021 686 ministrant,
1042 611 1140 674 aiunt:
1162 613 1275 678 llissm

81 735 133 778 sum
151 716 182 778 ad
200 723 236 794 te,
258 725 301 778 et:
323 714 467 777 Dominus
488 712 649 794 praecepit.
692 711 729 773 ιιι
748 711 851 786 Filius,
873 711 943 775 lieet
963 721 997 775 ιιι
1016 711 1108 776 bomo
1130 715 1217 790 dieat,
1240 734 1276 780 sa

79 809 181 882 mnam
200 835 263 880 esso
285 825 315 880 ot
336 815 457 880 venisse
478 815 516 878 ad
538 831 615 896 opus
636 813 850 894 perficiendum
875 819 906 876 ot
926 813 1203 893 administrandum,
1226 823 1274 878 ta-

80 937 133 982 nao
151 929 180 982 ut
197 919 320 982 Verbum
342 925 372 980 et
393 918 490 999 imago
513 916 568 980 ait:
597 917 660 997 Epo
682 920 715 978 in
736 914 830 979 Putre
852 926 882 979 et
902 914 998 982 Potor
1017 921 1051 980 ιἰι
1071 935 1118 981 me
1140 927 1201 990 est,
1229 925 1275 980 et:

82 1021 130 1094 (isi
145 1021 212 1086 uidit
228 1039 282 1094 me,
304 1019 430 1084 Putrem
450 1020 535 1092 oidr't,
559 1027 604 1080 et:
626 1017 720 1082 Peter
740 1021 774 1080 ia
794 1036 840 1080 nea
861 1036 988 1084 mnam
1001 1021 1068 1100 ipm
1079 1019 1156 1098 feeit
1171 1037 1275 1100 operm

79 1121 137 1183 Nam
153 1139 220 1202 quae
238 1123 269 1184 in
291 1123 350 1186 ista
371 1121 509 1184 videntur
529 1120 672 1200 imagine,
695 1137 730 1182 ea
751 1119 818 1200 ipsa
840 1128 912 1182 sunt
931 1119 1029 1183 Patris
1052 1137 1154 1200 opere.
1196 1120 1278 1185 llaec

78 1222 148 1301 igitur
165 1224 227 1286 satis
249 1223 378 1288 suntad
399 1223 532 1286 uerimtis
554 1224 658 1286 hostes
679 1221 796 1301 pudore
817 1221 999 1285 alliciendos.
1045 1220 1134 1295 Quod
1148 1221 1186 1296 si,
1209 1220 1279 1301 qnia

79 1324 193 1404 sobitum
212 1335 257 1388 est
278 1330 492 1408 praestantior
512 1327 625 1406 sottus,
648 1325 755 1388 nolunt
775 1325 852 1386 bane
872 1342 976 1388 vocem
996 1325 1102 1405 [notua
1124 1323 1165 1386 ita
1185 1323 1277 1386 intel-

79 1421 119 1501 ligi
137 1425 165 1487 de
181 1427 268 1504 Filio,
299 1437 333 1492 ut
353 1428 433 1490 idem
455 1428 496 1490 sit
517 1447 551 1490 ae
571 1429 598 1489 si
621 1426 770 1490 dicaretur
791 1426 894 1507 sortus
918 1439 964 1492 eat
985 1431 1015 1488 et
1035 1437 1099 1500 eat3
1127 1423 1174 1488 vel
1196 1423 1278 1505 quod

80 1523 130 1586 eiua
147 1527 353 1593 administratio
376 1529 578 1608 praestantior
599 1527 664 1590 aliis
685 1530 762 1590 iaota
782 1527 888 1600 luerit,
909 1527 953 1588 n'ti
975 1525 1119 1600 diximus,
1143 1525 1198 1589 sed
1219 1525 1370 1589 boen-au·

77 1643 104 1686 eu
122 1628 246 1691 roubulo
270 1629 454 1692 arbitrantur
474 1632 583 1694 ιιιιιιιιι
605 1629 663 1692 dici
684 1627 823 1702 Verbum,
846 1628 921 1690 baeo
940 1628 1049 1690 iterum
1070 1626 1201 1690 breviter
1221 1645 1278 1691 au·

75 1724 148 1803 liant
167 1731 401 1812 quandoquidem
424 1749 499 1810 quae
521 1749 612 1812 supra
633 1729 849 1811 disputavimus
871 1729 929 1790 iam
950 1737 1021 1791 sunt
1042 1727 1136 1790 obliti.
1175 1759 1183 1768 ·

140 2035 186 2098 bl.
227 2034 259 2097 Si
284 2033 377 2097 lilius
400 2051 479 2096 unns
502 2051 536 2095 ex
559 2032 679 2112 Angelis
702 2041 766 2107 ost,
795 2049 889 2112 aeque
916 2031 974 2110 ipsi
995 2049 1030 2094 ae
1048 2029 1107 2092 illis
1130 2030 1204 2092 haee
1224 2045 1284 2090 rex

72 2131 157 2208 [ιιιιιι
176 2136 341 2210 conveniat,
362 2133 496 2214 nibiiquo
517 2143 623 2197 natura
646 2132 682 2195 ab
705 2133 763 2196 illis
786 2133 918 2207 differam
948 2149 1052 2194 vorum
1073 2130 1120 2192 vel
1140 2129 1200 2210 ipsi
1221 2128 1284 2192 sint

72 2231 113 2292 lilii
130 2235 170 2296 rel
187 2235 235 2299 ille
257 2237 301 2300 sit
321 2236 466 2317 Angelus,
491 2253 654 2314 omnesque
675 2235 787 2314 pariter
808 2235 845 2296 ad
866 2235 1017 2296 dexteram
1028 2231 1125 2296 Patris
1147 2229 1282 2304 sedeant,

72 2333 107 2393 rel
126 2352 183 2398 eum
204 2337 345 2402 omnibus
369 2339 494 2401 assistat
514 2355 634 2417 qnoque
662 2336 729 2416 ipso
750 2335 843 2398 Filius
872 2343 1011 2415 tanquam
1038 2332 1163 2412 spiritus
1184 2331 1282 2394 admi·

72 2433 162 2514 nistar,
182 2440 212 2504 iu
232 2441 528 2505 administrationum
550 2445 583 2502 ut
604 2437 647 2500 iili
670 2437 793 2500 missus.
837 2437 874 2498 ιιι
900 2454 972 2498 vero
995 2434 1022 2496 si
1043 2433 1153 2496 Paulus
1173 2431 1283 2494 Filium

70 2535 178 2603 arabus
198 2543 286 2606 laetis
308 2544 392 2606 hisee
413 2541 511 2605 verbis
534 2539 733 2604 discriminat:
757 2539 814 2601 Cui
833 2541 911 2600 entire
925 2535 1110 2618 Anpaiorttnt
1131 2535 1285 2598 domitam·

72 2655 159 2716 lton:
184 2644 283 2709 Filena
304 2664 387 2708 metas
410 2663 442 2708 es
465 2641 523 2706 tui
550 2649 707 2722 praeterea
736 2639 763 2700 si
791 2639 904 2702 eaelum
931 2638 980 2700 ille
1009 2644 1038 2698 et
1059 2645 1171 2698 terram
1192 2639 1284 2708 creat,

69 2735 145 2819 hique
164 2745 198 2807 ab
218 2765 257 2810 eo
282 2747 366 2821 liunt,
391 2747 417 2808 si
439 2744 488 2808 ille
510 2763 577 2806 oum
598 2743 687 2804 Patre
709 2740 804 2814 sedet,
830 2740 862 2802 bi
883 2747 982 2801 autem
1003 2737 1208 2799 ministrantes
1230 2752 1285 2796 es·

70 2841 178 2920 sistmt3
204 2849 257 2910 oni
281 2867 343 2912 non
364 2847 556 2928 perspicuum
580 2851 644 2918 est,
666 2857 853 2922 nequaquam
875 2839 912 2901 de
933 2837 1022 2900 Verbi
1043 2835 1209 2899 substantia
1229 2851 1286 2896 vo-

70 2959 121 3006 tem
140 2949 239 3026 sonus
261 2949 388 3029 intelligi
410 2949 447 3012 ab
468 2946 623 3028 Apostoio‚
647 2944 703 3008 sod
724 2944 762 3006 do
783 2940 1051 3012 administratione,
1074 2955 1149 3018 quae
1167 2941 1289 3018 peraeto

69 3061 114 3122 per
132 3047 224 3128 ipsum
247 3049 320 3114 esti
349 3051 423 3113 Nam
447 3046 707 3129 quomadmodum,
729 3062 796 3108 eum
819 3051 903 3106 esset
922 3041 1060 3114 Verbum,
1086 3057 1157 3102 caro
1177 3039 1288 3100 iaemm

67 3157 119 3220 ιιι,
147 3148 185 3212 ιιι
212 3154 312 3214 laeuus
339 3151 430 3214 bomo
457 3157 541 3212 tanto
563 3148 765 3230 praestantior
791 3145 823 3208 in
844 3141 1101 3208 administratione
1121 3143 1217 3206 lactus
1240 3144 1290 3202 eet

69 3245 186 3326 dapem,
215 3260 361 3334 qnantum
382 3251 461 3316 libus
483 3271 500 3314 a
521 3251 617 3315 servis
647 3258 678 3312 et
699 3249 798 3329 opifex
821 3247 857 3310 ab
880 3245 1021 3325 operibns
1044 3243 1154 3306 differt
1197 3239 1289 3303 Desi-

68 3357 129 3410 nant
147 3352 244 3434 itaque
266 3373 372 3417 voeem
394 3355 498 3436 suetus
521 3353 559 3414 do
579 3359 686 3414 netura
706 3350 773 3414 Filii
795 3347 1000 3428 interpretari.
1023 3363 1079 3408 neo
1101 3343 1291 3406 enimenta

70 3448 146 3513 rebus
165 3455 269 3531 laods3
293 3456 348 3520 sed
369 3463 534 3536 agnoscant
553 3454 614 3516 boe
633 3451 777 3515 uocabulo
800 3453 902 3532 {natus
924 3451 1030 3512 laeena
1051 3443 1211 3526 significari
1231 3441 1289 3504 ad-

69 3551 307 3621 ministrationem
330 3566 361 3620 et
382 3556 646 3638 dispensationem.
691 3553 849 3627 Quomodo
867 3559 965 3614 autem
979 3545 1181 3630 praestantior
1195 3545 1291 3606 laetus

95 3785 113 3832 t·
129 3775 171 3826 Sir.
184 3779 290 3894 εἴβοι.
308 3778 350 3842 qni
368 3791 424 3828 mou
440 3791 494 3828 eum
513 3775 648 3828 subteneo
734 3773 751 3824 ι.
770 3773 810 3824 Sir
828 3771 927 3834 Segner.
947 3775 971 3818 at
988 3767 1044 3830 bap.
1081 3764 1160 3816 Ceteri
1176 3765 1293 3811 autemst

67 3834 191 3894 tetelml.
275 3836 360 3909 αιἰτῷ.
389 3845 433 3896 atii
453 3852 476 3895 et
494 3843 551 3894 aditi
569 3835 648 3892 ἔσται
700 3841 757 3892 editi
774 3837 832 3888 teir
849 3838 969 3888 omittunt.
1005 3835 1057 3884 ilor
1075 3846 1134 3882 mss.
1149 3821 1194 3877 aad
1212 3837 1294 3878 aeros

64 3899 103 3982 aar?
118 3899 155 3957 ἐπ’
174 3903 274 3963 αὐτοῦ.
309 3911 384 3964 Ptolo
402 3903 650 3978 portstraet-auat
699 3903 759 3975 μέν.
794 3907 857 3957 ιιιιιιι
874 3897 921 3954 καὶ
938 3893 1021 3954 odrdt·
1036 3895 1096 3966 plo.

65 3985 148 4035 ΜΨ·
735 3995 772 4043 ιιι.“
788 3991 888 4055 Segoer.
903 3980 1139 4055 nuptmt'stwm'·

64 4105 84 4156 ιι
92 4041 169 4162 haustuic
178 4047 302 4164 05²2:ss
315 4044 651 4192 {⁶2002‘1F‘11sstffszguss‘
737 4099 761 4136 ιι.
780 4083 821 4134 Sic
838 4083 938 4146 Segner.
973 4077 1002 4126 ιι
1019 4075 1060 4126 alii
1079 4071 1168 4124 etedlti
1179 4061 1292 4136 ἐλέγετο.

64 4175 152 4229 Gobler.
170 4187 195 4230 et
212 4181 355 4232 felalmao.
371 4183 393 4233 ι.
410 4175 458 4230 atei
475 4193 560 4230 outae.
587 4179 652 4230 aditi
736 4191 760 4226 o.
778 4173 879 4254 Sapaer.
903 4161 1010 4221 tettan
1033 4157 1134 4221 tutte
1151 4158 1198 4215 aad
1214 4155 1230 4211 d
1248 4157 1297 4224 aa·

63 4241 206 4322 tliiuaaurtoi
217 4238 309 4299 edroi.
328 4249 403 4300 Panlo
413 4249 652 4314 postbtsilmupe·
701 4255 836 4320 pttoopyer
852 4240 909 4288 teir
927 4228 1197 4302 tqpuopyooptuov.
1220 4233 1294 4284 liesil.

63 4309 281 4370 wdadtodorm.
703 4319 728 4362 et
745 4309 836 4372 bnglre.
846 4297 1132 4384 δεδημιουργημένων.
1151 4301 1257 4352 Felolm.
1269 4299 1295 4352 li.

93 4380 106 4426 i.
130 4382 233 4444 Sessar.
262 4385 319 4447 ileu.
341 4391 368 4436 et
390 4382 497 4436 Felelm.
516 4383 541 4434 b.
563 4395 652 4447 nepo·
703 4379 768 4430 stile
785 4371 1064 4450 ,δημωυργηματωιι
1091 4371 1154 4422 Editi
1162 4364 1297 4436 δημιουρ-

65 4443 185 4504 πιών.
704 4461 739 4512 γη
775 4457 846 4507 νων;
866 4443 990 4493 mendose.
1025 4439 1085 4490 lbtd.
1099 4439 1201 4501 sepner.
1223 4435 1295 4487 Gobi-

94 4513 451 4580 mompsuesteno.
471 4518 653 4570 etielelmd.
705 4523 730 4566 et
753 4512 858 4564 ielelm.
879 4511 900 4560 ι.
926 4499 1144 4560 παυσάσθωσαν.
1186 4504 1250 4556 saio
1271 4508 1301 4553 ot

67 4577 105 4631 lli
122 4592 145 4636 et
162 4587 224 4638 aditi
244 4579 420 4642 atelebos
437 4579 544 4654 ὁμοίας.
616 4625 624 4660 :
706 4581 747 4634 atti
764 4573 958 4631 καιέσθωσαν.
1072 4624 1076 4634 ,
