3122 5060
491 355 601 400 curro
615 355 660 400 ιιι.
675 354 941 402 conscensuros.
1080 335 1082 348 '
1247 319 1309 407 ddi

87 513 190 581 „terre
211 504 251 570 sit
272 504 371 568 trem?
393 505 552 580 Quomodo
575 525 645 570 vero
660 507 741 587 quod
755 505 797 568 nu
813 507 944 570 nammis
960 507 1056 572 estob
1072 527 1106 572 eo
1121 505 1394 574 decessionem.
1485 563 1493 580 ,

86 609 168 673 Tunc
188 607 268 670 enim
290 626 359 671 earo
380 608 418 686 ed
439 607 609 672 huiusmodi
631 627 774 690 nupecenr
795 609 976 674 hoereticum
991 618 1095 690 posset
1107 611 1308 692 respondere:

86 711 172 790 „Epo
195 709 314 790 quidem
336 729 372 774 ex
394 718 470 773 terre
492 730 560 774 sum
581 711 745 774 seeundum
775 719 910 774 uenirem
937 711 1089 787 mortuiis,
1121 713 1174 776 sod
1202 723 1309 794 postes

86 811 197 886 „Verbi
220 829 289 874 cero
311 813 387 876 ruo
409 831 494 887 sum,
522 813 601 892 qnod
630 831 711 877 mess
738 813 912 876 affectiones
934 814 1054 876 temetsi
1077 833 1180 878 esrum
1201 833 1309 898 expers

86 914 248 995 „portavit
269 913 375 994 trisque
395 913 460 995 ipse
480 912 578 978 libere
599 915 704 978 steen
725 933 802 989 snm,
825 933 881 978 uec
902 915 960 978 ism
976 915 1116 995 deinceps
1132 915 1190 978 iilis
1206 917 1306 981 servio

87 1015 152 1088 „ob
172 1014 347 1090 nomnen,
370 1017 421 1097 qni
442 1035 491 1081 me
513 1015 550 1079 eh
571 1015 678 1078 iisdem
700 1015 845 1080 liberarit.
889 1017 962 1080 Nem
985 1018 1012 1080 si
1034 1037 1082 1102 me
1103 1017 1308 1098 reprehendis,

85 1117 189 1198 „quod
211 1135 228 1179 o
249 1118 375 1182 nemesii
398 1119 589 1199 emptione
610 1120 718 1184 fuerim
739 1115 872 1192 theron,
896 1120 963 1182 vide
985 1139 1023 1182 ue
1039 1120 1127 1183 etiarn
1141 1121 1307 1200 reprehen-

85 1219 176 1294 „des,
196 1220 277 1300 quod
297 1219 351 1282 Dei
375 1221 502 1284 Verbum
523 1239 619 1284 meam
641 1221 794 1284 servitutis
817 1223 943 1284 formem
965 1223 1121 1304 acceperit.
1166 1222 1203 1286 Ut
1226 1224 1305 1286 euim

111 1321 374 1384 constructo
393 1341 520 1404 corpore
541 1323 632 1386 honio
655 1331 702 1386 est
722 1325 826 1398 tectus,
848 1323 889 1388 ito
909 1343 965 1386 nos
988 1323 1125 1387 homines
1147 1343 1201 1404 per
1213 1324 1304 1388 terni

87 1441 232 1498 „curnem
258 1425 385 1488 assumti
413 1424 505 1488 divini
532 1423 568 1488 nb
595 1444 631 1487 eo
661 1423 805 1489 efficimur
833 1434 1028 1505 aeternaeque
1056 1427 1132 1489 rins
1159 1428 1307 1492 heoredes

86 1525 142 1598 „in
162 1533 317 1606 posterum
337 1535 476 1591 sumus.“
1095 1544 1099 1550 ·

166 1629 218 1692 35.
262 1627 342 1690 ilaec
362 1629 493 1708 primunr
515 1629 683 1709 expendere
702 1647 829 1692 neccsse
851 1627 915 1702 init,
938 1637 971 1692 ut
993 1630 1019 1691 si
1041 1630 1198 1693 Dominum
1220 1631 1391 1694 ride-rme.

80 1727 173 1792 rimus
197 1730 243 1792 sui
265 1731 402 1810 corporis
431 1731 631 1794 instrumento
661 1730 772 1810 eliquid
801 1729 899 1820 dirius
919 1739 1055 1810 egentem
1078 1742 1128 1794 eut
1148 1732 1306 1806 dicentem,
1337 1731 1340 1740 '

80 1831 314 1906 meminerimus,
337 1851 409 1894 enm
426 1833 502 1896 cnm
516 1832 595 1894 Deus
618 1831 737 1896 sitista
760 1831 888 1894 efficere.
923 1831 955 1893 Si
973 1849 1045 1894 vero
1059 1851 1164 1895 rursus
1179 1833 1306 1896 eundem

80 1933 243 1996 riderimm
265 1934 394 1996 humone
416 1953 501 1996 more
521 1932 602 2014 loqui
625 1943 656 1996 et
682 1934 760 2014 peti,
795 1951 856 1996 non
885 1934 1075 2012 ignoremus,
1108 1931 1190 1996 illum
1219 1951 1307 1998 cerne

79 2034 183 2098 induto
202 2036 313 2098 fectum
333 2055 403 2099 esee
425 2037 595 2110 hominem,
625 2035 726 2115 sicque
755 2035 803 2098 ills
825 2045 855 2097 et
876 2053 964 2115 egere
986 2045 1016 2098 et
1037 2036 1129 2116 toqui.
1172 2035 1206 2098 Si
1227 2037 1307 2100 enim

79 2138 156 2216 quod
192 2137 345 2217 utriusqus
376 2138 529 2218 proprioru
563 2143 611 2200 est
642 2136 866 2217 perceperimus
894 2146 924 2199 et
954 2145 1079 2217 unoque
1107 2138 1145 2200 eb
1172 2157 1232 2200 uuo
1259 2138 1305 2218 egi

79 2238 364 2302 consideraverimus
387 2249 418 2301 ct
437 2237 680 2314 intellexerimus,
703 2249 783 2302 reon
804 2240 940 2319 protecto
956 2239 1012 2300 erit
1026 2239 1099 2328 tides
1115 2246 1228 2313 nostro,
1251 2257 1308 2302 nec

79 2357 210 2420 unquern
231 2341 363 2403 futuroru
385 2350 433 2404 est
453 2351 486 2404 nt
504 2359 654 2404 ,erremus
690 2342 727 2402 tt
749 2339 775 2402 si
797 2341 863 2418 quis
885 2339 944 2414 his,
967 2357 1043 2420 quse
1058 2359 1075 2401 o
1090 2339 1187 2402 Verbo
1210 2339 1307 2403 divino

79 2441 166 2517 flunt,
191 2442 361 2523 conspectis
383 2441 448 2505 eius
471 2459 581 2522 corpus
603 2442 771 2522 negaverit,
794 2441 841 2502 rel
862 2441 888 2502 si
910 2459 955 2514 eo,
979 2459 1053 2521 quse
1075 2441 1210 2520 corporis
1232 2459 1305 2522 pro·

77 2543 141 2622 pris
168 2555 256 2619 sunt,
286 2544 412 2607 intuitus
440 2563 618 2624 corporeum
647 2541 735 2605 Verbi
762 2543 919 2605 adrentum
948 2560 1040 2606 susus
1061 2541 1150 2604 suerit
1171 2543 1306 2618 iudeiori,

77 2653 129 2705 sut
148 2665 186 2708 ex
208 2646 345 2708 homenis
373 2646 467 2726 gestis
495 2646 608 2707 abiecte
637 2646 674 2706 de
702 2643 799 2706 Verbo
830 2644 976 2716 senserit,
1008 2643 1058 2704 isti
1080 2659 1139 2704 non
1163 2662 1249 2706 secus
1272 2663 1306 2707 ec

76 2744 197 2810 ludoico
219 2747 344 2827 cauponi
366 2747 466 2810 vinnm
481 2765 547 2810 cum
563 2765 638 2827 eque
652 2743 791 2808 miscenti
805 2763 877 2806 crux
893 2743 1063 2806 scandalum
1078 2745 1145 2817 erit,
1168 2743 1306 2826 idemque

77 2847 188 2911 Gentili
212 2849 317 2912 similis
339 2849 587 2929 praedicationem
600 2840 767 2909 'stultitiam
793 2863 862 2908 esse
889 2844 1039 2920 censebitq
1068 2845 1147 2925 quod
1171 2844 1229 2908 iem
1250 2845 1304 2909 Dei

74 2947 227 3012 hostibus
245 2951 362 3014 monis
394 2951 515 3025 eccidit,
550 2951 601 3031 qui
629 2949 770 3012 nimirum
800 2947 838 3010 ob
866 2949 1013 3009 hurmouos
1036 2947 1198 3010 Sdretoris
1220 2957 1304 3012 ectus

74 3061 209 3114 mestum
230 3071 299 3115 eom
321 3073 390 3116 esse
411 3051 544 3116 arbitrati
567 3062 645 3115 sunt
689 3049 800 3125 Quidni
822 3049 912 3130 igitur
934 3049 1021 3112 etiem
1044 3049 1082 3111 ob
1105 3049 1203 3112 divino
1224 3051 1303 3114 itlius

75 3171 171 3233 opere
194 3153 258 3217 cine
279 3156 415 3236 eorporis
437 3156 675 3236 procreationem
697 3152 878 3233 negaverint,
902 3169 1029 3230 seseque
1051 3152 1193 3232 deinceps
1206 3151 1303 3214 Meui-

73 3253 180 3317 chseis
204 3255 411 3320 adiunxerint?
432 3258 541 3320 Verum
563 3258 608 3319 vet
629 3257 732 3320 settene
755 3275 824 3318 sero
846 3253 888 3316 illi
911 3253 1029 3335 quidem
1044 3254 1161 3318 discent
1175 3253 1304 3318 Verbum

72 3377 197 3422 carnem
220 3342 288 3423 esse
314 3360 438 3433 tomum
466 3378 523 3422 uos
551 3369 648 3422 summ
675 3359 743 3421 fidoi
766 3375 891 3437 scopum
913 3357 1075 3420 retinentes
1097 3375 1303 3436 agnoscemus,

74 3511 129 3574 deq.
149 3523 174 3562 et
185 3515 288 3580 Sequor.
301 3506 531 3580 προεξητᾶσαμεν,
551 3523 576 3564 nt
594 3523 617 3564 et
628 3515 663 3564 le·
714 3513 740 3563 ln
766 3513 818 3564 otiis
844 3519 867 3562 et
891 3509 960 3560 editis
985 3511 1052 3561 deest
1077 3502 1100 3570 ἦ.
1137 3511 1188 3590 Mons
1208 3513 1261 3574 ssep.
1280 3511 1303 3560 i.

74 3581 106 3641 git
124 3581 252 3646 interpres
276 3583 340 3645 epod
359 3583 449 3632 Cuncti.
473 3585 582 3632 Letereu.
607 3597 662 3632 uem
715 3583 814 3643 Sequor.
840 3579 1104 3630 contererentur.
1126 3579 1146 3628 1.
1166 3593 1181 3656 :1
1200 3571 1304 3654 textor

74 3649 210 3702 sictsbet:
229 3651 291 3700 Hoec
308 3657 376 3702 outre
393 3653 523 3702 necessario
543 3654 663 3702 crumino·
715 3641 907 3714 ἀνθρωπίνων.
951 3647 996 3696 tui
1024 3655 1048 3696 et
1077 3647 1133 3696 editi
1162 3662 1176 3704 η
1204 3659 1249 3695 και
1274 3637 1304 3694 det

72 3717 154 3770 rimor.
190 3717 238 3768 stit
256 3725 335 3767 entem
354 3726 377 3767 et
388 3719 460 3768 editio
471 3719 663 3786 Commetnpo-
714 3715 770 3764 τῶν
788 3725 833 3767 ete.

71 3779 251 3864 εζητῇσαμεν.
286 3785 346 3836 item
363 3786 451 3836 ibidem
464 3776 660 3850 currisset-ct
748 3787 763 3833 i.
789 3785 845 3846 Rep.
866 3783 887 3830 t.
906 3780 980 3831 codex
1000 3790 1023 3830 et
1040 3781 1139 3843 Sepeer.
1159 3772 1301 3849 φρονήσει.

72 3845 472 3922 ὄργανον....,.ιιράττονια
499 3847 514 3913 ἢ
541 3849 662 3918 λέγοντα.
714 3853 758 3904 rtis
777 3860 801 3900 et
818 3851 873 3902 editi
893 3845 1029 3915 rpperq'cp.
1140 3909 1148 3926 Ι

72 3921 165 3972 Concit.
186 3923 298 3972 tereres.
323 3923 380 3986 tegit
402 3937 498 3986 quoque
516 3913 569 3984 ⁰553
594 3923 665 3972 hehet
749 3920 770 3968 k.
790 3915 846 3980 itep.
864 3919 885 3966 t.
911 3926 934 3966 er
957 3917 1057 3979 Sequor.
1082 3925 1188 3984 νομισῃ.
1225 3915 1303 3966 Ceteri

71 3991 134 4040 euim
160 4005 218 4042 esus
240 3997 348 4054 tunquam
363 4005 405 4055 per
422 4005 531 4054 erponem
546 3993 665 4055 proprium
715 3995 739 4036 et
757 3987 812 4037 editi
830 3999 862 4032 νο
886 3980 947 4033 dore.
984 3984 1075 4034 ibidem
1095 3985 1302 4064 neptetsepp.

70 4073 154 4122 corpor
174 4067 225 4108 ere.
260 4057 311 4108 ttox
336 4067 393 4122 post
419 4049 560 4123 ἐργάζεται
577 4058 665 4108 desiuit
716 4047 752 4108 dr
769 4045 843 4102 δὲ”Ε
874 4047 1041 4118 repostae.
1076 4053 1120 4102 nn
1145 4061 1168 4102 et
1192 4051 1248 4100 editt
1267 4065 1304 4104 wc

71 4125 109 4176 hic
128 4127 206 4177 iocos
224 4125 286 4190 epod
306 4125 428 4188 cyrillum.
716 4117 746 4171 dd
763 4113 858 4182 ”unqu
882 4113 922 4170 ὢν
944 4121 1061 4200 pomptus.
1097 4119 1148 4198 tter
1168 4119 1223 4181 nep.
1240 4119 1261 4169 l.
1280 4129 1303 4170 et

102 4210 125 4256 p.
144 4195 191 4244 Sic
212 4193 269 4254 tter.
280 4194 302 4243 t.
320 4197 421 4256 sepner.
439 4193 535 4242 notter.
547 4193 664 4244 etFetck-
716 4191 816 4254 Segoer.
832 4183 1032 4254 Ἅρεωμανιται
1048 4187 1211 4236 menendum.

69 4264 152 4312 menei
175 4265 204 4312 l·
245 4267 274 4310 tt
295 4261 336 4318 etii
361 4271 384 4310 et
410 4261 465 4311 editi
488 4256 535 4308 scd
557 4253 663 4310 odricus.
749 4261 764 4310 Ι.
783 4260 824 4310 Sic
841 4259 933 4320 itept.
953 4265 976 4306 et
994 4257 1094 4318 Seguer.
1111 4261 1149 4306 ,u
1159 4255 1199 4304 otii
1212 4263 1235 4305 et
1245 4256 1302 4306 editi

69 4327 165 4380 niuem
192 4337 251 4394 post
267 4321 502 4393 uquoqedpece
520 4330 607 4380 desinit
626 4331 665 4380 tric
715 4331 828 4378 omittunt
848 4323 897 4373 rori
921 4317 1013 4406 idpou.
1037 4323 1102 4402 qiton
1124 4325 1210 4384 florius
1231 4325 1252 4374 t.
1279 4333 1302 4374 et

69 4397 138 4448 torus
157 4398 185 4448 io
207 4395 303 4460 Senem
322 4395 357 4446 Vl.
376 4405 399 4447 et
411 4399 435 4448 io
453 4397 663 4448 Concittstersn.
714 4387 869 4457 sequensei
886 4389 983 4440 λοιπον
1000 4387 1226 4458 accidentalem.
1255 4393 1301 4443 Ce-

69 4463 120 4514 ttox
140 4467 204 4527 neg.
217 4465 239 4514 l.
252 4465 384 4527 etSepuer.
401 4457 464 4530 ytro'
516 4479 534 4511 c
549 4461 663 4528 βλέπων.
715 4464 759 4514 teri
778 4472 801 4514 et
819 4463 875 4512 editi
892 4455 939 4509 καὶ
955 4453 1053 4509 λοιπὸν
1064 4455 1235 4540 meraciore.
1308 4465 1313 4478 ’

69 4530 148 4584 deteri
169 4541 196 4583 et
217 4533 272 4584 editi
288 4525 424 4600 γινόμενα
440 4477 553 4598 eddon
749 4545 780 4582 m.
799 4531 855 4593 Req.
868 4529 890 4579 t.
902 4533 972 4592 Sego.
992 4521 1088 4578 ἐκεῖνοι
1103 4542 1155 4592 xpe
1173 4520 1301 4592 ὄψέπιτε.

100 4604 124 4652 tr.
145 4603 211 4663 usp.
222 4601 386 4666 rusque.
404 4594 420 4662 ἢ
439 4595 491 4661 τὴν
506 4597 556 4652 τοῦ
572 4594 664 4666 λόγου.
715 4599 759 4650 stu
777 4608 801 4652 et
819 4599 876 4651 editi
892 4591 990 4648 ἐκεῖνοι
1006 4592 1058 4664 μὲν
1073 4591 1118 4646 καὶ
1136 4587 1263 4662 deducte.
