3118 5052
521 389 631 434 enirm
646 389 679 433 u.
696 391 809 435 nouom
825 391 960 438 neuros.
1286 379 1349 448 378

119 559 175 602 une
199 536 375 612 situatum,
398 539 511 602 nullum
534 539 673 602 auxilium
695 540 788 604 rebus
808 543 916 606 creetis
937 545 1015 606 terre
1036 545 1148 625 poterit
1169 563 1219 610 res
1240 555 1436 624 createrem,

118 643 230 724 quippe
259 659 324 702 oum
353 659 459 704 omnes
482 643 575 722 gretie
595 642 648 721 liei
672 643 830 722 indigeant.
875 645 981 708 Paucis
1004 647 1122 727 quidem
1145 657 1230 712 antee
1254 649 1349 729 expli-

118 745 265 818 cavimus,
299 761 386 823 quom
418 751 616 823 congruenter
644 744 742 806 omnia
773 765 826 825 per
853 748 951 832 ipsum
975 748 1049 810 lsotn
1071 749 1198 822 luerint3
1231 751 1349 830 quondo
1432 823 1439 840 Ι

118 865 189 908 rero
212 852 315 906 nostre
338 845 482 908 Oratione
504 845 663 908 incidimus
684 846 715 908 io
748 846 889 927 Baptismi
918 848 1117 924 mentionem,
1150 865 1273 916 ιιεεεεεε
1302 860 1351 914 εει
1406 915 1411 926 ,

119 945 318 1026 respondere,
350 955 382 1010 nt
403 965 460 1026 ego
482 947 601 1028 quidem
625 947 723 1010 sentio
747 957 777 1010 et
799 950 905 1023 credo,
936 969 997 1013 non
1020 950 1131 1014 idcireo
1153 951 1259 1015 Filium
1282 966 1360 1018 oum·

118 1049 206 1110 Putre
233 1047 398 1122 nominari,
431 1047 516 1128 qussi
539 1049 605 1130 ipse
627 1067 687 1110 non
711 1050 861 1112 sullieeret
881 1050 985 1126 Pater,
1014 1071 1111 1134 noque
1133 1053 1163 1115 id
1186 1061 1297 1118 temere
1320 1064 1350 1118 et

119 1149 242 1212 fortuito
264 1149 339 1222 lieri,
362 1149 417 1211 sed
440 1149 507 1228 quia
523 1149 576 1212 nei
592 1149 720 1213 Verbum
736 1158 784 1214 est
797 1153 978 1233 propriaque
1001 1154 1065 1217 eius
1087 1155 1243 1235 sapientie,
1266 1173 1349 1219 sem-

119 1269 231 1330 perque
253 1257 300 1313 εει
322 1269 388 1312 oum
415 1249 520 1324 Putre,
542 1259 694 1332 *tunquam
724 1253 788 1314 eius
818 1254 976 1335 splendor,
1011 1255 1081 1318 hino
1107 1257 1172 1318 sieri
1194 1257 1298 1336 nequit
1318 1266 1351 1322 ut
1419 1309 1437 1336 s

119 1351 210 1414 Patre
239 1351 398 1432 praebente
430 1371 492 1414 uon
526 1353 613 1416 detur
645 1354 675 1415 in
706 1353 781 1416 Filio
814 1356 916 1435 gretie.
960 1357 1094 1438 Namque
1126 1359 1156 1419 in
1186 1357 1273 1422 Pntre
1303 1367 1351 1422 est

121 1453 233 1526 Filius,
265 1462 296 1516 ut
323 1453 467 1533 splendor
495 1453 525 1516 in
547 1455 621 1518 luco.
666 1455 727 1518 Nec
749 1455 827 1518 euim
850 1456 929 1520 Deus
952 1459 1036 1538 quusi
1059 1459 1213 1538 indigens,
1241 1461 1295 1523 sed
1318 1468 1351 1523 ut

119 1554 210 1616 Peter
230 1573 281 1618 sua
304 1554 400 1636 ipsius
423 1555 568 1636 sapientie
591 1565 700 1620 terram
723 1558 871 1632 fundarit,
895 1567 925 1620 et
946 1561 1045 1622 omnio
1067 1561 1180 1636 Verbo,
1210 1563 1289 1642 quod
1310 1583 1373 1643 ox,
1420 1613 1421 1616 ι

118 1638 152 1718 se
174 1664 232 1731 est,
255 1657 335 1730 lenit,
357 1665 549 1738 sanctumque
570 1658 717 1722 luteorum
739 1659 769 1720 in
792 1659 866 1721 Filio
889 1662 1052 1724 confirmet.
1089 1663 1143 1724 Ubi
1167 1664 1246 1726 enim
1262 1665 1350 1727 Peter

117 1767 180 1832 est,
215 1757 276 1820 illio
303 1767 350 1820 εει
376 1764 410 1820 ει
435 1758 542 1834 Filius,
576 1760 823 1840 quemadmodum
853 1761 902 1824 nbi
932 1763 979 1824 lux
1009 1771 1071 1836 est,
1099 1763 1139 1824 ibi
1162 1781 1280 1845 qnoque
1303 1774 1351 1828 εει

117 1859 272 1940 splendor.
315 1860 356 1920 ilo
386 1859 463 1922 sicut
491 1880 541 1935 eo,
575 1881 651 1941 quoe
678 1863 766 1924 Peter
787 1863 893 1936 efficit,
927 1882 981 1943 por
1002 1865 1108 1928 Filium
1132 1865 1236 1940 elficit,
1270 1865 1349 1946 quod

116 1961 237 2042 quidem
260 1959 325 2042 ipse
346 1960 490 2024 Dominus
513 1961 559 2024 his
582 1963 680 2026 verbis
710 1971 846 2027 testetur:
886 1965 968 2038 Quae
992 1966 1075 2028 rideo
1097 1966 1214 2028 Putrem
1235 1967 1349 2029 leden·
1469 2012 1473 2021 ι

116 2071 195 2136 ιειιι,
226 2062 300 2124 lineo
329 2071 359 2124 ει
380 2081 435 2142 ego
464 2063 556 2138 leoi03
589 2065 628 2126 lto
657 2085 723 2126 oum
747 2067 898 2130 confertur
925 2067 1112 2148 Baptismus,
1146 2084 1233 2149 quem
1261 2067 1351 2130 Peter

116 2163 258 2244 baptizat,
280 2165 361 2228 hune
380 2164 473 2228 Filius
496 2165 634 2246 baptizat,
658 2175 688 2228 et
709 2187 796 2247 quem
820 2168 912 2232 Filius
934 2169 1073 2250 baptizet,
1096 2169 1174 2232 idem
1190 2170 1220 2232 in
1236 2169 1351 2250 Spiritu

118 2275 225 2328 sancto
247 2266 390 2330 initietur.
421 2265 591 2340 Praeterea,
614 2270 863 2350 quemadmodum
885 2271 1002 2333 luoente
1023 2271 1087 2332 sole
1109 2279 1191 2334 rente
1212 2270 1270 2334 dini
1291 2287 1349 2352 po·

117 2377 179 2430 test
200 2368 345 2448 splendor
365 2367 546 2442 illuminare,
577 2389 643 2432 cum
672 2389 729 2432 une
752 2382 782 2434 et
803 2371 905 2434 eedem
929 2373 967 2434 sit
989 2373 1052 2445 lux,
1087 2391 1161 2452 quoe
1182 2391 1238 2435 neo
1259 2372 1350 2435 diuidi

117 2489 174 2530 neo
196 2468 322 2532 discindi
344 2467 459 2550 possit;
487 2471 526 2532 ite
550 2469 598 2534 ubi
621 2472 708 2534 Pater
730 2480 778 2534 est
805 2473 852 2534 vel
882 2473 1067 2546 nominatur,
1096 2471 1135 2534 ibi
1158 2472 1280 2537 omnino
1301 2479 1349 2536 εει

117 2571 190 2632 item
213 2571 316 2634 Filius.
351 2573 497 2658 Quooipoe
518 2571 584 2634 oum
607 2573 746 2636 Peterin
768 2574 920 2654 Baptismo
944 2574 1124 2646 nominetur,
1149 2571 1178 2635 in
1201 2593 1237 2638 eo
1260 2574 1349 2638 etiem

117 2671 225 2734 Filium
248 2689 374 2734 necesse
397 2682 442 2735 est
463 2674 620 2736 nominari.

207 2877 257 2940 tt.
302 2873 342 2937 Ee
370 2885 494 2955 propter
521 2895 587 2938 eum
616 2877 681 2956 ipse
712 2875 789 2938 bone
824 2876 943 2938 Sanctis
977 2875 1178 2955 promitteret,
1214 2874 1258 2936 sie
1291 2875 1349 2938 nit:

123 2976 280 3040 Veniemus
303 2995 355 3056 epo
378 2989 408 3040 et
427 2977 528 3054 Pater,
552 2990 581 3040 et
602 2982 790 3042 mansionem
812 2979 894 3060 opud
915 2997 981 3040 eum
1002 2979 1159 3058 sociemur,
1183 2985 1213 3039 et
1227 2993 1349 3040 rursus:

123 3077 163 3140 Ut
186 3083 264 3140 siout
286 3097 337 3158 epo
360 3089 389 3140 et
412 3089 444 3140 ιιι
466 3099 560 3142 onum
582 3099 696 3152 sumus,
721 3085 765 3143 sio
786 3093 814 3144 et
836 3079 886 3142 itti·
904 3097 999 3145 onom
1021 3082 1083 3142 sint
1105 3084 1138 3142 ιἰι
1152 3079 1249 3144 nodis.
1286 3077 1350 3142 Une

117 3179 260 3242 similiter
282 3189 327 3242 est
348 3179 458 3260 petio,
487 3199 561 3259 qnae
583 3199 599 3241 ε
622 3181 709 3244 Ρειιε
731 3182 761 3244 in
783 3181 857 3244 Filio
881 3180 983 3254 datur,
1013 3180 1098 3242 utin
1121 3165 1261 3244 omnibus
1283 3181 1349 3270 floi-

118 3279 209 3344 stolis
239 3280 341 3344 solbit
367 3281 492 3342 Paulus:
538 3281 646 3346 Gratia
678 3284 763 3348 vodis
793 3294 821 3346 ἐι
846 3301 912 3365 pon
938 3303 957 3344 o
985 3283 1048 3346 Deo
1075 3293 1168 3364 putre
1190 3292 1298 3346 nostro
1322 3293 1351 3346 et

117 3384 251 3446 Domino
274 3382 342 3446 lent
367 3383 498 3446 Christo.
543 3384 707 3446 Necessum
736 3386 814 3448 enim
837 3392 884 3448 est
905 3385 999 3446 lucem
1022 3387 1080 3448 und
1103 3403 1168 3446 oum
1191 3383 1352 3463 splendore

120 3501 209 3556 esse,
244 3493 273 3546 et
301 3483 490 3563 splendorem
520 3503 586 3546 oum
608 3486 727 3566 proprie
749 3486 814 3549 lure
836 3486 939 3548 videri.
984 3486 1049 3559 Qun
1071 3485 1219 3548 derauso
1241 3485 1351 3583 ludaei,

121 3585 172 3665 qui
193 3583 301 3664 Filium
323 3603 389 3646 oum
411 3586 478 3647 istis
501 3595 618 3665 negent,
640 3605 696 3650 nec
717 3589 775 3667 ipsi
797 3587 884 3648 etiam
900 3587 1017 3648 Patrem
1040 3585 1159 3648 hahent.
1195 3585 1351 3648 Nemeum

118 3687 234 3748 fontem
256 3686 435 3768 sapientiae,
458 3698 492 3748 ot
513 3687 751 3770 illis-exprobrat
771 3688 903 3762 Beruoh,
925 3687 1152 3768 dereliquerint,
1176 3685 1438 3766 sepientimnrmo.

118 3805 241 3867 quoque
262 3805 298 3849 ex
320 3788 402 3850 tonte
424 3785 492 3868 ipso
515 3797 755 3868 promanentem,
784 3807 859 3872 quoe
888 3798 935 3851 εει
959 3789 1104 3870 Dominus
1132 3783 1237 3850 noster
1266 3787 1351 3850 lesus

118 3939 198 3990 Panlo
223 3948 279 4004 post
306 3955 365 3990 mss.
398 3931 428 3990 ἐν
454 3939 493 4006 τῷ
519 3933 569 4006 oiql
594 3941 708 4006 βεβαιοῖ.
762 3933 816 4006 ἐγώ
835 3949 879 3992 ειε.
915 3939 976 3992 utin
996 3951 1019 3991 et
1037 3941 1077 3991 olii
1093 3931 1125 3989 ἵν’
1146 3935 1183 3994 ὥς
1200 3931 1254 4003 ἐγώ
1273 3948 1318 3990 eto.

118 4009 200 4057 Editio
219 4007 335 4058 Commol.
354 4003 385 4057 ἐν
402 4009 497 4060 omittit.
797 4014 820 4060 ιι.
839 4002 885 4059 διὰ
902 4005 991 4069 πάσης
1001 4003 1144 4068 ἐπιστολῆς
1153 4006 1352 4058 obertrGobler.

152 4091 175 4126 ε.
195 4075 237 4125 ste
255 4079 354 4138 Sequor.
373 4079 469 4127 Gohler.
485 4073 588 4128 Felelru'n
605 4079 626 4128 l.
645 4087 669 4130 et
686 4080 711 4130 l.
763 4088 787 4130 ει
805 4079 909 4128 Felcltro.
931 4079 951 4128 l.
1373 4094 1380 4107 ·

115 4145 145 4192 At
163 4147 189 4192 in
209 4143 264 4194 eliis
282 4153 305 4196 et
323 4144 393 4193 editis
411 4145 480 4194 deest
494 4145 548 4194 και.
796 4148 812 4196 i.
838 4147 980 4208 Sequente.
1005 4143 1102 4195 Gobler.
1120 4142 1226 4192 Felolun.
1246 4142 1269 4191 l.
1288 4149 1312 4190 ει
1329 4142 1354 4192 4.

151 4213 168 4262 l.
189 4211 291 4274 segue.
309 4207 420 4276 λέγοιεν.
764 4207 892 4279 ὁρᾶσθαι.
929 4213 988 4261 ibid.
998 4214 1097 4272 sepner.
1106 4201 1177 4275 μετὰ
1194 4205 1245 4258 τοῦ
1263 4200 1353 4258 ἀϊδίου

143 4295 175 4356 ,3.
197 4279 420 4370 Segoerqtlolptsr..
432 4287 459 4358 ep
473 4281 580 4359 Felplrn.
592 4281 616 4340 l.
633 4295 712 4361 ζιειηῑ
763 4271 879 4400 {lutati
891 4279 1136 4396 ’qggglsprssqmm'
1164 4279 1185 4326 l.
1205 4285 1229 4328 ει
1245 4277 1270 4328 d.
1295 4278 1353 4328 ibid.

116 4343 714 4496 puppim&equplprdoppgworppppgpmlppp
799 4362 939 4479 lllSegner.
954 4423 977 4466 et
988 4413 1092 4464 Felelm.
1102 4412 1126 4462 5.
1143 4407 1356 4476 earumdem&

116 4477 309 4549 Segnemrupr'r
326 4477 431 4550 πατρὸς
448 4479 478 4533 ἐν
495 4477 553 4563 op‘qr.
581 4485 714 4537 Gohler.et
764 4499 794 4535 τε
811 4478 869 4546 τήν.
903 4483 1004 4534 Gobler.
1029 4489 1053 4532 et
1071 4481 1175 4532 lelelm.
1197 4477 1354 4532 imorem·

117 4551 258 4600 t'etetmt.
276 4543 353 4618 παρὰ
370 4545 616 4620 τοῦπατροςυῖῷ.
641 4553 712 4604 ιιιείΙ.
763 4545 938 4620 ψανιεςγᾶρ
957 4543 1014 4611 τήν.
1050 4549 1129 4601 Ceteri
1148 4557 1172 4600 et
1188 4551 1261 4601 editio
1281 4553 1356 4600 Com-

116 4619 211 4680 togtir.
236 4619 293 4682 Reg.
313 4619 417 4670 letetur.
436 4619 460 4670 d
480 4632 503 4671 et
520 4623 543 4672 5.
563 4611 608 4670 ἵνα
626 4613 712 4686 ὥςπερ
766 4621 822 4672 mel.
840 4613 1052 4682 καταλιὶψαντες
1067 4609 1113 4668 καὶ
1131 4609 1188 4678 τήν,
