3122 5060
488 331 596 378 omaro
612 333 655 378 ru.
672 333 787 379 concae
802 312 938 380 murice.
1261 326 1323 390 577

85 486 133 550 bis
153 483 253 548 verbis
276 483 378 547 docet:
400 483 584 548 Potestotem
607 485 697 550 bodeo
716 487 855 567 ponende·
870 489 1002 550 enimam
1016 507 1119 562 mecm,
1136 498 1164 552 et
1174 501 1402 574 potesta-rso.

88 601 146 652 tem
168 587 259 650 dobeo
281 591 395 650 iterum
417 587 556 650 sumendi
576 605 649 660 eom,
672 595 703 648 et
723 606 811 650 nemo
835 588 922 651 tollet
944 607 1008 651 eom
1029 609 1048 652 o
1069 611 1125 653 me.
1551 603 1552 670 t

169 693 222 754 55.
267 687 374 750 Verum
397 688 469 750 haee
490 705 551 748 non
573 695 695 786 naturae
717 688 816 762 Verbi,
840 699 986 770 quatenus
1009 691 1138 754 Verbum
1161 703 1216 767 est,
1238 712 1313 774 pro·

85 789 149 871 pria
173 796 274 863 erant,
303 789 357 852 sed
379 788 526 863 Verbum,
556 807 574 850 o
598 788 705 851 Christi
727 789 832 852 bostes
854 799 885 854 et
906 791 1013 872 ingrati
1035 793 1151 868 ludaei,
1173 795 1203 856 iu
1225 814 1315 858 earne
1551 809 1552 854 t

86 891 160 953 haec
187 891 318 972 patiente
347 889 502 952 existebat
546 869 623 952 liino
650 891 707 953 ista
737 909 799 954 non
820 899 890 956 ente
912 911 1031 956 monem
1053 903 1217 958 assumtam
1238 896 1317 959 dieta

81 1002 166 1066 ,sunt
190 993 244 1055 sed
265 999 424 1073 postquam
447 983 577 1056 Verbum
599 1009 669 1054 caro
692 1000 723 1054 et
737 992 828 1056 bomo
844 997 1024 1069 estfactum,
1047 995 1120 1058 baec
1134 996 1171 1058 de
1187 997 1315 1058 humana
1551 1045 1552 1074 ,

85 1103 191 1158 natura
212 1094 290 1156 dicta
311 1112 381 1179 esse
404 1092 547 1172 scriptum
570 1100 626 1156 est.
670 1093 756 1158 Certe
777 1095 842 1172 illo,
871 1095 909 1159 de
930 1115 989 1176 quo
1013 1097 1070 1159 ista
1094 1098 1203 1176 scripta
1230 1106 1310 1172 suut,
1409 1175 1414 1190 .

85 1195 229 1258 Lazarum
258 1215 275 1258 a
302 1195 428 1257 mortuis
458 1194 608 1270 excitarit,
639 1215 745 1277 aquam
767 1198 913 1262 convertit
934 1200 965 1260 iu
986 1201 1103 1272 viuum,
1133 1217 1220 1262 caeco
1243 1206 1313 1260 nato
1484 1189 1488 1196 ’

84 1297 181 1360 visum
202 1295 343 1371 restituit,
367 1305 397 1359 et
418 1295 504 1360 dixit:
528 1297 591 1378 Epo
615 1309 643 1361 et
665 1299 759 1362 Peter
780 1317 876 1364 coum
899 1319 1014 1364 samoe.
1060 1301 1207 1374 Quocirca
1230 1301 1256 1361 si
1279 1317 1315 1362 ex

84 1397 223 1462 humanis
255 1398 320 1460 eius
353 1397 446 1477 gestis
474 1400 663 1462 occasionem
692 1408 810 1480 captant
837 1402 989 1465 humiliter
1016 1411 1046 1466 et
1067 1402 1180 1464 abiecte
1202 1401 1239 1462 de
1260 1399 1314 1462 Dei

84 1499 160 1562 Filio
182 1499 346 1574 sentiendi,
374 1499 527 1562 imovero
550 1501 704 1564 bominem
728 1521 796 1565 eum
817 1511 913 1566 totum
937 1511 1071 1579 eterra,
1094 1521 1154 1566 non
1178 1510 1316 1566 autema
1552 1494 1553 1570 i

84 1601 165 1666 caelo
198 1619 266 1664 esse
298 1601 496 1676 arbitrantur;
528 1621 582 1665 cur
609 1621 671 1667 non
701 1605 790 1667 etiam
818 1624 854 1668 ex
883 1605 991 1668 divinis
1019 1605 1103 1668 lactis
1126 1603 1257 1666 Verbum
1284 1604 1316 1666 in

82 1704 172 1766 Patre
204 1702 336 1766 existens
371 1714 537 1784 agrioscunt
568 1705 781 1787 propriamque
818 1707 973 1789 deponunt
999 1704 1205 1788 impietatem?
1237 1705 1316 1796 ‘illis

83 1805 164 1868 enim
184 1805 255 1868 licet
275 1805 446 1886 perspicere
468 1805 595 1870 eundem
619 1807 743 1870 omuino
769 1827 849 1882 esse,
872 1809 922 1888 qui
937 1809 1054 1871 illorum
1070 1827 1195 1889 operum
1210 1816 1315 1870 auctor

83 1915 138 1982 est,
163 1915 195 1970 et
215 1907 266 1987 qui
286 1905 407 1987 patibile
429 1925 538 1987 corpus
561 1925 595 1970 se
618 1908 729 1971 babere
754 1909 897 1984 ostendit,
919 1929 986 1973 cum
1007 1910 1078 1972 illud
1093 1912 1176 1982 llere,
1198 1909 1314 1971 esurire
1323 1927 1400 1973 neoc

82 2019 112 2071 et
139 2027 218 2090 qnae
245 2009 380 2090 corporis
408 2007 530 2089 propria
561 2019 633 2072 sunt
658 2011 688 2072 io
718 2023 762 2074 eo·
777 2029 921 2091 apparere
942 2011 1090 2091 permisit.
1133 2010 1315 2074 Huiusmodi

83 2111 194 2192 quippe
222 2110 359 2190 corporis
388 2109 595 2174 allectionibus
624 2111 864 2188 demonstrabat,
887 2131 937 2188 se,
960 2129 1027 2175 cum
1048 2111 1128 2176 licus
1150 2119 1235 2174 esset
1255 2113 1314 2175 im-

80 2210 252 2292 passibilis,
274 2210 446 2291 passibilem
469 2212 648 2276 assumsisse
670 2231 807 2288 mtrem,
829 2222 916 2276 etex
939 2213 1081 2294 operibus
1104 2214 1199 2295 palam
1222 2215 1314 2276 lacie-

82 2313 149 2388 bat,
177 2331 227 2388 se,
256 2331 323 2376 mern
345 2313 399 2376 [tei
421 2313 550 2376 Verbum
572 2322 670 2388 esset,
692 2315 845 2378 bominem
867 2323 972 2396 postea
994 2317 1103 2378 lactum
1126 2335 1214 2390 esse,
1236 2315 1316 2378 unde

81 2415 194 2480 aiebat:
218 2415 250 2476 Si
272 2415 355 2488 mibi,
378 2422 502 2496 utpote
525 2435 613 2496 quem
634 2417 766 2480 bumano
790 2435 917 2496 corpore
937 2417 1077 2479 muictum
1092 2416 1224 2490 cernitis,
1247 2434 1314 2478 cre-

81 2519 154 2582 dere
177 2534 238 2578 nou
260 2515 364 2588 vultis,
387 2515 493 2578 saltem
516 2517 660 2597 operibus
683 2519 809 2591 credite,
840 2526 874 2580 ut
895 2517 1083 2598 cognoscatis
1104 2536 1153 2580 mo
1174 2517 1204 2578 in
1226 2517 1314 2580 Patre

82 2629 113 2682 et
138 2621 260 2683 Patrem
293 2617 324 2678 in
358 2635 406 2680 me
437 2636 516 2680 esse.
560 2619 651 2706 Plane
678 2619 867 2699 impudentes
895 2627 927 2681 et
951 2619 1035 2699 impii
1064 2617 1223 2680 admodum
1246 2636 1314 2681 esse
1399 2609 1402 2616 ¹

80 2721 154 2784 mibi
185 2720 322 2782 ridentur
350 2718 461 2782 Christi
490 2719 669 2794 adversarii,
703 2721 753 2800 qui
782 2721 923 2782 nimirum
952 2718 1003 2782 ubi
1025 2719 1173 2782 audierint
1199 2718 1261 2798 lico
1284 2727 1315 2780 et

79 2821 178 2888 Potor
202 2839 298 2884 uuum
324 2839 444 2892 sumus,
479 2838 603 2884 sensum
635 2820 796 2884 verborum
825 2819 990 2884 adulterare
1021 2828 1052 2882 et
1071 2820 1168 2881 Patris
1190 2837 1225 2881 ac
1246 2817 1313 2880 Filii

81 2924 228 2986 unitatem
250 2921 382 2984 dividere
403 2921 476 2986 totis
499 2931 646 2986 concutiar
667 2923 790 2996 viribus,
813 2941 881 2986 oum
904 2929 1002 2986 autem
1024 2921 1153 2995 flevisse,
1176 2919 1312 2994 sudasse,

78 3041 206 3104 passum
233 3041 301 3085 esse
328 3022 469 3098 audiunt,
498 3043 559 3086 nou
588 3043 698 3105 corpus
726 3024 920 3106 adspectant,
953 3024 1007 3087 sed
1034 3042 1069 3087 ex
1091 3023 1140 3084 bis
1162 3023 1241 3084 inter
1262 3037 1312 3083 res
1340 3005 1343 3018 ¹

82 3133 201 3188 creans
229 3143 313 3200 eum,
343 3143 507 3206 perquem
531 3127 822 3202 iaotaeillaesunt,
854 3127 963 3190 audent
983 3143 1188 3216 annumerare.
1233 3123 1311 3198 Ouid

80 3245 156 3307 ergo
188 3227 282 3289 adbuc
308 3225 377 3288 illos
407 3227 486 3289 inter
516 3235 546 3290 et
572 3229 699 3292 ludaeos
728 3225 878 3291 interest?
921 3229 960 3291 Ut
981 3226 1123 3314 enimtilli
1146 3227 1199 3288 Dei
1221 3243 1313 3307 opera

80 3327 175 3409 impie
195 3327 363 3391 Beelzebub
385 3329 607 3402 adscribebant,
631 3331 669 3394 ita
692 3330 753 3406 isti,
777 3331 845 3412 quia
866 3329 1025 3392 Dominum
1048 3347 1172 3412 operum
1193 3329 1314 3390 illorum

81 3440 236 3492 auctorem
268 3432 346 3494 inter
371 3449 422 3494 reo
450 3440 563 3494 maetas
586 3431 749 3508 collocant,
785 3433 904 3498 easdem
926 3451 961 3496 ae
982 3431 1023 3494 illi
1044 3449 1158 3512 poenes
1180 3429 1312 3512 pendent
1371 3442 1374 3450 ·

82 3529 290 3614 inexpiabiles.

170 3737 224 3799 56.
266 3733 355 3816 Atqui
377 3753 503 3816 aequum
525 3734 645 3812 luisset,
668 3733 735 3798 illos
759 3755 794 3798 ex
817 3735 865 3798 bis
887 3733 986 3828 verbis
999 3731 1061 3814 Epo
1074 3731 1315 3796 etPoteruoum

114 3970 138 4018 g.
158 3953 201 4006 Sic
217 3963 320 4019 uterque
337 3955 394 4016 neg.
413 3955 544 4018 etSegoer.
580 3957 608 4006 tt
618 3955 675 4006 editi
726 3954 818 4005 ibidem
842 3954 949 4006 rateto.
967 3953 994 4031 2.¹
1016 3967 1069 4032 pum
1095 3950 1165 4002 editis
1187 3941 1233 3998 eet
1251 3938 1315 3997 ioco

79 4029 103 4072 et
121 4023 165 4073 elii
185 4013 285 4075 adsere
322 4023 453 4088 Utrumque
476 4031 555 4076 autem
574 4024 674 4076 abest·
726 4017 1000 4074 necennensium
1017 4016 1083 4068 edem
1273 4073 1287 4094 υ

79 4089 190 4140 Feleltm.
209 4091 233 4141 5.
269 4091 335 4150 Quae
359 4092 448 4141 ibidem
466 4100 616 4156 sequuntur,
639 4093 676 4142 sie
759 4093 775 4140 i.
794 4091 895 4152 Seguer.
922 4090 1020 4140 Gobler.
1049 4095 1072 4136 et
1099 4085 1202 4136 i'elclm.
1224 4083 1246 4162 ¹:
1271 4093 1316 4129 ott

79 4167 178 4208 exstant
205 4160 228 4208 io
252 4157 399 4208 Felclm.2
429 4167 452 4208 et
479 4161 503 4210 iu
531 4161 610 4210 editis.
646 4160 673 4209 ln
725 4171 754 4208 τε
772 4150 845 4210 deo'r.
880 4145 1317 4219 lloxlteg.1.etseguer.ldewoer

81 4225 135 4275 aliis
156 4233 238 4276 autem
257 4241 316 4276 mss.
336 4227 479 4288 iteiegitor:
497 4217 674 4281 uuirdoe’uo'r
726 4217 818 4275 αὐτόν.
1216 4280 1224 4298 ⁸

79 4284 158 4340 tero
189 4286 203 4340 d
229 4287 275 4341 aori
301 4286 335 4341 τὰ
358 4285 427 4362 ἔργα
451 4292 541 4343 ποιῶν
559 4287 573 4342 d
592 4288 675 4349 αὐτός
762 4295 783 4344 t.
805 4293 859 4342 lte.
881 4292 903 4341 l.
927 4299 950 4340 et
973 4291 1074 4352 Sepuer.
1097 4279 1148 4352 κᾷν
1164 4279 1240 4353 ἔμοι,
1258 4279 1316 4348 tiu·

79 4351 159 4410 lotor
179 4353 193 4408 ὃ
211 4356 258 4409 sol
274 4355 306 4409 τὸ
326 4359 415 4429 σῶμα.
726 4350 1022 4425 ποπεςανθρώπινον,
1038 4349 1230 4422 περιβεβλημέν
1263 4350 1315 4400 oci-

115 4431 139 4480 b.
160 4431 261 4493 Sessuer.
281 4430 379 4481 Gobler.
390 4439 413 4480 et
423 4431 529 4480 Feiclm.
541 4431 562 4481 i.
583 4421 675 4482 αὗτὸν.
726 4445 767 4497 μα
783 4423 822 4508 pp
840 4421 997 4486 πιστεύητε·
1017 4417 1084 4473 ἀλλὰ
1096 4415 1147 4488 κᾷν
1158 4423 1216 4477 coir
1237 4433 1315 4490 pyots‘

82 4495 122 4546 Sic
141 4499 200 4550 item
220 4501 296 4562 primo
317 4513 389 4548 mauu
408 4501 431 4549 in
450 4499 525 4560 Regio
544 4499 574 4558 i.,
592 4507 617 4549 at
634 4513 675 4548 ae·
725 4510 874 4548 amavere.
1083 4551 1091 4574 θ

81 4567 163 4618 cunda
191 4579 261 4616 mauu
287 4555 370 4622 αὐτό,
396 4575 422 4618 ot
440 4569 463 4616 in
482 4566 536 4617 aliis
554 4573 578 4617 et
595 4567 686 4622 editis..
760 4567 777 4617 l.
796 4567 853 4630 Boe.
870 4563 896 4616 l.
915 4570 939 4613 et
958 4561 1056 4626 Segoer.
1076 4557 1250 4610 enoloorroc.

115 4653 248 4696 dissuasu
260 4663 312 4697 ore.
326 4664 400 4698 neon.
410 4665 461 4698 esc.
1077 4645 1109 4698 ³7
