3032 5048
409 247 766 313 aonmasnoemnsnum
780 253 870 298 nossa
885 255 905 298 1.
1212 243 1272 308 iii

41 397 165 473 pium
200 407 245 460 eet
274 397 414 477 eogiura
458 398 562 462 Carnis
593 400 673 462 enim
700 407 732 462 ot
753 401 905 480 sanguinis
927 405 1101 487 mniumque
1122 409 1360 490 specimenrmn

9 496 175 560 xhibuit
188 497 345 572 uomens,
367 516 485 561 nemon
505 500 597 562 ammi
613 500 752 576 dolentis,
774 502 951 581 perturbati,
970 507 1060 570 anxii.
1091 509 1275 576 Haaonerne

0 597 143 660 ixerit
178 606 319 662 naturam
337 599 462 663 Deitatis
491 619 577 676 asse,
603 602 726 682 propria
748 611 848 668 autem
869 604 933 668 Deo
956 609 1118 674 somnium
1138 613 1274 678 naturam

1 709 97 762 :sota
126 708 222 776 suni
243 720 312 764 eun
335 701 432 766 Verbo
454 701 566 783 placuit
580 702 740 768 humanam
753 703 856 770 subire
872 708 1106 788 generationem,
1129 731 1276 796 suumque

1 801 125 880 psius
149 821 239 884 opus
260 803 293 866 in
313 812 452 885 peeeato,
475 805 671 886 eorrupuono
693 815 724 868 et
744 815 844 870 morte
864 807 1045 898 disseirutum
1064 812 1097 874 iu
1118 815 1219 896 se'pso
1240 817 1274 882 in

8 903 184 968 nouitatis
206 903 365 984 imaginem
387 901 566 968 instaurare.
611 907 801 989 Quapropter
820 911 934 990 pennati
956 911 1078 992 quidem
1089 916 1272 980 mndauma-

14 1005 151 1068 iomem
178 1005 210 1068 in
234 1013 322 1079 terra,
345 1007 562 1070 maledictionis
584 1007 776 1072 eiteiitienem
799 1010 830 1074 in
850 1012 944 1092 iigns,
966 1031 983 1076 a
1003 1016 1199 1096 surreptione
1211 1015 1286 1080 imo

9 1106 219 1169 unitatem
240 1105 273 1168 in
294 1108 442 1188 sepuiero,
462 1109 631 1190 mortisque
654 1110 838 1176 soiutionem
858 1113 891 1176 in
914 1115 1033 1178 inferne
1055 1116 1182 1197 peregit
1205 1135 1272 1180 om·

1 1223 169 1287 nemque
197 1207 298 1272 ionum
324 1209 504 1288 permonuit,
534 1218 568 1273 ut
590 1210 681 1276 totius
702 1213 836 1276 heminis
859 1213 985 1278 wutorn
1007 1217 1178 1297 peffireret,
1206 1235 1274 1282 euno
1318 1223 1322 1230 “

6 1310 166 1372 termam
188 1317 313 1372 noemae
334 1311 470 1392 imaginis
493 1311 524 1374 in
546 1313 648 1394 seipso
671 1313 813 1378 exhibuit
856 1315 931 1380 Nam
952 1318 1023 1397 eme
1039 1325 1105 1381 erat
1118 1335 1195 1400 opus
1208 1318 1358 1386 omnen

8 1395 51 1474 nt
69 1431 115 1474 ex
134 1410 271 1474 foemina
282 1412 364 1478 nasei
375 1412 571 1492 dignaretur?
592 1414 783 1494 quid-taetori
797 1416 986 1482 ausoniorum
1002 1436 1090 1500 opos,
1111 1427 1146 1483 ut
1159 1427 1274 1484 statura
1352 1449 1354 1454 ·

12 1521 50 1605 et
76 1531 241 1576 annorum
264 1531 390 1576 numero
412 1514 585 1578 creseereti
606 1524 658 1578 ant
679 1517 879 1598 rururaquid
897 1537 975 1600 opus
991 1519 1033 1582 iili
1048 1537 1146 1596 muna
1167 1522 1271 1602 sepui-

14 1633 77 1676 oro
105 1621 165 1678 aut
187 1615 325 1690 inferno,
347 1614 454 1695 quibus
476 1635 534 1678 nos
556 1611 680 1680 oiinosii
701 1618 771 1682 tacu
793 1635 916 1694 samus,
945 1619 1004 1683 nisi
1024 1638 1083 1706 nos
1104 1629 1271 1702 quaereret,

15 1725 54 1778 ut
80 1733 146 1797 per
170 1717 309 1788 termam,
332 1735 408 1796 quae
431 1726 554 1780 nostrae
577 1717 684 1782 similis
708 1727 771 1794 eat,
792 1736 851 1784 nos
873 1719 1035 1784 vivificaret
1056 1731 1144 1803 atque
1164 1723 1201 1786 od
1223 1724 1270 1786 ti-

1 1817 238 1894 militudinem
266 1817 523 1898 imitationemque
548 1822 701 1900 perfectae
728 1820 865 1901 imaginis
892 1822 1093 1902 provosmeti
1142 1823 1270 1886 imitatio

20 1927 137 1982 autem
160 1917 356 2000 perfeetionis
377 1921 529 2000 quomodo
552 1941 621 1984 esse
642 1921 791 2002 potuerit,
812 1921 874 1984 nisi
896 1923 981 2002 prius
1004 1923 1153 1986 exstiterit
1172 1923 1265 2010 abse-

21 2023 93 2083 iuta
118 2019 293 2101 patientie?
320 2021 402 2084 iusto
429 2021 501 2084 iilud
523 2022 677 2102 apostoli:
706 2022 923 2104 Bmepeie'ontee
943 2042 1000 2088 ees
1023 2035 1152 2089 reterens
1174 2023 1271 2088 iesti—

22 2141 113 2199 uenr,
135 2132 167 2184 et
186 2123 347 2186 induentes
368 2133 491 2196 nomm,
514 2129 568 2206 pei
587 2125 752 2190 seeundum
766 2123 864 2188 Deum
881 2135 1009 2190 eremesa
1031 2136 1078 2192 est
1099 2130 1133 2190 im
1149 2131 1271 2190 noeni-

1 2276 2 2299 ,
28 2233 97 2286 tete
121 2233 153 2284 et
173 2225 294 2286 instituit
316 2228 467 2290 veritatis.

125 2527 155 2590 6.
198 2525 305 2606 iguo
328 2543 398 2606 erge
422 2524 519 2588 edocti
539 2524 705 2588 inornatum
727 2522 809 2589 ilium
830 2523 955 2588 deest
997 2525 1032 2586 Si
1051 2525 1142 2606 igiter
1163 2534 1269 2590 natura

36 2645 74 2689 eu
97 2626 263 2690 mutatione
282 2627 318 2688 iit
338 2627 484 2698 inornata,
518 2643 590 2704 ergo
623 2633 653 2688 et
675 2623 834 2686 invisibilis
855 2625 909 2686 det
930 2633 960 2687 et
980 2624 1173 2699 immortalia,
1205 2645 1269 2690 non

1 2790 3 2802 ,
35 2735 200 2809 postquam
220 2747 257 2790 ex
278 2736 376 2790 morte
396 2725 606 2799 resurrexerit,
629 2725 683 2788 sed
698 2725 805 2790 mortis
819 2743 948 2804 proram
961 2725 1085 2806 incapax
1100 2725 1168 2788 erit.
1204 2726 1268 2800 Qua

1 2865 2 2876 ι
39 2847 112 2909 ergo
135 2828 251 2892 radone
273 2836 410 2890 mortuus
434 2835 481 2888 eat
501 2826 666 2896 Dominus,
688 2827 715 2888 si
738 2826 888 2892 inmenens
911 2826 1042 2888 increato
1063 2827 1154 2888 utodo
1177 2826 1267 2890 adue·
1383 2825 1388 2834 ’

39 2931 120 2992 norit
139 2930 169 2992 iu
192 2927 326 2992 terram?
348 2937 399 2990 aut
418 2927 570 3007 quomodo
593 2926 736 3000 visibilis,
759 2936 790 2990 et
810 2925 965 3008 palpabilis
988 2928 1083 2990 meets
1106 2937 1167 3002 est,
1191 2927 1269 2990 siout

1 3003 3 3034 Ι
43 3032 184 3112 seriptum
207 3038 270 3094 ost:
297 3029 387 3104 Quod
407 3030 536 3092 oidrinesr
558 3039 587 3091 et
608 3047 717 3092 monus
738 3039 866 3092 nostroe
880 3027 1173 3092 metrorumrsst?
1210 3028 1268 3092 Com

44 3132 141 3212 itaque
162 3151 195 3196 ea
218 3131 327 3205 dicitis,
350 3149 506 3212 quaenee
526 3129 638 3210 aeripta
652 3129 714 3192 sint
733 3147 790 3192 nee
811 3127 855 3192 tas
877 3128 920 3192 sit
934 3126 1089 3212 cogitare?
1119 3127 1267 3192 Omnibus

46 3233 302 3296 remunerationis
330 3231 509 3294 senteutiam
541 3229 769 3312 suppeditabitis
804 3229 1023 3310 impiissimam,
1056 3248 1144 3310 quam
1175 3229 1270 3292 tenuit

47 3333 116 3418 elim
135 3333 170 3408 is,
193 3334 242 3413 qui
263 3333 427 3396 Rhetorius
450 3332 620 3406 vomuntur,
644 3331 729 3394 ouius
749 3331 933 3412 impietatem
953 3332 1066 3392 reterre
1081 3331 1187 3393 horret
1199 3330 1266 3392 ani-

48 3452 122 3494 mus.
161 3435 217 3496 dut
238 3435 327 3514 igitur
348 3433 468 3496 Divinas
489 3442 596 3514 negate
619 3433 806 3513 Scripturas,
836 3441 886 3496 aut
907 3431 935 3494 si
958 3449 1008 3494 oss
1030 3429 1205 3502 admittitis,
1228 3449 1268 3492 ue

50 3541 227 3610 praeterea,
250 3553 326 3614 quae
347 3537 455 3614 soripun
480 3544 560 3610 suni,
583 3536 639 3600 alia
661 3536 796 3615 profarre
819 3517 991 3612 excogitetis
1013 3529 1186 3609 insanabiiis
1204 3511 1266 3609 ‘iai'-

1 3615 2 3648 ¹
54 3633 138 3696 laniae
159 3631 255 3698 uerba.
300 3635 360 3698 Sed
379 3629 504 3698 rursum
525 3636 640 3700 dicitis:
669 3635 732 3726 Nes
754 3643 918 3696 meaturam
938 3650 1002 3693 mon
1024 3629 1194 3694 adoremus.
1240 3629 1265 3692 0

1 3819 3 3852 Ι
52 3733 141 3797 stulti!
161 3731 211 3799 eur
231 3756 292 3800 nou
315 3736 462 3832 cogitatis,
485 3756 595 3820 eorpus
610 3735 739 3810 Domini,
764 3733 843 3834 quod
857 3735 966 3796 iactum
982 3739 1037 3806 est,
1059 3729 1267 3794 adorationem

55 3921 181 3973 Gobierinn.
196 3932 218 3973 et
237 3925 341 3975 Feicim.
355 3925 376 3975 1.
387 3919 548 3989 renationem,
568 3922 626 3972 editi
678 3937 707 3972 eo
732 3933 808 3984 osque
833 3919 942 3969 insanire
959 3917 1095 3981 prooessit,
1126 3923 1151 3965 ot
1174 3913 1267 3994 diceret

53 3984 176 4052 prointus·
212 3992 304 4042 ibidem
323 3993 346 4042 in
365 3995 466 4055 Seguer.
484 3991 539 4041 seio
558 3991 626 4039 deest
678 4003 763 4040 omnes
781 3989 880 4038 omnino
899 3984 1034 4035 haereticos
1052 3991 1117 4033 reete
1135 3990 1225 4031 sentire
1244 3989 1267 4030 et

4 4075 8 4080 ·
56 4048 216 4124 detegerent.
246 4059 317 4108 'Intra
335 4061 435 4120 Seguer.
454 4057 628 4110 Gobierisnm
678 4055 772 4106 notium
791 4067 889 4116 errsro;
908 4052 972 4116 quod
991 4052 1022 4101 ita
1042 4047 1266 4127 absurdumiogu·

56 4125 149 4175 Feioirn.
168 4127 186 4176 1.
214 4117 309 4190 ἐζήτει.
353 4127 417 4178 Editi
445 4141 500 4176 roro
532 4115 626 4175 st'siii
678 4126 741 4174 stine
760 4122 860 4180 videtur,
879 4127 905 4168 ut
922 4121 956 4170 uit
974 4132 1029 4168 enm
1048 4119 1265 4193 itasensrsaepre-

1 4213 2 4226 ¹
57 4181 169 4253 ἆνεζῆτει.
395 4209 400 4219 ·
678 4193 735 4242 dore
753 4190 839 4254 possit
875 4185 930 4236 tite
949 4184 1103 4236 Phiieetriem
1119 4181 1265 4236 haerendi.
1316 4230 1319 4236 .

1 4266 2 4293 i
88 4261 108 4310 d.
124 4263 215 4340 inguar·
234 4268 258 4310 et
276 4239 366 4323 t'ngtte.
385 4250 527 4310 maturos
563 4255 626 4307 Editi
677 4257 813 4316 euterun.
833 4253 927 4336 ‘ignorem
944 4249 986 4332 22.

1 4339 2 4348 ¹
61 4327 129 4376 eteiii
145 4323 265 4394 ακτίστφ,
302 4325 352 4377 iios
371 4323 626 4389 segnesceeterseo
710 4341 732 4376 a.
752 4325 813 4374 Editi
831 4335 874 4371 ete
893 4334 969 4390 eptem
984 4331 1023 4370 aar.
1058 4317 1086 4368 io
1105 4315 1265 4396 διιςιιιειιῢᾳ-Ι

60 4393 149 4445 ieioim
165 4398 183 4448 i.
199 4388 336 4461 γεγονώς,
359 4389 460 4447 καθώς.
497 4393 624 4458 iihatorius
676 4391 737 4442 bier.
756 4401 780 4442 et
798 4391 902 4441 i'eieim.
923 4389 946 4438 i.
964 4377 1101 4468 deest'ite.
1136 4381 1265 4436 ibidedttr

1 4465 3 4494 t
63 4475 125 4524 porro
140 4461 191 4514 inira
211 4463 564 4528 memoratustegpptioserot,
584 4463 624 4527 gui
674 4461 821 4528 stinguere«,
841 4467 865 4508 at
882 4457 981 4520 Segora.
999 4465 1136 4520 arrepens.
