3098 5040
349 399 354 410 1
434 331 551 376 conum
564 333 784 377 moucmanrnrr
798 333 887 378 cruca
902 335 922 378 r.
1227 323 1292 388 889

66 484 207 564 cogitare,
230 481 354 560 impium
376 482 481 556 inurit3
503 483 557 544 sed
577 483 630 562 qui
651 481 689 545 de
704 483 835 546 hominis
848 484 1377 568 inobsequentiuquaostionemruaa

67 584 180 658 habuit,
203 581 344 644 iudicium
366 581 457 655 dedit,
480 601 540 661 quo
563 583 711 662 duplicem
733 603 849 664 poenae
872 588 1052 650 sententiam
1073 589 1206 668 protulit,
1229 603 1291 653 ter·

66 705 140 748 reno
162 683 281 764 corpori
303 683 421 746 dhone:
448 683 543 746 Terre
566 703 597 748 es
620 685 649 746 'et
669 690 703 747 tn
725 694 1043 765 recrudescentem,
1065 699 1153 770 atque
1173 691 1214 754 ita
1228 692 1291 755 llo·
1398 694 1402 700 '

67 788 149 848 mino
182 785 359 848 emendam
394 787 508 848 lererrte
540 786 694 865 corruptio
727 805 837 867 corpus
872 790 993 869 excipit,
1027 791 1143 856 animae
1177 802 1291 856 autem:

68 889 168 950 Morta
189 890 350 962 morien's3
380 895 411 948 et
437 888 482 976 sic
512 886 545 948 iu
573 887 647 950 duas
675 887 817 952 dividitur
844 899 945 968 partos
966 891 1058 952 homo
1080 893 1293 976 damnaturque

66 989 101 1050 ad
125 990 185 1050 duo
206 987 346 1050 secedere
367 986 442 1050 locu.
487 988 633 1060 duodece
651 1005 728 1068 opus
750 990 807 1052 luit
827 990 984 1066 iudicante,
1007 1001 1041 1054 ut
1062 992 1128 1072 ipse
1149 1011 1203 1073 per
1225 1015 1292 1060 seue

67 1107 155 1152 suum
176 1090 306 1152 solveret
328 1089 495 1162 decretum,
525 1089 594 1152 dum
618 1090 648 1152 iu
671 1092 767 1152 lorma
789 1091 918 1154 damnati
939 1093 1109 1158 indemnata
1131 1101 1161 1158 et
1182 1097 1293 1175 peccati

66 1199 189 1272 experte
210 1191 291 1252 risus
314 1199 370 1265 cst,
393 1199 425 1252 ut
448 1200 478 1254 ot
499 1191 699 1254 reconciliatio
722 1191 775 1254 ilci
797 1211 865 1256 cum
887 1195 1010 1258 homine
1032 1197 1126 1269 lieret,
1148 1205 1179 1258 et
1199 1197 1292 1261 liher-

68 1301 111 1355 tes
142 1293 233 1354 totius
265 1291 397 1352 hominis
425 1310 481 1372 per
509 1291 660 1354 homiuem
690 1293 819 1356 oriretur
848 1295 879 1356 iu
907 1297 1036 1362 novitate
1064 1297 1200 1377 imaginis
1227 1299 1293 1362 Filii

66 1395 130 1456 eius
151 1393 221 1455 lesu
243 1389 353 1454 Christi
375 1393 494 1454 Domini
515 1393 622 1456 nostri.
668 1395 756 1467 Quod
778 1396 806 1458 si
827 1397 900 1460 mihi
921 1397 1009 1460 alium
1029 1399 1229 1462 damnationis
1243 1401 1291 1462 lo-

66 1515 132 1556 cum
154 1503 273 1574 praeter
293 1495 351 1556 hos
374 1495 451 1557 duos
473 1495 605 1556 indicere
627 1495 743 1568 valetis,
767 1498 875 1560 merito
898 1497 1031 1564 dixeritis
1053 1502 1084 1564 iu
1107 1509 1169 1562 tres
1191 1511 1291 1582 partes

67 1597 156 1658 dividi
177 1595 329 1658 hominem
352 1603 383 1656 et
403 1614 439 1657 ex
461 1594 579 1658 duobus
602 1597 721 1676 quidem
742 1598 816 1661 loeis
838 1601 1058 1664 revocationem
1083 1603 1188 1666 lacum
1211 1621 1291 1677 csse,

67 1699 97 1760 in
132 1697 220 1760 terlio
249 1715 319 1758 vero
349 1695 466 1758 tertiam
495 1705 609 1777 partem
637 1715 758 1760 manere
785 1700 911 1762 sinodis
941 1701 1115 1782 colligatam.
1160 1705 1194 1766 Si
1222 1723 1292 1766 roro

66 1799 178 1862 nullum
202 1798 289 1860 alium
311 1798 410 1860 locum
434 1799 593 1860 ostendere
613 1800 743 1883 potestis
765 1811 883 1880 practer
905 1804 1074 1884 sepulcrum
1089 1814 1120 1867 ct
1134 1805 1292 1882 infernum,

66 1920 103 1962 cx
130 1899 239 1980 quibus
266 1901 359 1961 homo
380 1900 511 1978 perfecte
534 1908 656 1980 ereptus
680 1903 720 1964 sit
742 1901 875 1974 (Christo
897 1923 952 1982 per
974 1921 1058 1966 suam
1080 1908 1241 1984 perlectam
1265 1917 1294 1970 et

19 2007 20 2012 ’
66 2001 253 2062 verissimam
281 2001 407 2062 formam
436 2010 558 2063 nocuae
587 2001 715 2064 similem
743 2021 801 2063 nos
823 2003 995 2082 liberanto),
1024 2023 1077 2068 cur
1102 2008 1199 2072 adhuc
1227 2009 1294 2072 tolia

66 2102 217 2182 proiectis,
241 2103 324 2183 quasi
347 2101 425 2164 licus
448 2103 577 2164 humano
601 2105 703 2182 generi
725 2105 858 2167 nondum
881 2105 1089 2169 reconciliatus
1112 2106 1178 2169 snt
1205 2109 1293 2182 Quo·

66 2205 158 2266 modo
179 2204 268 2283 igitur
286 2203 421 2266 Salvator
443 2203 585 2266 advenit?
608 2223 645 2266 an
668 2205 748 2284 quod
769 2224 832 2268 non
854 2216 958 2286 posset
980 2215 1075 2270 totum
1097 2208 1213 2271 solvere
1234 2210 1294 2272 ho·

66 2303 201 2366 minem?
222 2323 261 2366 an
283 2304 363 2384 quod
385 2314 526 2378 mentem,
550 2324 625 2386 quae
647 2307 739 2368 semet
762 2308 945 2385 peccaverit,
968 2307 1009 2370 sit
1030 2308 1227 2372 exsecratus?
1256 2329 1294 2374 on

65 2407 151 2484 quasi
174 2405 301 2480 timeret,
323 2423 361 2468 ue
384 2415 415 2466 et
437 2407 502 2486 ipse
523 2408 637 2486 peccati
659 2409 811 2487 particeps
834 2417 925 2482 esset,
949 2408 1057 2470 sicum
1073 2407 1152 2472 Deus
1168 2410 1208 2472 sit
1221 2429 1293 2490 per·-

65 2511 162 2572 ioctus
184 2509 275 2570 lromo
297 2506 407 2570 lieret?
449 2508 511 2570 Sed
533 2508 693 2588 impietatis
715 2509 795 2588 pleni
818 2519 897 2580 suut,
922 2508 971 2588 qui
993 2509 1069 2570 haec
1090 2510 1129 2571 ita
1153 2511 1292 2590 cogitant.

63 2607 163 2680 Quam
185 2609 264 2670 eninr
286 2617 406 2689 peccato
429 2610 632 2674 definitionem
655 2609 802 2682 tribuitis,
827 2610 875 2688 qui
898 2611 971 2671 haec
991 2609 1162 2688 loquimini,
1185 2629 1293 2690 pecca-

66 2718 128 2772 tum
150 2711 265 2774 aientes
288 2731 323 2774 ou
346 2720 450 2776 uatura
473 2730 552 2784 esso,
576 2719 609 2772 ut
630 2711 704 2772 dixit
724 2711 920 2790 impiissimus
941 2708 1156 2774 llaniclraeusl

152 3117 202 3178 to.
244 3113 325 3176 llaec
345 3113 415 3176 duur
438 3115 479 3176 itu
501 3113 636 3187 seruilis,
660 3113 810 3178 meroris
834 3122 956 3176 nemeae
980 3114 1186 3180 criminatores
1210 3117 1293 3182 estis.

65 3215 139 3278 Curat
160 3216 197 3278 ab
219 3213 306 3278 initio
330 3215 410 3278 lleus
426 3216 517 3278 ddum
540 3215 716 3290 efformavit,
740 3233 810 3278 num
834 3217 966 3278 innatum
990 3217 1048 3297 ipsi
1069 3227 1225 3298 peccatrun
1247 3219 1293 3280 ei·-

64 3315 159 3380 lora't?
202 3315 282 3389 Quid
305 3315 394 3395 igitur
408 3328 566 3397 praecepto
583 3335 660 3397 opus
676 3317 755 3382 tuirt
777 3337 830 3382 our
845 3317 926 3380 illum
943 3319 1101 3392 damnavit,
1123 3319 1205 3402 quod
1220 3339 1293 3400 pec-

62 3415 189 3480 causet?
211 3435 270 3496 quo
292 3426 379 3496 pacto
401 3417 492 3480 ddum
515 3425 584 3480 ante
605 3418 840 3482 inobedientiam
862 3438 923 3482 uon
945 3420 1118 3500 cognoverit
1137 3420 1249 3482 bouum
1265 3429 1296 3482 et

64 3516 199 3580 malum?
244 3521 339 3591 Quem
368 3519 482 3581 scilicet
502 3518 581 3582 Deus
609 3521 718 3584 crearit
746 3521 778 3583 in
800 3520 1054 3599 incorruptionem
1075 3520 1164 3580 etad
1187 3519 1293 3597 imagi-

64 3637 133 3682 nem
154 3636 230 3680 suae
249 3619 452 3694 aeternitatis,
473 3621 602 3684 etutdem
624 3625 731 3684 naturl
752 3621 864 3700 peccati
887 3629 1009 3698 experte
1030 3629 1062 3680 et
1082 3618 1233 3680 voluntate
1254 3617 1293 3678 li-

64 3718 136 3794 bere
163 3719 302 3795 donarit,
325 3721 449 3784 lucidis
468 3731 571 3786 utem
594 3722 706 3786 diodoli
727 3739 812 3784 mors
836 3724 967 3782 detrudit
988 3725 1022 3784 iu
1043 3719 1203 3795 mundum,
1226 3735 1294 3780 cum

93 3939 117 3987 d.
140 3937 182 3987 Sic
201 3937 313 4000 Somou,
332 3942 370 3990 cui
390 3942 511 3992 consentit
528 3941 651 4002 Nunnium
703 3935 753 4020 riur
771 3931 979 4056 ἆροῗιῆσαντα,
1000 3930 1014 4000 ἢ
1035 3913 1072 3992 vir
1089 3931 1244 3990 δεδοικότος
1254 3931 1292 4002 μὴ

61 4005 84 4054 in
102 4000 310 4068 editisidyotro.
349 4007 399 4058 lior
426 4009 488 4060 idem
512 4007 653 4086 Serapeion.
702 4021 859 4060 auteurs.

61 4067 111 4131 τὴν
129 4063 279 4130 ἀνάκλησιν
294 4067 537 4154 γιῖονένωκένδὲ
549 4088 587 4140 ’Ψ
598 4069 654 4140 '95'
740 4111 756 4158 l.
775 4111 840 4160 llaec
857 4109 999 4159 adferuntur
1018 4108 1040 4158 in
1060 4106 1156 4172 Synodo
1175 4106 1295 4156 Constan-

61 4133 274 4258 ggfflgg
296 4137 654 4274 gppssggnffsssspffimpgp
705 4177 841 4255 omn.
862 4184 918 4225 en
936 4175 960 4225 e.
981 4176 1072 4226 nnn
1092 4171 1184 4238 ,ao
1204 4181 1227 4222 a
1245 4171 1294 4224 stt
1331 4217 1333 4224 ,

272 4245 278 4266 ’
706 4241 794 4306 [lirun
814 4243 888 4294 Cone.
907 4242 969 4294 Coll.
989 4241 1107 4293 Tornll.
1126 4255 1183 4306 pag.
1195 4239 1254 4290 sot.
1273 4247 1297 4292 et

60 4271 395 4408 'osswglpiri'rsigiiiriiiizit
419 4345 488 4395 deest
512 4345 536 4394 in
554 4343 654 4408 Segner.
704 4309 785 4375 ml·

61 4409 125 4459 solo.
165 4409 215 4458 lior
227 4411 326 4472 sepner.
347 4413 444 4462 Goblor.
464 4421 487 4462 et
505 4413 611 4462 l'elclm.
632 4411 653 4460 l.
739 4426 762 4474 g.
780 4411 821 4462 Sic
839 4405 940 4473 Sepucr.
961 4409 1059 4462 Goltler.
1077 4419 1102 4460 ot
1121 4410 1226 4461 lelclrm.
1242 4408 1298 4459 l.et

61 4467 77 4532 ἢ
101 4467 141 4528 uir
168 4465 302 4525 ἀδυνάτου
326 4469 406 4532 ὄντος
422 4475 503 4527 λῦσαι
520 4473 570 4526 τὸν
588 4471 654 4544 σύμ·
705 4478 722 4528 S
738 4478 794 4530 nod.
814 4479 940 4530 Constant.
959 4479 983 4528 iu
997 4467 1297 4546 edititdmdcpoimul

61 4555 157 4591 aanor
180 4535 347 4612 ἄνθρωπον,
368 4539 384 4607 ἢ
403 4539 440 4600 uic
455 4540 654 4611 βδελυξαμένου
705 4493 805 4594 sitire.
