3072 5056
405 343 552 388 errarunt
564 343 603 388 ns
618 343 785 388 economus
799 342 941 386 oroursu.
1229 331 1289 394 135

86 495 171 558 trium
189 492 290 556 mertit
308 491 479 573 ambaeque
490 493 631 558 haereses
649 491 735 576 paris
754 492 913 573 impietatis
930 491 1075 568 dedarat3
1097 513 1194 574 neque
1210 497 1379 560 enimuero.

85 595 195 658 Verbum
213 602 259 658 est
279 593 365 658 llorbi
386 603 488 674 pater,
518 612 617 675 neom
640 595 747 656 lactum
771 602 832 664 est,
865 593 945 674 quod
974 613 1009 659 ex
1029 594 1116 658 Patre
1143 598 1294 676 procedit,

85 697 128 758 sed
151 696 263 776 propria
290 695 354 758 eius
381 695 565 758 substantiae
592 695 705 776 proles.
750 695 938 775 Remumque
966 695 1095 760 Verbum
1122 699 1289 778 procedens

85 817 134 858 non
152 805 195 860 eat
213 797 314 871 Pater,
337 815 394 860 nec
415 779 542 859 Verbum
564 795 646 858 istud
667 815 759 858 onum
782 815 817 860 ex
838 795 940 858 multis
963 805 1026 870 est,
1060 798 1113 862 sed
1137 799 1220 860 solus
1243 807 1292 892 est¹

86 897 165 960 Patris
183 897 273 962 Filius
292 917 382 960 verus
404 907 435 960 et
455 906 559 960 natura
582 897 749 976 genuinus,
772 895 821 976 qui
845 907 874 960 et
894 915 975 960 nuno
996 897 1026 960 in
1048 898 1115 978 ipso
1139 899 1240 962 existit
1260 908 1291 964 et
1378 957 1381 964 .

87 999 112 1060 iu
129 1007 263 1062 murnum
285 1009 373 1079 atoue
395 997 614 1062 indivisibiliter
635 1017 671 1062 ex
694 1017 729 1060 eo
752 1007 808 1062 est.
842 998 892 1061 Sic
914 1007 944 1062 et
959 998 1110 1080 Sapientia
1131 1011 1162 1064 et
1175 1001 1289 1066 Veritas

84 1108 122 1160 eet
138 1099 282 1174 dominus,
304 1111 417 1163 eonon
439 1110 486 1162 est
506 1100 543 1160 ab
565 1099 621 1162 alia
643 1099 788 1180 sapientia
810 1101 977 1174 seeundum
1000 1101 1054 1164 sed
1071 1101 1154 1164 solue
1168 1103 1217 1165 bic
1232 1111 1289 1178 eat,

83 1218 127 1280 per
143 1220 221 1280 pem
243 1202 452 1264 omnia·Pater
473 1200 620 1274 condidit,
648 1200 679 1264 iu
701 1201 828 1282 ipsoque
850 1201 1028 1282 multiplices
1050 1221 1152 1264 rerum
1174 1205 1289 1268 consti·

83 1301 128 1362 tuit
145 1301 336 1376 murtiae,
357 1322 412 1384 per
434 1321 522 1382 quem
544 1303 633 1364 etiam
655 1302 762 1382 quibus
786 1303 847 1366 vult
868 1303 1047 1378 innotescit,
1075 1303 1107 1366 in
1129 1304 1196 1384 ipso
1218 1304 1292 1371 item

83 1401 193 1466 omnum
213 1405 428 1484 providentiam
442 1404 543 1483 'gerit,
577 1402 675 1466 omnio
696 1405 766 1482 agit.
809 1403 874 1466 lloc
895 1404 975 1466 enim
997 1405 1116 1468 unicum
1138 1406 1191 1468 liei
1213 1406 1293 1476 Vera

81 1501 138 1564 bum
156 1505 268 1583 agnouit
290 1505 511 1586 etllionpsins.
555 1504 636 1566 llaec
664 1512 711 1567 est
731 1503 865 1584 Dionysii
893 1505 977 1572 fides.
1022 1506 1118 1570 Pauca
1146 1508 1226 1572 euim
1254 1527 1291 1572 ex

82 1603 133 1666 eius
152 1605 279 1686 epistolis
302 1607 424 1670 collecta
447 1605 624 1686 conscripsi,
651 1622 726 1686 quae
749 1613 846 1668 umen
869 1606 954 1686 plura
975 1607 1103 1670 addendi
1125 1609 1179 1672 tibi
1201 1629 1289 1674 occa-

81 1704 176 1768 sionem
194 1708 370 1786 praebeant,
399 1707 525 1770 Arianos
555 1725 626 1768 vero
654 1708 782 1768 maximo
810 1707 927 1786 pudore
949 1709 1122 1772 suffundent
1143 1710 1183 1774 ob
1205 1729 1291 1776 suom

80 1806 200 1872 drusus
220 1809 405 1890 Episcopum
427 1808 612 1872 calumniam.
656 1807 689 1870 lo
713 1806 853 1870 omnibus
875 1807 984 1890 quippe
1007 1810 1127 1892 scriptis
1149 1813 1211 1876 suis
1234 1834 1290 1876 eo-

79 1925 132 1970 mm
150 1909 284 1974 malitiam
308 1911 442 1991 coarguit
464 1919 493 1974 et
514 1910 661 1972 haeresin
684 1909 823 1972 traduxit.

146 2315 193 2380 26.
235 2317 280 2380 Ex
302 2319 352 2380 bia
373 2318 473 2397 imque
493 2323 590 2398 potet,
622 2314 777 2394 epistolam
805 2315 843 2378 ad
863 2313 1088 2394 Euphranorem
1111 2325 1143 2376 et
1162 2317 1286 2380 Ammo-

78 2409 142 2476 niuo
161 2416 213 2480 elia
234 2428 337 2481 mente
360 2429 391 2481 et
411 2438 446 2482 ex
469 2416 644 2480 oeconomia
665 2417 791 2497 quadam
814 2415 850 2478 ab
866 2417 933 2495 ipso
950 2416 1091 2496 scriptam
1106 2435 1183 2492 esse,
1207 2418 1286 2498 quod

78 2509 133 2576 item
158 2535 191 2580 ex
222 2519 292 2582 eius
321 2520 456 2600 apologia
483 2517 702 2598 comprobatur.
755 2517 793 2580 Et
820 2527 869 2580 eet
896 2536 965 2579 uere
992 2525 1060 2597 apta
1087 2519 1288 2597 persuadendi

77 2613 153 2678 forma
173 2620 207 2681 ad
228 2621 379 2684 insaniam
402 2619 522 2684 Sabellii
544 2619 743 2694 evertendam,
766 2626 800 2680 ut
820 2618 873 2697 qui
889 2635 1032 2699 sequaces
1048 2618 1111 2680 eius
1127 2619 1185 2680 cito
1200 2638 1287 2682 coar-

75 2729 149 2792 guere
168 2719 248 2795 velit,
286 2740 348 2784 non
375 2721 412 2784 eb
440 2721 622 2802 argumentis
656 2720 721 2784 eius
749 2719 930 2782 divinitatem
951 2717 1149 2780 indicantibus
1171 2718 1290 2780 initium

76 2813 147 2878 durat
165 2839 273 2902 nempe
295 2822 402 2886 Filium
424 2841 494 2886 esee
511 2821 652 2897 Verbum,
673 2819 854 2900 Sapientiam
877 2827 907 2882 et
922 2818 1076 2890 Virtutem,
1098 2837 1155 2882 nec
1169 2818 1205 2880 ab
1220 2819 1287 2882 illo:

75 2914 125 2997 Bao
144 2931 171 2982 et
190 2922 289 2986 Peter
309 2940 404 2986 uuum
425 2943 547 2998 sumum
569 2941 608 2986 ne
630 2921 682 2996 illi,
705 2939 781 3002 quae
803 2928 883 2984 recte
905 2919 983 2982 dicta
1005 2929 1083 2994 suot,
1106 2920 1143 2982 ad
1164 2939 1288 3001 pravum

76 3035 178 3084 surum
198 3024 414 3104 detorquentes
435 3024 616 3105 impudentis
631 3021 832 3087 contentionis
847 3021 1035 3086 occasionem
1048 3021 1119 3085 binc
1133 3022 1287 3103 arripiant,

75 3117 131 3182 bru
149 3125 287 3190 audiunt:
318 3125 379 3206 tipo
402 3139 430 3193 et
452 3126 545 3190 Potor
566 3145 661 3188 uuum
683 3143 797 3196 sumus,
820 3132 866 3188 ot:
898 3123 962 3198 Qut
981 3123 1137 3199 viditate,
1162 3125 1237 3188 cidit
1258 3134 1288 3188 rt

75 3219 179 3286 Patrem
198 3245 314 3298 meum,
350 3227 405 3288 sed
426 3227 587 3288 Salvatoris
617 3226 753 3305 exemplo
782 3225 952 3306 praemittat
974 3244 1025 3298 ea,
1054 3244 1129 3306 quae
1155 3227 1286 3290 bumano

75 3339 142 3386 uere
161 3326 196 3391 oa
217 3328 273 3390 illo
295 3327 373 3390 dicta
394 3327 556 3402 habentur,
586 3326 752 3390 cuiusmodi
775 3335 846 3390 suut
866 3327 999 3402 esurire,
1025 3326 1175 3400 laborare,
1207 3327 1288 3408 qood

75 3421 129 3486 ritis
147 3426 199 3501 sit,
227 3428 313 3509 quod
340 3420 468 3492 oraverit
496 3438 525 3491 et
551 3447 659 3508 passus
687 3429 743 3504 sit,
774 3435 884 3508 quanto
914 3429 994 3490 enim
1020 3428 1094 3490 haec
1115 3429 1194 3492 dictu
1217 3435 1288 3492 sont

75 3520 228 3604 humiliora,
251 3536 336 3592 tanto
356 3529 497 3610 liquidius
520 3529 757 3604 demonstrator,
783 3529 901 3594 Patrem
923 3547 985 3592 noo
1008 3549 1075 3592 esse
1095 3531 1205 3594 lactum
1226 3529 1285 3591 bo·
1366 3520 1370 3532 '

76 3625 175 3691 niuem.
218 3631 387 3708 Necessum
408 3639 456 3694 eat
476 3631 566 3706 enim,
590 3649 656 3694 eum
678 3631 823 3695 Dominus
845 3631 913 3694 ritis
931 3631 1105 3712 appelletur,
1128 3629 1287 3711 agricolam

78 3735 182 3804 entus,
205 3741 327 3794 etcum
350 3739 426 3803 oret,
454 3751 522 3794 esse
544 3733 595 3814 qui
618 3733 770 3806 exaudiat,
793 3751 859 3794 oum
882 3731 1010 3812 denique
1031 3740 1123 3813 petat,
1146 3749 1214 3794 esse
1235 3729 1286 3810 qui

76 3830 206 3897 renudat
251 3832 433 3896 Huiusmodi
463 3833 572 3914 quippe
594 3833 670 3900 dicta
692 3834 780 3914 longe
803 3833 916 3898 taedius
939 3832 1174 3896 sabellianorum
1201 3826 1275 3892 insa·

74 3924 141 3990 uiam
159 3943 413 4008 commonstrant,
440 3936 521 4014 quod
547 3953 673 4000 necesse
695 3936 817 3998 omnino
840 3935 890 4010 sit,
912 3935 1001 3998 alium
1025 3951 1111 4006 eoae,
1139 3932 1190 4013 qni
1212 3938 1287 4006 orat,

104 4079 124 4128 d.
140 4081 178 4134 sie
200 4086 258 4149 neg.
284 4085 360 4137 baril.
385 4096 408 4137 et
426 4089 498 4149 editi,
524 4096 596 4152 atque
615 4089 646 4138 ita
733 4105 755 4145 a.
773 4089 871 4138 laurio.
890 4087 959 4138 Colb.
977 4085 1023 4136 les.
1041 4081 1122 4148 adop.
1160 4083 1212 4133 llo:
1229 4083 1286 4147 lless.

75 4143 177 4200 launum
206 4154 297 4216 legisse
325 4163 404 4219 patet,
432 4157 472 4220 qui
500 4157 570 4206 vertit
598 4157 647 4208 olio
698 4149 745 4204 soi
763 4147 892 4222 ἀμπέλου.
928 4155 955 4204 ln
973 4154 1071 4204 Tauria.
1090 4151 1158 4202 Colb.
1176 4151 1223 4204 lea.
1240 4146 1289 4202 uui

75 4223 141 4264 noue.
172 4221 219 4270 Sed
238 4223 337 4272 laurio.
357 4222 426 4274 colb.
445 4224 491 4274 les.
511 4223 547 4273 l‘r.
559 4224 577 4272 l.
595 4226 646 4275 ric:
699 4224 776 4274 decet.

76 4267 184 4362 fimgdi
201 4285 239 4354 μὴ
259 4282 352 4357 φαύλῃ
363 4284 489 4354 διανοίᾳ·
510 4281 645 4354 dilictio.
733 4292 757 4340 b.
776 4289 845 4340 colb.
863 4289 908 4340 les.
926 4288 963 4364 F!-
974 4287 992 4338 l.
1011 4277 1189 4338 inmotam.
1221 4287 1285 4340 Editi

76 4364 177 4466 Feloco
199 4357 269 4408 deest
294 4360 319 4408 io
344 4359 442 4410 laurio.
467 4359 573 4410 colbert.
598 4359 645 4412 leo.
698 4367 724 4474 ξι
754 4359 812 4422 ling.
839 4347 1023 4408 ὕπακουοπα.
1076 4355 1129 4406 lior
1154 4355 1212 4422 lter.
1246 4350 1288 4406 de·

91 4429 107 4462 ¹·
133 4453 139 4466 ·
716 4423 809 4476 oeno,
1228 4460 1234 4471 Γ

89 4483 117 4556 ¹l
133 4485 301 4550 decisoria.
320 4494 366 4543 lea.
381 4490 482 4560 πεινῇν.
519 4493 647 4546 lloxTan·
734 4495 750 4544 i.
774 4493 842 4544 Colb.
868 4491 913 4543 lea.
939 4491 979 4543 Fr.
995 4491 1015 4543 l.
1032 4483 1182 4542 ἐπακοῦων.

79 4558 114 4600 stt
129 4553 194 4611 Colb.
212 4559 260 4614 tea.
274 4555 321 4612 soi
338 4551 382 4610 ὅτι
398 4551 503 4629 ἥψετο.
699 4561 798 4612 Tauria.
826 4569 850 4612 et
876 4561 933 4612 editi
950 4551 1104 4612 ι’πωωύων.
1142 4557 1177 4608 llo
