3110 5064
668 361 842 415 ennararro.
1327 354 1365 421 15

133 523 257 595 iudicio,
280 522 329 582 cui
352 539 387 582 se
409 521 596 594 submittere,
619 522 794 601 praesertim
817 522 847 582 in
870 523 929 584 hoc
950 523 1113 584 litterarum
1136 541 1254 601 genere,
1277 524 1367 585 intel·

135 625 232 703 ligans
255 623 353 702 quiris
382 624 559 702 gravabitur.
605 623 689 684 Sicut
718 623 797 684 euim
825 623 956 702 theologi
986 641 1021 684 cx
1052 625 1180 704 partium
1209 625 1308 686 studio
1338 633 1368 686 et

134 743 191 806 pro
214 723 418 796 dissensione,
441 743 515 802 quae
537 731 585 784 est
606 724 642 785 de
666 724 852 803 dogmatibus
881 725 1071 803 theologicis,
1100 743 1280 805 magnopere
1302 726 1366 788 dis-

135 827 273 889 sentiunt
294 823 332 886 de
354 833 471 903 patrum
494 825 667 886 auctoritate
690 831 720 885 et
742 841 808 896 usu,
833 825 872 885 ita
894 843 964 885 uero
988 825 1018 886 in
1041 826 1160 906 scriptis
1178 834 1295 906 patrum
1311 825 1366 888 alia

135 927 204 990 aliis
226 927 346 1006 placent
367 933 416 986 aut
437 925 595 1004 displicent
617 935 646 986 et
668 927 798 988 notanda
821 925 955 986 videntur
978 934 1028 986 aut
1049 928 1273 1004 praetereunda.
1308 927 1365 989 Ce-

136 1037 235 1090 terum
258 1045 318 1106 qua
338 1032 437 1087 mente
459 1025 619 1088 Rocslcrus
643 1028 739 1088 studia
762 1026 886 1088 Scrhleri
915 1026 1078 1089 aemulatus
1107 1028 1163 1090 boo
1190 1027 1366 1108 excerpendi

138 1139 169 1190 et
197 1127 380 1208 epitomaudi
414 1143 521 1188 munus
549 1128 716 1206 susceperit
744 1137 773 1189 et
803 1135 959 1188 exsecutus
983 1127 1031 1200 sit,
1054 1135 1138 1189 antea
1161 1129 1215 1190 iam
1238 1129 1367 1190 breviter

139 1229 275 1310 exposui.
320 1227 405 1289 Nune
425 1227 455 1289 id
478 1245 569 1290 unum
591 1228 734 1300 sublicio,
757 1229 851 1290 virum
875 1227 1054 1290 industrium
1076 1229 1154 1290 haud
1176 1247 1286 1308 paucos
1308 1247 1365 1291 suo

135 1331 231 1392 modo
251 1337 451 1408 pertractasse
472 1337 588 1408 patrum
617 1327 724 1400 libros,
753 1331 803 1408 qui
831 1347 935 1408 parum
963 1329 1120 1390 conlemnt
1146 1331 1182 1392 ad
1209 1329 1365 1390 historiam

137 1430 293 1492 doctrinae
326 1429 505 1490 christianae
535 1429 758 1503 illustrandam,
790 1430 870 1492 relut
897 1429 1019 1491 Eusebli
1047 1429 1308 1510 Praeparationem
1339 1437 1368 1490 et

135 1530 430 1594 Demonstrationem
454 1529 649 1606 evangelicam
672 1529 794 1609 eiusque
818 1531 971 1592 historiam
994 1531 1234 1601 ecclesiasticam,
1263 1539 1366 1592 contra

136 1633 168 1694 iu
191 1631 259 1693 aliis
282 1631 440 1709 plurimum
463 1630 538 1691 lucis
560 1629 601 1690 illi
629 1630 772 1692 historiae
800 1632 992 1694 alterantibus
1021 1633 1229 1712 compendium
1258 1631 1365 1693 iecisse

136 1751 250 1814 operae
273 1749 333 1793 nou
356 1731 422 1792 siue
443 1730 547 1791 fraude
568 1731 722 1794 lectorum.
766 1733 815 1794 Sic
837 1749 872 1792 ex
895 1733 1080 1811 amplissimo
1110 1741 1139 1794 et
1166 1731 1364 1811 praestantis·

135 1835 217 1895 simo
240 1849 333 1912 opere
353 1831 520 1909 dogmatico
543 1830 676 1910 Gregorii
699 1833 836 1911 Nysseni‚
860 1851 895 1894 cx
914 1832 998 1894 libris
1022 1833 1084 1894 llll.
1103 1834 1148 1894 vel
1163 1833 1240 1894 lllll.
1262 1839 1365 1894 contra
1427 1897 1430 1906 ,

138 1933 329 2008 boemiam,
351 1949 415 1997 nou
437 1931 585 2009 excerpsit
605 1932 722 2010 potiora
745 1949 840 2013 neque
859 1951 1005 1994 summam
1027 1951 1129 1996 eorum
1146 1935 1212 2014 ipse
1227 1933 1364 2004 couleoit,

139 2035 194 2096 sed
216 2033 420 2096 tantummodo
447 2025 631 2115 κεφάλαια,
662 2035 822 2095 summaria
852 2033 1035 2112 singulorum
1058 2035 1201 2096 librorum
1223 2035 1364 2096 universo

136 2135 224 2214 operi
247 2136 278 2196 in
301 2133 454 2194 codicibus
476 2133 667 2212 praescripta,
690 2135 856 2212 germanice
884 2133 1021 2196 reddidit.
1065 2135 1207 2198 Similiter
1228 2135 1265 2196 de
1286 2135 1365 2196 cele·

134 2233 280 2297 berrimis
301 2231 459 2312 hugustiui
488 2234 640 2311 opusculis
669 2235 843 2314 dogmaticis
871 2235 1085 2314 polemicisque
1107 2235 1364 2322 lahoripepercit,

136 2337 276 2415 satisque
310 2335 369 2414 ipsi
401 2333 457 2394 luit
483 2335 681 2413 proposuisse
703 2336 955 2399 Retractationum
983 2336 1078 2397 libros
1105 2337 1135 2398 in
1165 2337 1365 2416 germanicum

134 2453 302 2499 conversos
325 2443 355 2495 et
376 2433 489 2514 passim
510 2434 753 2498 adnotationibus
783 2437 936 2499 historicis
959 2445 1047 2515 atque
1068 2437 1218 2500 litterariis
1252 2445 1365 2500 auctos.

134 2537 212 2600 illud
233 2554 325 2607 vero,
355 2535 435 2614 quod
462 2543 580 2615 patrum
608 2553 780 2614 graccorum
808 2547 838 2599 ct
866 2538 1025 2600 latinorum
1049 2540 1158 2618 scripta
1187 2537 1305 2599 nonnisi
1330 2555 1365 2598 ex

133 2637 384 2717 interpretatione
418 2635 582 2715 germanica
614 2637 775 2698 lectoribus
807 2639 863 2698 hac
895 2637 925 2698 in
958 2637 1135 2700 bibliotheca
1165 2638 1364 2709 innotescunt,

140 2747 283 2819 quantum
320 2739 394 2799 leret
428 2735 624 2809 incommodi,
658 2753 719 2798 non
752 2755 829 2817 opus
858 2743 905 2797 est
932 2737 1098 2797 rationibus
1127 2739 1366 2816 argumentisque

141 2839 265 2911 docme,
298 2845 331 2900 et
356 2855 390 2899 re
412 2837 477 2916 ipsa
498 2836 633 2898 iniuriam
655 2838 781 2898 lacerem
805 2836 952 2916 theologis
976 2843 1096 2898 nostrae
1123 2837 1245 2910 aetatis,
1277 2837 1303 2898 si
1335 2837 1366 2898 in

136 2941 313 3002 universum
336 2937 366 3000 id
388 2937 553 2998 docendum
569 2938 761 3016 susciperem.
806 2936 966 2999 ltoeslerus
982 2937 1051 3000 huic
1064 2938 1254 3000 incommodo
1270 2938 1367 3017 aliqua

134 3061 170 3104 ex
209 3047 295 3120 parte
328 3055 485 3100 occurrere
516 3038 630 3100 studuit
662 3057 715 3114 co,
752 3039 833 3118 quod
865 3039 902 3100 ad
936 3039 1098 3118 marginem
1132 3040 1270 3120 apposuit
1301 3039 1366 3118 ipsa
1468 3105 1469 3108 ,

133 3148 259 3222 patrum
281 3157 455 3218 graecorum
477 3147 507 3200 et
527 3138 685 3200 latinorum
710 3138 808 3212 verba,
832 3139 939 3219 quibus
962 3150 1012 3200 aut
1034 3143 1255 3203 controversiae
1277 3156 1365 3201 causa

131 3243 181 3304 vu
220 3239 339 3303 occasio
371 3241 484 3302 inesset
516 3247 567 3300 aut
601 3239 740 3302 subtilior
773 3240 920 3320 dogmatis
955 3241 1119 3321 explicatio.
1165 3241 1232 3314 Quo
1267 3249 1365 3302 temen

134 3344 278 3406 succum
307 3359 367 3402 non
396 3347 443 3402 est
469 3357 567 3418 neque
593 3341 693 3419 potuit
720 3341 829 3413 cilici„
850 3351 883 3403 ut
914 3359 1019 3404 omnes
1047 3360 1135 3404 voees
1163 3342 1365 3420 formulasque

132 3443 274 3524 patribus
307 3441 462 3520 utriusque
488 3439 630 3503 ecclcsiae
662 3441 692 3502 in
721 3460 754 3503 re
782 3443 947 3520 dogmatica
973 3443 1111 3522 propriae
1139 3450 1169 3505 et
1199 3443 1364 3522 peculiares

133 3545 282 3606 leetomm
312 3541 406 3604 oculis
435 3540 665 3616 subiicerentur,
699 3558 825 3622 quorum
858 3542 916 3604 rim
946 3552 976 3604 et
1002 3543 1245 3622 significationem
1273 3561 1365 3604 nossa

137 3653 167 3706 et
198 3643 359 3706 observare
386 3651 503 3722 oportet
536 3661 619 3715 eum,
651 3643 700 3721 qui
734 3661 831 3704 reram
860 3643 978 3708 illorum
1011 3645 1048 3706 de
1081 3645 1269 3724 dogmatibus
1296 3643 1365 3706 lidei

138 3745 317 3806 sententiam
340 3743 460 3822 assequi
484 3743 593 3804 studet.
636 3743 697 3805 Nec
719 3745 871 3822 quaeritur
897 3745 946 3806 bio
973 3745 1010 3806 dc
1033 3745 1105 3807 solis
1129 3746 1280 3819 terminis,
1314 3743 1365 3824 qui

135 3845 286 3919 dicuntur,
311 3845 454 3906 technieis
476 3843 642 3922 theologiae
665 3845 864 3923 dogmaticae,
893 3863 1020 3924 quorum
1048 3846 1078 3907 in
1108 3865 1163 3910 usu
1192 3863 1296 3907 omnes
1318 3842 1365 3903 rel

133 3947 271 4027 plerique
294 3947 373 4008 iuter
395 3964 428 4007 se
450 3945 639 4018 conveniunt,
662 3945 715 4006 sed
738 3947 826 4007 etiam
849 3945 885 4007 de
906 3946 1027 4010 vocibus
1052 3947 1198 4009 eiusmodi
1221 3952 1251 4004 et
1271 3943 1363 4022 phra-

134 4047 233 4120 sibus,
257 4045 366 4126 quibus
388 4046 570 4107 diversarum
599 4045 767 4108 scholarum
796 4045 857 4107 sive
879 4047 1069 4110 ecelesiarum
1092 4049 1231 4108 doctores
1254 4051 1284 4105 et
1299 4042 1363 4106 sin-

126 4149 198 4228 ‚guli
225 4147 346 4226 quidam
377 4155 478 4227 patres
507 4147 630 4226 proprio
665 4165 719 4208 suo
754 4147 843 4208 modo
872 4157 1091 4213 consueverunt
1112 4146 1165 4208 uti.
1211 4145 1305 4218 Quam
1328 4144 1363 4206 od

132 4249 350 4340 proprietatem
373 4247 531 4310 verborum
554 4249 603 4326 qul
626 4263 686 4308 nou
708 4248 847 4322 attendit,
876 4267 943 4310 eum
966 4254 1155 4327 praetereunt
1176 4245 1294 4308 subtilia
1316 4245 1363 4306 illa

134 4349 351 4412 mundarum
373 4348 555 4420 discrimina,
579 4367 654 4426 quac
675 4365 706 4408 ru
729 4349 855 4412 historia
876 4351 1046 4427 dogmatum
1075 4348 1233 4428 plurimum
1261 4353 1364 4408 nostra

133 4453 262 4512 interest
283 4457 405 4511 eadmre
427 4458 457 4511 cl
479 4449 652 4521 enucleare,
684 4450 823 4528 quoniam
852 4450 882 4510 in
905 4449 942 4510 lis
964 4450 1084 4531 saepius
1115 4451 1183 4512 lons
1206 4449 1253 4510 vel
1275 4446 1363 4509 sedes

135 4549 286 4630 dogmatis
308 4549 501 4614 ecelesiastici
523 4552 679 4630 reperitur.
724 4551 854 4613 Omnino
882 4549 1006 4630 diligens
1029 4551 1198 4614 observatio
1220 4564 1293 4610 usus
1315 4545 1362 4608 lo·
