3072 5056
360 368 506 412 nrtsxou
520 369 558 412 b!
573 368 717 412 necareris
733 369 876 414 nicaenae
893 369 1011 412 sinent.
1259 357 1296 420 61

89 518 136 580 bei
155 533 188 580 ex
207 517 370 580 substantia
392 517 446 580 Dei
467 535 546 589 esse,
570 518 623 578 sed
646 517 782 581 Patribus
804 519 906 598 potius
929 499 1119 592 assentiatur,
1142 522 1191 599 qui
1214 521 1384 584 vide-rnna.

89 620 162 694 lieet,
183 629 213 680 ut
232 619 329 698 ipsam
351 618 395 680 rei
417 619 571 680 notionem
592 627 822 698 perpurgarent‚
846 621 966 682 maioris
988 621 1207 701 perspicuitatis
1230 641 1298 700 gra-

88 722 122 782 tia
146 719 298 798 verbisque
330 718 420 780 relnti
449 718 620 798 synonymis
650 719 703 780 bas
733 738 822 780 voces
852 739 891 782 ea
912 720 975 784 Deo
997 722 1064 783 istis
1087 742 1125 785 ecc
1145 723 1205 786 Dei
1225 725 1298 786 snb-

88 827 189 884 atcata'o
210 820 401 899 explicavere.
444 819 528 884 ldem
550 819 629 880 enim
652 837 720 882 esse
743 819 874 882 arbitrati
897 831 977 895 sunt,
999 823 1097 884 dicere
1119 824 1246 886 Verbum
1261 843 1300 888 ec

88 923 144 986 Deo
170 941 251 995 esse,
285 941 320 984 ac
348 920 447 983 dicere
474 920 573 999 ipsum
596 938 665 982 esse
688 939 727 982 ea
748 922 808 983 Dei
827 923 1012 994 substantio,
1042 925 1158 1002 qnando
1181 925 1299 1004 quidem

88 1023 137 1085 ista
156 1041 208 1084 rox
230 1022 329 1094 Deua,
354 1031 387 1084 ui
408 1021 484 1095 dixi,
508 1021 582 1084 nibil
604 1020 682 1082 aliud
706 1022 867 1100 significat,
897 1041 984 1101 quam
1007 1024 1199 1086 substantiam
1223 1027 1297 1099 eins,

87 1125 129 1204 apri
158 1133 211 1186 est.
255 1124 288 1186 Si
316 1122 406 1202 igitur
428 1121 557 1182 Verbum
587 1139 649 1182 nou
678 1121 718 1182 ita
747 1131 794 1184 est
821 1141 854 1184 ex
877 1123 956 1195 lleo,
990 1133 1023 1186 nt
1045 1144 1131 1186 verns
1155 1146 1188 1186 ex
1212 1127 1298 1188 Patre

87 1237 178 1288 natura
200 1225 239 1286 sit
259 1224 362 1297 Filius,
385 1224 439 1284 sed
461 1224 488 1285 si
510 1243 545 1284 eo
569 1223 773 1284 tautummodo
796 1243 831 1285 ex
853 1224 915 1285 [leo
939 1243 1007 1286 esse
1030 1225 1144 1299 dicitnr,
1168 1245 1226 1305 qno
1249 1246 1298 1287 res

87 1345 179 1388 omnes
209 1333 341 1398 creatae,
370 1324 437 1404 qnia
462 1343 570 1403 nempe
592 1343 608 1384 a
630 1324 692 1384 lleo
716 1325 807 1386 iactae
831 1334 917 1398 sunt;
946 1345 1018 1388 saue
1046 1345 1143 1405 neque
1166 1346 1201 1387 ex
1225 1326 1297 1388 sub-

87 1428 181 1490 stantia
202 1427 299 1488 Patris
322 1434 384 1500 est3
413 1443 509 1504 neque
531 1426 597 1504 ipse
618 1423 711 1485 Filius
735 1425 900 1486 substantia
922 1434 969 1488 est
989 1425 1097 1498 Filius,
1126 1427 1179 1486 sed
1202 1426 1298 1486 solum

86 1547 115 1590 ex
134 1530 247 1602 virtute,
270 1547 332 1589 non
355 1527 439 1588 aliter
461 1545 496 1588 ao
515 1545 584 1599 nos,
607 1525 658 1603 qni
680 1525 773 1603 gratia
794 1525 846 1586 lilii
869 1545 1017 1590 vocamur.
1063 1529 1114 1589 Sin
1131 1537 1229 1589 autem
1245 1545 1297 1588 so-

84 1631 123 1691 lus
144 1649 177 1692 ex
198 1629 259 1690 [leo
283 1636 331 1690 est
353 1635 491 1706 tanquam
512 1645 601 1688 verus
624 1626 732 1699 Vilius,
765 1628 807 1688 uti
828 1646 930 1690 revera
952 1636 1015 1704 est3
1047 1628 1112 1690 iure
1135 1647 1168 1690 ac
1190 1629 1297 1690 merito

86 1750 116 1792 ex
135 1729 295 1794 substantia
316 1729 371 1790 Dei
392 1727 485 1788 Filius
508 1727 652 1788 dicendus
675 1735 730 1788 est.

157 1835 207 1896 23.
252 1831 424 1890 Certerem
446 1829 486 1888 ita
510 1846 544 1888 se
566 1827 676 1889 habere
698 1836 779 1907 patet
801 1847 837 1887 ex
859 1829 993 1907 exemplo
1015 1829 1089 1890 lucis
1112 1839 1141 1891 ει
1155 1830 1297 1909 splendo-

85 1931 128 1991 ris.
168 1931 233 1992 Non
257 1930 337 1991 enim
360 1929 453 1991 instar
474 1929 570 2008 ignis,
600 1929 649 2006 qni
673 1947 708 1989 ex
732 1929 829 1990 calore
852 1929 925 1990 solis
948 1930 1117 1992 accenditur
1138 1949 1172 1992 ac
1193 1939 1298 2010 postea

85 2032 150 2092 solet
169 2032 309 2110 extingui,
331 2029 460 2092 Verbum
482 2049 515 2092 se
538 2030 574 2091 ad
588 2029 683 2090 Deum
706 2029 814 2092 habere
830 2030 930 2092 Sancti
951 2049 1111 2104 censuere3
1134 2032 1173 2092 ita
1188 2033 1298 2112 quippe

84 2142 223 2194 extemnm
256 2140 287 2194 et
319 2140 450 2194 creatum
483 2131 632 2192 ellectoris
667 2149 743 2210 opns
777 2139 865 2192 esset.
915 2133 1023 2194 Verum
1054 2132 1158 2194 Filium
1190 2151 1296 2194 omnes

85 2233 259 2310 splendorem
282 2251 350 2294 esse
372 2233 484 2304 dixere,
506 2239 539 2292 ut
561 2249 628 2292 eum
650 2232 771 2310 proprie
794 2251 827 2292 ac
849 2234 914 2294 sine
936 2234 1081 2294 divisione
1104 2253 1139 2295 ex
1154 2233 1295 2296 substan·

84 2333 116 2393 tia
135 2353 209 2408 esse,
231 2334 355 2412 eiusque
377 2351 444 2394 enm
458 2332 546 2393 Patre
562 2333 703 2392 natitatem
726 2332 933 2410 significarent.
979 2335 1110 2414 Namque
1133 2337 1190 2397 boc
1210 2343 1296 2414 pacto
1361 2366 1371 2376 ·

85 2443 194 2508 constat,
219 2453 288 2496 vere
311 2453 380 2496 eum
401 2431 613 2495 immutabilem
635 2434 842 2512 varietatisque
862 2443 1011 2514 expertem
1028 2455 1105 2498 esse.
1137 2435 1295 2508 Quomodo

84 2537 151 2595 enim
170 2537 254 2597 aliter
274 2535 341 2596 talis
364 2553 432 2596 esse
454 2541 576 2614 posset,
610 2533 668 2594 nisi
696 2533 792 2594 Patris
820 2535 960 2613 proprius
992 2545 1072 2597 esset
1103 2535 1204 2598 ictus?
1248 2536 1297 2596 Sic

86 2637 151 2696 enim
171 2655 294 2698 neccsse
318 2644 455 2697 osteum
478 2636 601 2696 eandem
623 2653 686 2695 rem
710 2654 784 2698 esse
800 2653 834 2694 ac
855 2654 941 2696 sunm
965 2636 1090 2696 Patrem.
1132 2639 1214 2708 Quae
1230 2655 1296 2696 enm

83 2735 169 2813 pietati
189 2737 273 2799 valde
296 2743 495 2798 consentanea
518 2755 586 2797 esse
609 2743 767 2796 ostensum
790 2737 888 2808 inerit,
910 2737 1044 2815 proiecto
1061 2736 1169 2797 Christi
1192 2737 1297 2798 hostes

84 2855 143 2898 noce
164 2837 432 2900 consubstantialia
454 2837 575 2900 minime
597 2835 708 2897 debent
730 2835 850 2904 offendi,
873 2854 939 2897 cum
962 2837 1035 2896 haec
1057 2854 1158 2897 sanam
1174 2834 1297 2898 omnino

84 2939 217 3000 contineat
236 2939 414 3000 sententiam
445 2938 619 3016 rationeque
646 2937 846 2998 confirmetur.
891 2937 1051 2998 Enimvero
1078 2956 1145 2998 cum
1167 2937 1296 3000 Verbum

84 3055 112 3097 ex
131 3039 291 3102 substantia
311 3036 365 3100 Dei
388 3057 455 3100 esee
478 3037 602 3099 dicimus
637 3038 707 3113 (iam
730 3037 809 3098 enim
832 3044 861 3097 et
882 3037 940 3115 ipsi
963 3037 1121 3099 dictionem
1145 3038 1220 3100 hanc
1241 3040 1295 3101 ad·

83 3138 206 3219 mittant),
229 3140 300 3219 quid
321 3139 400 3200 aliud
422 3139 633 3218 significamus,
656 3157 742 3218 qnam
758 3157 857 3206 ueram
876 3145 905 3199 ct
926 3147 1074 3200 aeternam
1091 3139 1296 3213 substantiam,

84 3257 111 3298 ex
136 3261 189 3320 qua
216 3243 313 3320 ipsum
342 3239 472 3319 genitum
501 3239 573 3302 esti
615 3239 676 3300 lVec
704 3239 782 3300 enim
811 3238 927 3300 diversa
955 3248 1000 3300 est
1022 3241 1136 3318 specie,
1166 3242 1296 3319 nequid

84 3351 219 3404 externum
241 3361 276 3404 ae
297 3341 443 3404 dissimile
466 3360 532 3402 cnm
543 3340 639 3402 Patris
663 3340 828 3402 substantia
850 3339 1019 3412 misceatur,
1035 3359 1091 3403 nec
1111 3341 1295 3404 extrinsecos

85 3439 208 3532 dvaxat
228 3442 327 3505 simile
349 3451 411 3516 εει,
442 3461 480 3504 ne
503 3441 559 3503 alia
580 3461 614 3504 cx
636 3449 720 3520 parte
742 3442 787 3502 vel
810 3441 931 3502 omnino
955 3443 1088 3504 diversae
1112 3443 1294 3504 substantiae
1376 3459 1377 3462 ’

84 3559 142 3603 εεεε
160 3553 306 3625 appareat,
329 3543 418 3606 veluti
441 3562 492 3605 aes
507 3544 623 3623 fulgens
639 3553 666 3606 et
682 3562 796 3617 aurum,
820 3543 973 3620 argentum
989 3551 1019 3604 et
1034 3552 1182 3606 suanum.
1216 3544 1296 3604 llaec

86 3641 212 3719 siqnidem
234 3647 352 3708 diversa
375 3644 481 3708 etalio
502 3655 590 3725 atque
619 3643 754 3726 separata
783 3653 852 3705 sunt
872 3645 941 3706 'tum
969 3654 1073 3706 natura
1104 3653 1165 3706 tum
1188 3646 1295 3705 virtute

86 3757 130 3804 nee
148 3763 195 3806 aes
214 3746 371 3826 proprium
393 3746 456 3808 auri
479 3757 541 3822 est,
568 3765 625 3808 nee
650 3746 804 3826 palumbes
833 3763 869 3806 ex
897 3745 1031 3806 columba
1060 3746 1208 3816 nascitnr;
1242 3743 1295 3804 sed

85 3847 199 3917 quamvis
219 3849 293 3909 baec
314 3854 456 3927 putantur
478 3866 546 3909 esse
568 3847 691 3919 similia,
721 3847 837 3908 diversa
866 3853 963 3907 tamen
992 3847 1069 3907 inter
1091 3863 1123 3906 se
1147 3851 1217 3904 sunt
1238 3859 1293 3902 na·
1368 3869 1373 3877 ·

85 3948 146 4004 tura.
184 3949 285 4028 ltaque
309 3948 335 4008 si
356 3947 449 4010 Filius
472 3949 512 4010 ita
534 3965 652 4028 qnoque
674 3947 827 4020 sehabet,
851 3954 915 4008 esto
938 3965 987 4007 res
1009 3953 1107 4006 ereata
1128 3952 1161 4004 ut
1183 3949 1213 4002 et
1226 3959 1293 4015 nos,

85 4057 134 4104 non
153 4057 244 4110 autern
266 4048 540 4110 consubstantialis.
585 4049 639 4110 Sin
661 4055 759 4109 autem
780 4047 872 4109 Filius
896 4054 942 4108 est
966 4045 1108 4116 Verbum,
1140 4039 1300 4119 sapientia,

85 4138 166 4224 imago
185 4148 290 4223 Patris,
313 4149 502 4227 splendorve,
524 4150 631 4212 merito
653 4150 755 4228 utique
770 4141 1032 4210 consubstantialis
1048 4152 1103 4204 est.
1133 4142 1197 4204 Nisi
1213 4142 1291 4204 enim
1304 4169 1379 4212 enm.

86 4247 251 4328 ostendatur,
281 4249 363 4312 illum
385 4269 447 4312 uon
469 4269 505 4314 ex
526 4251 605 4326 lieo,
638 4252 694 4330 sed
713 4259 852 4330 tanquam
875 4263 1019 4325 organum
1041 4253 1145 4307 natura
1167 4252 1197 4306 et
1218 4245 1291 4306 sub-

113 4440 129 4473 t·
146 4429 184 4482 Sic
205 4434 297 4498 Regius.
332 4435 361 4486 lt
385 4437 409 4486 io
435 4435 488 4487 aliis
506 4445 530 4487 et
548 4437 618 4488 editis
637 4429 651 4484 ὅ
738 4435 761 4484 d.
781 4431 899 4482 Particula
917 4423 957 4497 μή
976 4431 1067 4483 ridetur
1085 4433 1192 4483 addenda
1203 4419 1294 4494 portel

86 4487 148 4542 deest.
704 4501 739 4550 rel
769 4508 834 4550 certe
861 4501 1034 4551 subaudienda.
1069 4502 1129 4552 ibid.
1154 4501 1210 4560 dog.
1240 4490 1292 4542 dri-

703 4580 790 4616 κνυτε.
