3048 5052
456 365 564 412 omno
580 367 603 411 r.
618 365 734 412 conrna
748 365 885 412 munos.
1228 353 1288 418 tte

89 519 275 584 delectatetur.
319 517 513 592 Quandonam
542 537 614 599 ergo
643 519 774 599 seipsum
797 519 885 582 Pater
911 535 973 580 non
995 518 1165 582 intuebatur
1185 520 1215 582 in
1240 521 1373 584 snirmi.

88 622 166 702 ipsius
185 621 314 700 imagine,
336 627 387 683 aut
408 621 596 701 quandonam
618 621 721 684 eadem
742 637 804 682 non
827 619 1035 694 delectahahm
1060 629 1093 682 ut
1106 621 1173 700 quie
1189 621 1289 684 dicere

31 789 37 808 ⁸
88 721 182 796 audmt,
203 741 236 784 ex
257 721 349 784 nihilo
370 741 438 786 esse
460 723 629 802 imaginem,
652 739 708 784 nec
722 721 840 784 Patrem
858 719 1032 784 delectatum
1048 729 1289 803 esseantequam

87 825 164 904 imago
184 821 374 886 nasceretur?
417 823 476 897 Qut
500 842 572 886 tero
596 823 720 886 effector
742 831 772 885 et
793 830 910 884 creator
932 821 1065 903 seipsum
1087 823 1118 886 iu
1140 833 1236 887 creata
1259 832 1290 886 et

88 926 146 986 heta
163 933 259 986 natura
278 933 384 1005 posset
405 924 621 1007 contemplari?
665 924 785 987 Etenim
806 923 872 986 talis
892 923 988 1004 imago
1005 943 1075 986 esse
1090 924 1188 999 dehet,
1210 943 1288 1006 qua·

88 1025 119 1086 lis
137 1035 174 1088 tet
192 1027 252 1089 eius
274 1027 373 1089 Patet.
642 1039 646 1048 '

153 1231 198 1292 tl.
238 1229 300 1309 Age
321 1230 429 1310 itaque,
452 1247 529 1308 quae
550 1229 586 1290 ad
600 1227 718 1291 Patrem
739 1228 892 1308 pertinent
912 1227 1115 1312 inspicimur,
1139 1247 1198 1310 qno
1213 1247 1289 1310 pos-

86 1328 162 1390 simrs
181 1330 353 1410 dignoscere
374 1339 475 1393 ulnam
496 1330 594 1410 imago
616 1329 681 1392 eius
704 1329 753 1392 sit.
797 1329 945 1412 internus
968 1341 1014 1394 est
1033 1331 1140 1404 Pater,
1163 1329 1291 1392 immor·

84 1429 145 1504 uiis,
165 1439 275 1512 potens,
298 1433 359 1507 lux,
380 1451 443 1506 rex,
467 1431 666 1512 omnipotens,
688 1431 778 1504 Deus,
799 1431 957 1504 Dominus,
981 1441 1098 1496 creator
1112 1441 1142 1494 et
1156 1433 1289 1494 ellector.

84 1531 147 1594 ilaec
166 1551 232 1596 sane
252 1535 357 1597 eadem
379 1535 411 1596 in
432 1533 560 1614 imagine
582 1551 651 1596 esse
674 1539 804 1612 oportet,
830 1538 864 1596 nt
884 1551 954 1595 vere
976 1535 1025 1614 qui
1046 1533 1153 1596 Filium
1173 1533 1291 1609 viderit,

81 1633 160 1694 rideat
174 1635 303 1700 Patrem.
346 1636 421 1698 llatn
441 1633 501 1700 nisi
523 1636 563 1696 ita
585 1633 640 1708 sit,
670 1634 743 1710 sed,
770 1643 802 1695 ut
823 1627 922 1696 liriani
945 1635 1093 1710 sentium,
1116 1637 1210 1698 lactus
1232 1644 1290 1710 est,

81 1751 130 1795 non
149 1753 213 1797 vero
235 1745 375 1800 aeternus
396 1733 506 1810 Filius,
529 1754 591 1798 non
614 1744 661 1832 ept
681 1735 754 1798 haec
776 1753 844 1798 rere
866 1721 1098 1816 imago'l’atrie,
1131 1737 1191 1798 nisi
1213 1738 1291 1800 lorte

80 1836 176 1914 pudore
197 1839 276 1900 omni
300 1847 392 1900 exuto
415 1837 523 1912 dicant,
546 1838 626 1918 quod
649 1837 741 1900 Filius
763 1837 861 1917 imago
884 1837 1061 1918 appellatur,
1084 1855 1146 1900 nnn
1168 1837 1199 1900 id
1221 1855 1293 1902 esne

80 1935 168 2000 similis
188 1940 371 2003 substantiae
392 1939 544 2012 indicium,
568 1939 622 2000 seri
643 1939 708 2000 eius
732 1939 872 2001 duntaxat
892 1957 1002 2002 nomen
1025 1957 1107 2002 esse.
1149 1939 1247 2020 Atqui,
1271 1959 1290 2000 o

80 2037 147 2117 inpii
167 2051 195 2103 et
214 2042 321 2104 hostes
345 2039 464 2113 Christi,
488 2042 545 2102 hoc
567 2057 622 2102 nec
644 2039 740 2120 imago
762 2059 819 2102 uec
840 2041 933 2122 figura
955 2048 1011 2104 est.
1046 2041 1128 2115 Quae
1151 2042 1229 2103 enim
1246 2041 1290 2104 si-

79 2137 192 2204 militudo
213 2160 318 2205 rerum
340 2160 357 2205 e
378 2141 470 2206 nihilo
493 2144 634 2204 laetarum
657 2159 723 2204 cum
746 2141 807 2216 illo,
830 2140 880 2222 qui
903 2139 947 2218 tia,
970 2161 1045 2224 quae
1059 2154 1122 2204 non
1143 2150 1235 2216 erant,
1257 2149 1292 2204 ut

81 2251 164 2302 assent
183 2242 319 2307 creavit?
340 2251 391 2307 aul
412 2263 471 2324 quo
492 2253 579 2323 pacto
602 2244 642 2316 id,
665 2245 746 2324 quod
767 2262 828 2306 non
851 2252 914 2318 est,
937 2245 1019 2320 eius,
1042 2245 1093 2325 qui
1115 2253 1171 2320 eet,
1194 2243 1292 2306 sinaiis

80 2359 134 2404 esse
153 2353 245 2426 queat,
268 2345 356 2408 mins
378 2346 405 2406 is
428 2347 560 2408 delectus
583 2352 638 2420 est,
661 2355 693 2408 ct
714 2345 873 2428 aliquando
894 2365 956 2410 nnn
978 2347 1068 2410 luerit
1088 2354 1120 2408 et
1140 2347 1219 2408 inter
1239 2363 1291 2408 res
1367 2401 1373 2414 .

80 2443 153 2506 lactas
172 2447 348 2510 collocatum
372 2446 436 2510 siat
477 2447 577 2509 hrieni
605 2447 696 2527 igitur
723 2467 791 2534 cum
813 2447 917 2510 Filium
946 2450 986 2511 ita
1009 2467 1079 2511 esse
1099 2447 1206 2520 velint,
1235 2447 1292 2510 sihi

78 2543 139 2624 ipsis
159 2547 332 2612 huiusmodi
354 2549 556 2628 excogitarem
577 2549 768 2611 ratiunculas.
813 2549 844 2612 Si
867 2549 968 2624 lilius,
991 2549 1138 2630 inquiunt,
1162 2551 1240 2610 letus
1263 2554 1294 2608 et

79 2645 159 2726 imago
180 2655 226 2712 est
245 2649 363 2724 Patris,
393 2651 419 2713 si
440 2652 572 2732 perlecta
595 2649 701 2712 similis
723 2659 771 2712 est
791 2651 887 2724 Patri,
918 2651 1008 2718 dehet
1028 2659 1125 2724 certe,
1148 2649 1292 2730 quemad·

76 2749 179 2812 modum
202 2751 322 2830 genitus
346 2757 408 2825 est,
440 2752 484 2814 sic
512 2761 541 2814 et
568 2752 634 2832 ipse
663 2769 805 2832 generare
833 2751 958 2832 lierique
980 2761 1010 2814 et
1030 2753 1096 2832 ipse
1117 2751 1170 2812 lilii
1191 2757 1291 2830 patet-q

77 2848 116 2925 qui
135 2849 200 2912 hem
224 2871 260 2914 ex
282 2852 353 2934 ipso
375 2853 493 2933 genitus
515 2855 619 2928 luerit,
651 2870 793 2933 generare
814 2861 845 2916 et
866 2854 932 2935 ipse
954 2853 1058 2928 dehet,
1091 2861 1123 2915 et
1142 2853 1183 2914 ita
1205 2851 1291 2913 deiu-

76 2967 133 3034 πρε
153 2951 277 3018 henin.
323 2955 356 3016 ld
379 2955 525 3036 siquidem
547 2955 691 3036 genitoris
714 2955 845 3036 genitum
869 2955 995 3018 similem
1019 2953 1161 3018 ostendit.
1204 2953 1290 3016 Blas-

74 3051 242 3127 phenrimnm
264 3073 325 3118 nae
346 3056 388 3118 illi
410 3057 590 3132 inremores,
614 3057 663 3138 qui
685 3056 738 3120 Dei
761 3057 855 3138 ipsius
878 3058 993 3132 hostes,
1016 3075 1054 3120 ne
1076 3059 1223 3120 fateantur
1239 3055 1376 3123 Finito
1476 3135 1479 3142 ¹

74 3151 134 3215 lium
147 3156 240 3220 Patris
264 3175 337 3221 esse
352 3157 520 3238 imaginem,
543 3175 687 3240 corporea
702 3166 732 3221 et
746 3160 899 3222 terrestria
915 3159 951 3224 de
966 3161 1033 3240 ipso
1049 3160 1137 3222 Patre
1152 3159 1292 3240 cogitant,

76 3257 236 3333 excisiones,
260 3260 438 3334 effluentiae,
461 3261 675 3324 inllurionesve
697 3262 728 3323 in
749 3261 800 3324 illc
822 3279 912 3341 prave
935 3262 1057 3342 lingunt.
1101 3261 1245 3342 Equidem
1266 3263 1293 3324 si

75 3353 141 3418 heus
161 3359 294 3424 hominis
317 3361 424 3424 similis
446 3371 504 3435 est,
527 3363 568 3425 sit
589 3364 677 3426 etiam
700 3383 736 3426 eo
752 3365 842 3427 modo
858 3365 975 3444 genitor
994 3383 1053 3445 quo
1075 3366 1178 3440 homo,
1201 3365 1292 3427 Filius

76 3457 117 3518 fiel
134 3471 215 3542 pater
236 3463 384 3537 alterius,
407 3473 494 3545 atque
517 3467 557 3528 ila
579 3464 719 3548 deinceps
742 3465 790 3528 alii
813 3485 849 3528 ex
870 3467 936 3528 aliis
958 3476 1163 3547 procreentur,
1187 3473 1219 3528 ul
1240 3485 1291 3529 se-

76 3561 187 3626 mulum
208 3565 281 3628 iilos
302 3567 335 3628 iu
357 3567 480 3630 deorum
504 3569 720 3632 multitudinem
743 3577 857 3631 crescm
871 3587 905 3630 eo
919 3569 1089 3649 progenies.
1120 3570 1158 3632 nt
1172 3569 1198 3632 si
1212 3569 1292 3630 Deua

78 3673 129 3720 flua
147 3675 190 3728 est
210 3677 245 3730 nt
267 3667 377 3742 homo,
406 3669 449 3731 nti
472 3687 575 3732 revera
596 3689 658 3733 non
680 3679 744 3745 est,
774 3689 846 3732 sane
873 3689 930 3734 nee
958 3671 1085 3734 hamam
1107 3671 1145 3732 de
1167 3689 1203 3732 eo
1225 3668 1294 3732 licet

77 3761 198 3840 angium.
245 3769 367 3832 Etenim
388 3768 493 3834 brutae
515 3771 678 3836 animantes
700 3781 788 3853 atque
810 3773 948 3836 homines
963 3773 991 3834 vi
1004 3773 1119 3853 primae
1134 3769 1292 3834 creationis

75 3861 115 3925 alii
135 3885 168 3930 ex
188 3869 257 3933 aliis
279 3873 473 3936 successione
496 3874 665 3954 gignantur,
688 3881 719 3937 et
739 3876 778 3950 is,
800 3875 850 3956 qni
872 3875 1011 3956 gignitur,
1034 3893 1071 3938 ex
1088 3874 1187 3954 genito
1209 3881 1293 3952 patre

100 4133 119 4168 a.
138 4123 178 4174 Sic
195 4125 403 4189 Segermetlleg.
438 4127 465 4177 ln
485 4127 556 4178 editis
575 4136 654 4178 antem
709 4121 814 4196 ματαά
838 4137 883 4179 etc.
925 4129 1001 4180 Panlo
1024 4135 1082 4192 post
1105 4127 1176 4178 iidem
1194 4127 1293 4190 segon.

74 4177 222 4245 innititur.
260 4194 322 4244 lhld.
342 4195 371 4244 ad
389 4197 521 4274 marginem
540 4193 599 4246 hae'c
612 4197 655 4248 ha·
708 4197 846 4250 Gohleriao.
871 4204 896 4247 et
918 4197 1023 4248 Felelrm.
1044 4196 1066 4246 1.
1091 4188 1233 4262 ἀπορῤοὰς
1248 4189 1294 4244 eat

74 4253 108 4336 itti
124 4255 279 4342 ling-damst!
292 4255 330 4342 gip
350 4256 396 4340 fui
413 4255 472 4316 uias
488 4259 588 4328 γεννᾷ,
609 4256 655 4344 ipra
707 4256 844 4342 ἐπιῤῥοᾷς.
1051 4331 1056 4343 Ι
1148 4331 1172 4344 ..
1260 4323 1268 4342 l

71 4333 110 4438 iii
125 4339 270 4448 'liminis'
287 4324 572 4464 ,liillllfll'i
585 4324 655 4467 'lill
708 4323 1294 4464 n.i'10⁵'{0⁸.i⁸⁰si','aaiinf¹''n·‘i÷i‘³'i;'0inif⁰{i
1389 4461 1390 4466 g

74 4465 105 4520 ¹¹5,
124 4465 164 4514 ard
183 4473 218 4515 ert
238 4465 352 4516 duntaxat
369 4469 441 4530 filius.
703 4467 811 4519 liele-lm.
825 4469 846 4519 i.
861 4459 955 4532 tripos
972 4462 1092 4531 plantus
1121 4468 1179 4520 lhid.
1192 4469 1292 4529 Segner.

101 4529 236 4596 [Segusa.
263 4535 361 4589 Gohler.
387 4543 410 4585 at
428 4535 534 4585 Felclm.
555 4536 580 4586 l.
597 4529 655 4590 dun
705 4532 752 4586 καὶ
770 4527 841 4585 οὕτω
860 4529 890 4586 δὲ
906 4532 1029 4596 καθεξῆς.

76 4593 179 4660 maios.
217 4600 272 4652 liar
288 4603 390 4668 sagnam
409 4595 582 4670 ὁμολογοῦσι,
602 4615 656 4652 σω-
