3158 5050
262 342 324 406 686
662 353 688 398 ε.
704 351 855 396 muman
871 349 1092 394 ιεοειεειεεοει

175 505 302 574 mm&
331 505 391 591 γὰρ
419 503 550 586 πνεῦμα
578 500 689 568 πάντα
712 499 841 586 ἐρευνᾷ,
869 497 925 565 καὶ
946 496 989 565 τὰ
1008 496 1100 584 βάθη
1123 500 1181 564 τοῦ
1203 501 1298 565 θεοῦ.
1337 503 1413 576 ιτίς
1435 497 1489 582 γὰρ

200 665 205 676 .
264 604 334 676 οἶδε
355 605 397 672 τὰ
418 607 477 672 τοῦ
499 599 684 688 ἀνθρώπου
708 601 737 668 εί
759 600 805 688 μὴ
826 599 865 666 τὸ
889 604 1019 684 πνεῦμα
1040 604 1099 668 τοῦ
1122 594 1309 685 ἀνθρώπου
1324 599 1369 666 τὸ
1386 599 1424 666 έν
1440 595 1489 664 αῦ-

203 697 206 704 ⁴
262 713 327 796 τῷς
361 703 448 774 οὕτω
475 704 530 772 καί
558 703 601 772 τὰ
621 707 680 770 τοῦ
703 706 786 770 θεοῦ
811 697 919 781 οὐδεὶς
941 703 1075 788 ἔγνωκεν
1098 703 1127 770 εί
1148 702 1192 790 μὴ
1213 703 1253 768 τὸ
1275 706 1419 786 πνεῦμα
1441 707 1490 766 τοτ’

262 814 355 878 θεοῦ.
394 803 488 895 ἡμεῖς
511 808 547 874 δέ
569 800 607 874 οὗ
623 803 662 872 τὸ
677 808 809 888 πνεῦμα
819 807 878 871 τοῦ
893 803 1019 892 κόσμου
1028 803 1197 889 ἐλάβομεν,
1211 801 1298 872 ἀλλὰ
1307 804 1352 871 τό
1364 809 1493 886 πνεῦμα

263 911 322 978 λτδ
345 911 379 980 έκ
399 913 459 976 τοῦ
480 911 575 988 θεοῦ,
598 908 654 976 ἵνα
676 907 798 990 ἴδωμεν
819 905 862 972 τὰ
883 902 950 973 ῦπδ
971 909 1031 974 τοῦ
1053 911 1137 974 θεοῦ
1149 914 1363 992 χαρισθέντα
1379 903 1492 994 ἡμῖνῗι,

263 1011 319 1080 καὶ
349 1009 417 1096 μετ’
443 1005 551 1095 ὀλίγα·
581 1004 656 1076 Εοῦκ
688 1009 802 1076 σ’ίδατε
831 1003 886 1074 ότι
913 1007 992 1088 ναὸς
1019 1013 1103 1092 θεοῦ
1127 1009 1200 1077 ἐστε
1220 1009 1275 1075 καὶ
1298 1009 1340 1076 τὸ
1366 1013 1494 1091 πνεῦμα

263 1118 323 1182 τοῦ
356 1117 440 1182 θεοῦ
474 1112 557 1179 οἰκεῖ
589 1111 622 1178 έν
655 1106 781 1194 δμῖνἿ,Ι
814 1109 870 1178 καὶ
891 1109 1010 1178 πάλιν·
1044 1106 1114 1178 ἀλλ’
1139 1107 1407 1192 ἀπελούσασθε,
1432 1107 1492 1178 ἀλλ

263 1213 457 1305 ἡγιάσθητε,
482 1209 550 1280 ἀλλ’
576 1212 796 1300 ἐδικαιώθητε
818 1212 851 1280 ἐν
872 1215 919 1298 τῷ
942 1208 1082 1297 ὀνόματι
1103 1217 1162 1280 τοῦ
1184 1222 1297 1299 κυρίου
1321 1212 1428 1302 ἡμῶν
1446 1209 1494 1298 ’1η

266 1323 326 1388 σοῦ
336 1322 486 1405 Χριστοῦ
508 1319 563 1384 καὶ
585 1315 687 1400 ἐντῷ
711 1313 894 1399 ίπνεάματι
905 1319 989 1382 θεοῦ
1003 1311 1135 1402 ἡμῶνθ),
1158 1319 1211 1383 κάλ
1227 1316 1374 1383 ’πάλιν
1400 1321 1494 1382 ταῦτα

267 1423 304 1488 δὲ
325 1419 437 1486 πάντα
459 1419 582 1506 ἐνεργεῖ
601 1415 641 1483 τό
663 1420 698 1484 ἓν
719 1416 774 1484 καὶ
795 1416 834 1483 τδ
852 1410 933 1483 αάτδ
948 1419 1088 1501 πνεῦμα,
1112 1418 1262 1505 διαιροῦν
1278 1418 1353 1506 ἰδίᾳ
1372 1417 1495 1504 ἑκάστη

267 1520 383 1600 καθὼς
404 1520 559 1608 βούλεται
567 1523 599 1599 ⁴),
619 1518 701 1584 *nal
722 1517 843 1586 πάλιν·
879 1514 897 1584 δ
920 1519 956 1585 δὲ
977 1518 1089 1604 κύριος
1110 1519 1148 1585 τὸ
1170 1520 1302 1603 πνεῦμά
1325 1520 1444 1588 ἐστιν·
1465 1509 1495 1584 οἷ

267 1625 304 1692 δὲ
325 1622 365 1689 τό
386 1626 516 1706 πνεῦμα
537 1627 659 1706 κυρίου,
684 1621 751 1688 ἐκεῖ
772 1620 982 1706 ἐλευθερίαῧ).
1021 1617 1082 1706 ὅρα
1105 1622 1141 1688 δὲ
1162 1626 1243 1701 πῶς
1256 1621 1315 1689 καὶ
1326 1622 1496 1698 Γαλάταις

268 1725 454 1792 ἐπιστέλλει
477 1726 595 1809 λέγων·
618 1725 673 1790 ἵνα
694 1718 714 1809 ἡ
738 1718 868 1809 εὐλογία
889 1725 948 1789 τοῦ
968 1717 1121 1808 Ἀβραὰμ
1142 1731 1273 1812 γίνηται
1295 1724 1333 1791 ἐν
1355 1724 1495 1811 Χριστᾷ

263 1822 383 1916 Ἰησοῦ,
416 1827 471 1893 ἵνα
498 1824 557 1911 τὴν
586 1825 783 1912 ἐπαγγελίαν
810 1827 869 1892 τοῦ
892 1823 1080 1909 πνεύματος
1102 1825 1251 1910 λάβωμεν
1275 1826 1335 1892 διὰ
1357 1830 1425 1914 τῆς
1447 1835 1497 1892 πί-

268 1933 415 2008 στεως“),
450 1930 523 1994 Ικαὶ
553 1927 672 1994 πάλιν·
707 1923 759 1993 ότι
782 1928 818 1994 δέ
840 1927 913 1994 ἕστε
935 1928 1017 2006 υἱοί,
1053 1927 1284 2006 ἐξαπέστειλεν
1308 1924 1328 1994 ό
1352 1929 1446 2007 θεὸς
1465 1929 1496 1993 τε

188 2065 193 2088 ·
267 2035 398 2115 πνεῦμα
420 2033 477 2095 τοῦ
501 2029 572 2095 υίοῦ
596 2025 697 2094 αὐτοῦ
720 2029 767 2107 είς
787 2029 847 2106 τὰς
861 2030 997 2114 καρδίας
1012 2025 1131 2114 ιιῦμιῦν,
1155 2030 1271 2116 κρᾶζον
1287 2025 1384 2116 ἀββᾶ
1401 2027 1422 2097 δ
1437 2057 1497 2097 πα-

267 2132 335 2220 τήρ.
374 2127 455 2208 ὥςτε
477 2125 586 2196 οῦκέτι
608 2126 637 2198 ελ
659 2131 785 2210 δοῦλος,
810 2127 894 2198 ἀλλὰ
916 2120 1002 2210 υίός,
1021 2131 1051 2198 εί
1074 2133 1110 2198 δὲ
1126 2132 1205 2212 υίός,
1221 2135 1275 2200 καλ
1289 2133 1496 2221 κληρονόμος

267 2237 351 2302 θεοῦ
379 2231 436 2300 διὰ
457 2236 646 2317 Χριστοῦλγ.
682 2243 756 2311 τοῖς
785 2234 820 2299 δὲ
839 2227 1003 2320 Ἐφεσίοις
1031 2230 1138 2312 οὕτως
1160 2235 1263 2320 ἔλεγε·
1292 2233 1425 2320 καὶμὴ
1448 2237 1497 2300 λυ·

268 2347 364 2405 πείτε
384 2334 424 2401 τό
446 2338 577 2420 πνεῦμα
599 2335 637 2401 τὸ
660 2331 753 2421 άγιον
775 2339 833 2401 τοῦ
855 2331 949 2416 θεοῦ,
974 2335 1008 2402 ἐν
1030 2325 1057 2423 ᾧ
1081 2336 1332 2424 ἐσφραγίσθητε
1356 2337 1409 2416 είς
1426 2335 1495 2426 ἡμέ
1538 2399 1539 2402 ,

269 2465 330 2526 ραν
352 2433 653 2524 ἀπολατρώσεωςθ),
676 2441 730 2504 καί
753 2437 872 2505 πάλιν·
895 2437 1137 2519 σπουδάζοντες
1156 2448 1267 2525 τηρεῖν
1281 2437 1344 2526 τὴν
1360 2439 1495 2528 ἑνότητα

268 2545 327 2607 τοῦ
351 2539 538 2623 πνεύματος
560 2540 593 2607 έν
615 2544 662 2627 τῷ
685 2541 856 2628 συνδέσμῳ
877 2545 936 2626 τῆς
957 2540 1123 2630 είρὴνηςἿ.
1153 2540 1253 2626 ίπρδς
1269 2542 1494 2629 δὲφιλιπιτη-

271 2650 364 2722 σίους
397 2641 656 2730 ἐπαρρησιάζετο
689 2643 840 2731 γράφων·
873 2649 907 2708 τί
933 2641 1014 2728 γάρ,·
1052 2640 1138 2728 πλὴν
1168 2637 1221 2708 ὅτι
1242 2642 1349 2710 παντὶ
1371 2645 1492 2730 τρόπῳ.

272 2747 339 2814 εἴτε
359 2743 531 2832 προφάσει
553 2745 620 2812 είτε
642 2740 793 2832 ἀληθείᾳ,
817 2742 964 2830 Χριστὸς
985 2745 1244 2830 καταγγέλλεται,
1267 2743 1323 2811 καὶ
1340 2743 1378 2812 ἒν
1392 2747 1492 2832 κοίτη

270 2854 384 2934 χαίρω.
424 2842 508 2914 ἀλλὰ
528 2850 583 2913 καί
603 2844 798 2932 χαρήσομαι.
837 2841 913 2913 οἶδα
934 2844 996 2932 γάρ
1018 2840 1071 2911 ότι
1092 2845 1190 2912 τοῦτό
1211 2869 1270 2930 μοι
1286 2842 1491 2934 ἀποβήσεται

273 2951 320 3029 είς
342 2955 506 3036 σωτηρίαν
529 2946 586 3014 διὰ
606 2951 665 3035 τῆς
686 2944 777 3032 ἡμῶν
800 2947 941 3035 δεήσεως
962 2950 1016 3013 καί
1039 2947 1250 3035 ἐπιχορηγίας
1271 2951 1330 3014 τοῦ
1348 2951 1491 3035 πνεῦμα-

271 3075 329 3129 τος
347 3046 450 3136 ’ίησοῦ
472 3053 621 3132 Χριστοῦ
643 3047 727 3115 κατὰ
747 3049 805 3138 τὴυ
827 3045 1115 3135 Ιιἀποκαραδοκίαν
1137 3053 1190 3116 καὶ
1213 3050 1336 3116 ἐλπίδα
1350 3075 1431 3135 μου,
1448 3048 1487 3116 ὅτι

273 3151 307 3218 ἒν
330 3147 438 3218 οῦδενὶ
461 3150 784 3236 αλσχυυθὴσομαιω),
813 3150 870 3218 καὶ
891 3153 1010 3218 πάλιν·
1038 3147 1133 3238 ἡμεῖς
1153 3151 1214 3238 γάρ
1238 3151 1335 3236 ἐσμεν
1358 3148 1380 3240 ἡ
1400 3159 1488 3238 Ιπερι-

185 3251 372 3338 ειιιιτομὴ,
404 3253 436 3317 οί
462 3247 626 3335 πνεύματι
653 3255 737 3319 θεοῦ
766 3253 975 3338 λατρεύοντες
1001 3252 1057 3320 καὶ
1077 3253 1279 3338 καυχώμενοι
1300 3253 1335 3320 ἐν
1358 3257 1487 3339 Χριστᾷ

269 3349 372 3442 Ἰησοῦ
382 3357 423 3433 ¹¹).
461 3355 514 3418 καί
533 3354 810 3420 Θεσσαλονικεῦσι
826 3356 862 3426 δὲ
877 3357 1163 3444 διαμαρτυρεῖται·
1185 3358 1361 3440 τοιγαροῦν
1379 3351 1399 3422 ό
1415 3353 1489 3424 ἀθε-

272 3459 339 3524 τῶν
362 3450 420 3522 οὐκ
442 3451 626 3540 ἄνθρωπον
649 3451 775 3535 ἀθετεῖ,
800 3451 884 3524 ἀλλὰ
904 3456 962 3524 τὸν
984 3456 1067 3524 θεὸν
1088 3457 1146 3524 τὸν
1162 3457 1296 3525 διδόντα
1310 3455 1349 3522 τὸ
1367 3463 1491 3544 πνεῦμα

273 3559 313 3626 τὸ
336 3554 430 3644 άγιον
453 3553 553 3623 αὑτοῦ
577 3556 624 3636 είς
644 3553 779 3642 ῦμᾶςθγ.
817 3561 871 3625 καλ
887 3554 1153 3646 πρδςἙβραίους
1167 3559 1202 3626 δὲ
1217 3555 1337 3625 Ιοῦτω·
1361 3561 1492 3648 δηλοῦν·

273 3685 331 3740 τος
352 3663 409 3726 τοῦ
433 3658 620 3744 πνεύματος
642 3663 700 3725 τοῦ
724 3653 817 3744 ἁγίου
838 3659 940 3748 μὴπω
963 3665 1229 3749 πεφανερῶσθαι
1240 3647 1301 3746 τὴν
1316 3663 1385 3728 τῶν
1398 3658 1492 3748 ἁγίων

346 3853 370 3910 ιι
391 3852 411 3900 1.
431 3851 485 3900 cor.
505 3851 527 3908 ν,
549 3841 655 3900 ιο-ιι,
726 3850 750 3906 ιι
772 3855 793 3900 1.
813 3851 867 3901 eor.
886 3851 911 3911 3,
932 3851 970 3901 ιε.
1040 3852 1065 3910 3)
1085 3852 1106 3900 ι.
1126 3851 1181 3900 εει.
1200 3851 1224 3910 ε,
1246 3851 1285 3900 11.
1354 3851 1494 3908 mcor.

277 3921 376 3980 12,11.
429 3919 454 3979 5>
474 3917 615 3978 λ..1)οτ.3,
637 3919 674 3968 17.
726 3918 951 3980 6)Galat.3,14.
1003 3919 1029 3980 1)
1047 3920 1122 3970 Galat.
1141 3920 1165 3977 4,
1184 3919 1207 3968 6.
1260 3917 1286 3978 81
1305 3917 1395 3982 Ερίιεε.
1415 3921 1439 3976 1,
1459 3921 1493 3968 311.

274 3989 300 4050 ει
319 3988 450 4053 εμεεεκι,
471 3987 494 4036 3.
550 3987 588 4042 ιιι
608 3987 710 4051 Philipp.
733 3989 754 4047 1,
776 3987 813 4037 ιε.
828 3987 865 4037 ιε.
921 3988 961 4048 11)
981 3987 1082 4051 εειιηρ.
1102 3986 1126 4048 υ,
1145 3987 1168 4036 ε.
1223 3985 1264 4047 ιι)
1285 3988 1306 4034 1.
1324 3987 1412 4036 τεεεε.
1432 3989 1457 4047 ι,
1475 3994 1494 4037 ι.

308 4141 329 4173 ε.
348 4125 405 4185 fleg.
420 4124 441 4173 1.
460 4132 485 4172 ει
501 4123 639 4184 Seguerian.
658 4117 700 4175 τίς
715 4115 769 4187 γὰρ
788 4110 862 4171 ολδεν
913 4123 1009 4174 Gobler.
1034 4130 1057 4172 et
1080 4120 1184 4172 Felckm.
1205 4122 1234 4202 ¹3
1263 4122 1385 4238 [εφυσγοε
1403 4138 1494 4186 quoque

275 4184 433 4256 ἀνθρώπων
450 4185 485 4240 τὰ
502 4189 551 4238 τοῦ
570 4191 622 4240 ειε.“
651 4191 715 4239 Ηεεε
733 4200 812 4240 antem
831 4191 861 4240 ad
913 4191 1043 4251 ἰείηχίίε.
1065 4189 1188 4254 usquead
1208 4189 1274 4238 σικεῐ
1303 4187 1410 4254 νυμῖν.

274 4249 305 4304 έν
322 4249 395 4322 αὐτοῦ
420 4261 507 4309 absunt
525 4275 537 4307 ε
556 4259 653 4310 Gobler.
673 4265 696 4308 εί
714 4257 817 4308 Felekm.
839 4258 860 4307 1.
947 4260 969 4306 d.
989 4260 1088 4320 Seguer.
1113 4257 1209 4308 Gobler.
1230 4265 1253 4307 εί
1271 4257 1375 4308 feneum.
1397 4260 1421 4308 1.
1438 4249 1495 4304 ἀνά

309 4326 332 4373 b.
352 4321 383 4372 τὸ
403 4319 431 4374 ἐκ
448 4329 517 4376 deest
534 4329 557 4375 in
577 4327 632 4389 fleg.
645 4326 667 4375 1.
687 4335 710 4375 ιι
728 4325 826 4388 Seguer.
911 4338 980 4391 μανι
986 4357 995 4381 ,
1016 4334 1041 4376 ιιι
1058 4328 1129 4376 etiam
1153 4326 1225 4375 habet
1243 4325 1300 4388 Res.
1312 4325 1332 4374 1.
1353 4327 1398 4375 sed
1416 4341 1495 4375 emen·

310 4407 330 4441 c.
349 4393 414 4443 Ηιεε
432 4409 493 4456 quae
511 4405 644 4459 sequuntur
654 4385 701 4441 οάιι
712 4385 804 4442 οἴδατε
819 4409 861 4442 οε·
913 4395 999 4444 δείσει’
1013 4401 1049 4443 εει
1066 4385 1207 4458 πμεόματι.

277 4473 323 4523 que
341 4460 370 4507 εδ
388 4459 454 4508 θεοῦ
473 4454 558 4525 ἡμῶν.
582 4457 628 4509 καὶ
650 4456 862 4511 πάλινοσιίιιοοι
947 4477 967 4510 ε.
987 4463 1077 4511 11ι.1,
1131 4452 1259 4526 ι’ὂλίγα.
1328 4511 1335 4524 ,

277 4524 366 4588 Rem.
387 4527 466 4574 ouob.
486 4529 589 4577 Felckm.
609 4529 632 4576 2.
656 4529 728 4578 Βεείλ
748 4539 770 4578 τι
788 4529 860 4578 editio
947 4531 963 4578 ί.
988 4541 1033 4576 και
1050 4523 1089 4576 πά
1116 4543 1133 4575 ν
1150 4537 1195 4578 ιιι.
1214 4530 1243 4578 εδ
1263 4519 1315 4594 ὅρα
1332 4522 1363 4576 δὲ
1379 4527 1438 4580 πῶς
1453 4529 1494 4576 alr

278 4592 409 4653 (ἶοωιοελ,
433 4592 476 4640 sed
495 4608 522 4644 ει
541 4596 628 4644 hubent
649 4596 704 4658 neg.
719 4597 741 4650 1.
761 4597 860 4658 Seguer.
912 4603 968 4648 εσοῑ
986 4613 999 4647 ε
1017 4597 1114 4648 Gobler.
1134 4605 1157 4648 τι
1174 4597 1278 4648 Felckm.
1298 4597 1320 4646 1.
1345 4597 1385 4661 qui
1409 4597 1496 4646 ibidem
