3110 5064
218 331 258 394 30
621 343 648 385 ε.
662 341 816 386 numu
831 339 1054 384 ιιαιιιιιειεεοει

131 493 260 580 καττὰ
287 491 371 577 μετὰ
399 489 458 557 τὸν
486 488 558 556 υἱόν
581 483 818 576 αῦτουργῆσαι,
845 490 900 554 καὶ
921 489 1020 554 τοῦτο
1041 488 1102 571 μὲν
1124 479 1249 569 ῦσεβές.
1294 477 1354 551 οῦκ
1378 481 1456 550 ἔστι

217 594 279 682 γὰρ
301 592 406 681 τύῳος
428 590 462 658 έν
484 593 531 678 τηῦ
553 594 636 677 θεῷ,
659 587 698 670 ός
718 615 755 676 γε
775 588 859 674 μετὰ
880 591 938 654 τοῦ
951 584 1064 680 ’ίακιὰβ
1078 589 1125 668 είς
1140 587 1318 672 Αἴγυπτον
1333 591 1457 672 κατέρ-
1553 627 1554 634 1

217 721 325 779 χεται,
355 692 411 760 καλ
439 692 496 760 διὰ
523 694 583 776 μέν
611 691 669 758 τόν
688 687 841 778 Ἀβραὰμ
863 692 1063 777 διορθοῦται
1083 689 1141 756 τὰν
1160 686 1333 774 Ἀβιμέλεχ
1352 687 1455 773 χάριν
1548 733 1549 738 1

219 802 278 886 τῇς
292 796 432 884 Σὰῤῥας,
456 797 503 881 τῷ
526 797 562 861 δὲ
577 797 712 881 Μωῦσῇ
734 790 908 880 ἀνθρώπῳ
930 790 1004 860 ὄντι
1026 791 1134 876 στόμα
1155 791 1239 859 κατὰ
1258 789 1370 875 στόμα
1393 793 1457 858 λα·

220 901 280 980 λεί,
303 901 356 965 καί
380 897 427 976 είς
448 896 569 982 μέντό
590 900 674 963 Σινᾶ
697 893 774 983 όρσς
794 901 993 980 κατέρχεται,
1017 898 1064 982 τῷ
1087 895 1124 960 δὲ
1146 895 1215 978 λαῷ
1230 891 1458 976 συνεπολέμει
1546 911 1554 959 .’

157 1055 161 1064 ,
220 1007 367 1090 κρυφαίῳ
391 999 502 1086 χόριτι
530 999 587 1064 τὸν
614 993 769 1084 Ἀμαλήκ.
815 995 986 1081 ψεύδεσθε
1013 997 1049 1062 δέ
1078 991 1168 1080 ὅμως
1196 997 1249 1060 καλ
1274 997 1377 1060 τοῦτο
1403 996 1458 1060 λέ-
1546 1071 1549 1096 1

220 1123 346 1189 γοντες·
370 1097 470 1180 αὐτὸς
491 1100 551 1187 γὰρ
574 1099 731 1187 ἐποίησεν
752 1094 847 1184 ἡμᾶς,
871 1102 925 1164 καί
947 1093 1005 1181 ούχ
1025 1095 1165 1184 ἡγιεῖς“)·
1188 1091 1287 1174 αύτός
1306 1101 1344 1162 τέ
1359 1095 1458 1164 ἐστιν
1548 1105 1549 1166 ί

222 1200 319 1272 όδιὰ
340 1206 404 1269 τοῦ
422 1201 521 1330 λόγορ
545 1196 645 1268 αὐτοῦ
667 1199 709 1267 τὰ
731 1199 842 1266 πάντα
863 1199 905 1266 τό
926 1225 962 1268 τε
983 1199 1085 1285 μικρὰ
1104 1197 1216 1266 καὶτὰ
1229 1196 1356 1284 μεγάλα
1371 1223 1458 1265 ποι·
1546 1211 1549 1221 “

219 1305 318 1394 ήσας·
340 1307 394 1372 καὶ
417 1300 476 1370 σύκ
498 1303 571 1369 έστι
594 1301 771 1370 διελεῖν
737 1327 796 1389 την
818 1307 933 1381 κτίσιν,
958 1298 1044 1368 ιόστε
1067 1301 1175 1368 εἰπεῖν
1196 1304 1293 1368 τοῦτο
1314 1301 1379 1384 μέν
1395 1303 1458 1366 τοῦ

220 1407 357 1526 πατρός,
381 1408 480 1470 τοῦτο
503 1405 540 1470 δὲ
560 1407 619 1469 τοῦ
642 1404 731 1469 υἱοῦ·
764 1397 872 1469 υἰλλΗ
845 1403 930 1482 ενός
952 1403 1024 1470 ἐστι
1045 1407 1128 1470 θεοῦ
1152 1399 1197 1482 ιός
1217 1401 1303 1489 χειρὶ
1322 1408 1459 1488 χρωμέ-

221 1532 278 1576 νου
306 1511 354 1594 τιῦ
384 1506 458 1590 ίδίῳ
489 1503 591 1590 λόγῳ,
620 1507 673 1570 καλ
703 1499 798 1570 ἔν’
760 1507 848 1589 αυτηῦ
872 1507 1050 1584 ποιοῦντος
1070 1504 1112 1571 τὰ
1134 1503 1260 1583 πάντα,
1283 1505 1339 1572 καὶ
1361 1499 1457 1572 τοῦτ’
1548 1533 1549 1536 ’

222 1603 322 1686 αὐτὸς
335 1608 395 1690 μὲν
412 1601 527 1684 όθεός
542 1601 843 1691 decaevbge'ffzeyev
825 1631 895 1693 ηχε
897 1613 1004 1693 ίρμου
1021 1606 1159 1693 ἐποίησε
1174 1609 1278 1671 ταῦτα
1291 1604 1458 1687 πόνταἿ·

223 1705 241 1774 ό
264 1709 300 1775 δέ
322 1709 459 1787 Παῦλος
486 1711 586 1774 τοῦτο
613 1707 737 1791 μαθιὰν
759 1707 947 1776 ἐδίδασκεν·
976 1703 1024 1787 εἷς
1045 1708 1128 1787 θεὸς
1150 1709 1186 1788 ἐξ
1206 1698 1245 1774 οῦ
1265 1708 1307 1774 τὰ
1328 1707 1459 1788 πάντα,

222 1813 276 1880 καλ
306 1804 353 1888 εἷς
380 1809 491 1894 κύριος
516 1807 638 1897 Ἰησοῦς
660 1808 823 1896 Χριστός,
855 1805 902 1874 δι’
928 1798 967 1874 ού
994 1810 1036 1876 τὰ
1058 1809 1207 1890 πόνταἿ.
1253 1805 1353 1888 αύτὸς
1374 1814 1460 1895 γοῦν

224 1907 275 1979 ὰεί
302 1914 356 1978 καί
386 1915 442 1978 νῦν
470 1913 557 1996 λέγει
583 1914 630 1997 τῷ
652 1913 712 1994 μὲν
735 1906 827 1996 ἡλίῳ,
850 1912 904 1976 καί
927 1906 1111 1992 ἀνατέλλει,
1143 1921 1218 1990 ταῖς
1240 1912 1276 1977 δέ
1298 1913 1462 1999 νεφέλαις
1553 1935 1554 1938 ’

224 2013 423 2093 ἐντέλλεται,
454 2012 510 2080 καὶ
530 2018 640 2100 βρέχει
661 2012 718 2079 ἐπὶ
740 2019 820 2096 μίαν
841 2013 969 2100 μερίδα,
994 2009 1044 2102 ἐφ’
1069 2011 1108 2099 ἣν
1131 2014 1166 2080 δέ
1189 2007 1226 2080 ού
1248 2019 1372 2100 βρέχει,
1400 2017 1461 2102 ξη-

223 2120 380 2200 ραίνεται.
426 2116 480 2181 καί
502 2113 562 2202 τὴν
583 2115 643 2197 μὲν
665 2117 724 2202 γῇν
746 2113 869 2181 κελεύει
890 2113 967 2193 τούς
989 2113 1137 2202 καρπούς
1159 2109 1369 2196 ἀποδιδόναι,
1389 2117 1460 2185 ’τόν

225 2218 262 2283 δέ
280 2211 433 2303 Ἰερεμίαν
463 2215 496 2282 ἐν
525 2218 565 2302 τῇ
588 2217 697 2302 κοιλίᾳ
720 2215 868 2282 πλάττει.
915 2216 944 2283 εἰ
966 2217 1002 2283 δὲ
1024 2220 1128 2283 ταῦτα
1150 2219 1205 2284 νῦν
1228 2213 1327 2296 αύτὸς
1348 2229 1460 2298 ποιεῖ,

225 2313 283 2384 οῦκ
306 2318 396 2385 ἔστιν
419 2311 617 2406 ἀμφίβολον,
642 2312 696 2383 ότι
716 2319 771 2384 καί
793 2318 877 2384 κατὰ
897 2317 956 2404 τὴν
978 2313 1078 2406 ἀρχὴν
1101 2314 1158 2384 ούκ
1180 2313 1370 2405 ἀπηξίωσα
1395 2316 1462 2386 αύ-

224 2417 281 2498 τὸς
296 2418 338 2486 τὰ
352 2417 464 2486 πάντα
480 2418 537 2485 διὰ
551 2422 610 2486 τοῦ
626 2416 724 2505 λόγου
736 2423 894 2507 ποιῇσαι·
917 2423 998 2506 μέρη
1010 2419 1071 2506 γὰρ
1082 2424 1148 2488 τιῦν
1161 2417 1245 2486 ῦλων
1258 2421 1327 2488 έστὶ
1338 2425 1460 2488 ταῦτα.

311 2526 340 2589 8.
385 2522 426 2587 Εἰ
455 2521 491 2586 δέ
520 2516 574 2586 ότι
601 2519 645 2606 μὴ
678 2519 815 2587 ε’δύυατσ
842 2520 885 2587 τὰ
913 2520 1019 2587 λοιπὰ
1046 2529 1209 2608 κτίσματα
1231 2525 1288 2609 τῇς
1311 2517 1461 2608 ὰκρότου

222 2622 333 2710 χειρός
365 2626 423 2690 τοῦ
453 2617 648 2710 Ιὰγεννήτου
671 2621 729 2709 τὴν
752 2621 906 2709 ἐργασίαν
927 2622 1107 2708 βαστάξαι,
1130 2624 1231 2709 μόνος
1254 2619 1271 2689 ό
1295 2622 1365 2702 υἱός
1386 2621 1462 2692 ῦπὸ

225 2725 329 2810 μόνου
350 2728 410 2792 τοῦ
432 2730 517 2794 θεοῦ
539 2733 666 2813 γέγονε,
690 2723 732 2792 τὰ
754 2719 787 2791 δ’
812 2723 897 2790 ἄλλα
919 2720 965 2803 ιῦς
986 2720 1034 2791 δι’
1059 2721 1225 2811 όπουργοῦ
1247 2728 1300 2791 καί
1322 2731 1462 2814 βοηθοῦ
1553 2765 1554 2788 1

225 2833 284 2894 τοῦ
309 2829 380 2899 υἱοῦ
402 2836 529 2915 γέγονε·
550 2832 605 2896 καί
627 2832 726 2894 τοῦτο
749 2826 810 2913 γὰρ
830 2821 1001 2911 Ἀστέριος
1023 2823 1041 2893 ό
1064 2825 1173 2905 θύσας
1196 2826 1353 2913 ἔγραψεν,
1378 2822 1399 2893 ό
1425 2830 1463 2896 δὲ
1553 2899 1554 2908 ,

140 2925 355 3013 ο.ιιι,”Αρειος
382 2929 600 3016 μεταγράψας
626 2931 770 2995 1’δέδωκε
792 2937 864 3004 τοϊς
888 2923 1001 3005 ἰδίοις·
1032 2929 1088 2995 καὶ
1109 2927 1229 2996 λοιπόν
1253 2925 1298 3007 ὡς
1318 2928 1462 3018 καλάμῳ
1553 2925 1554 2928 “

227 3035 463 3115 τεθραυσμένῳ
484 3034 629 3114 χρῶνται
650 3033 696 3114 τῷ
720 3029 868 3114 ῥηματίῳ
889 3027 1011 3114 τούτῳ,
1036 3025 1228 3114 όγνσοῦυτες
1249 3029 1288 3095 τό
1310 3030 1343 3098 έν
1367 3026 1462 3117 αῦτῳῦ

228 3127 359 3214 σαθρόν
382 3125 427 3206 ιός
449 3132 673 3216 παράφρουες.
712 3129 742 3195 εἰ
763 3127 825 3215 γὰρ
847 3125 1008 3196 ἀδύνατον
1029 3119 1069 3216 ἦν
1091 3131 1134 3198 τὰ
1154 3132 1272 3218 γενητὰ
1292 3131 1464 3218 βαστάξαι

228 3231 286 3316 τὴν
312 3233 406 3317 χεῖρα
433 3233 492 3296 τοῦ
515 3232 614 3296 θεοῦ·
645 3230 717 3296 ἔστι
740 3231 776 3296 δέ
797 3224 873 3296 καθ’
898 3226 983 3315 ὑμᾶς
1006 3226 1024 3296 ό
1047 3232 1118 3312 υίὸς
1141 3227 1188 3312 εἷς
1209 3237 1275 3300 τῶν
1297 3237 1462 3320 γενητῶν·

193 3380 200 3390 .
229 3335 303 3409 πῶς
332 3327 431 3410 αὐτὸς
459 3329 608 3419 ἠδυνήθη
638 3337 797 3418 γενέσθαι
819 3333 912 3421 παρὰ
932 3333 1035 3418 μόνου
1057 3339 1116 3402 τοῦ
1138 3340 1240 3418 θεοῦ,·
1273 3339 1326 3402 καί
1350 3335 1381 3403 εί
1400 3337 1463 3404 ἵνα

116 3519 117 3522 ¹
229 3432 270 3500 τὰ
303 3431 422 3519 γενητὰ
443 3439 595 3521 γένηται,
630 3441 766 3519 μεσίτου
788 3442 899 3521 γέγονε
917 3443 1028 3523 χρεία,
1062 3437 1194 3524 γενητὸς
1215 3439 1251 3504 δὲ
1273 3434 1348 3504 καθ’
1373 3433 1463 3522 ύμῦις

230 3529 365 3603 ἐστιν’
350 3533 477 3613 υυίός·
507 3537 575 3602 έδει
601 3540 653 3602 καὶ
677 3535 745 3623 πρὸ
767 3533 867 3604 αὐτοῦ
890 3545 992 3622 μέσον
1014 3537 1089 3605 τινὰ
1110 3535 1249 3616 εἶναιβ
1241 3540 1295 3605 ίνα
1316 3541 1461 3662 κτισθῇ·

229 3639 287 3704 τοῦ
310 3637 347 3703 δέ
368 3643 505 3722 μεσίτου
528 3638 630 3704 πόλιν
652 3642 705 3705 και
720 3634 821 3705 αῦτυυ
805 3643 1014 3762 ’κτίσματος
1029 3639 1251 3762 τυγχάνοντος,
1269 3619 1388 3727 ὰραρεν
1405 3635 1459 3706 ῦτι

230 3734 379 3828 κᾷκείνος
401 3737 509 3805 ἐδέετο
531 3745 667 3823 μεσίτου
690 3741 802 3860 ἑτέρου
824 3741 910 3864 πρὸς
932 3741 989 3831 τὴν
1013 3742 1100 3808 ἰδίαν
1123 3742 1291 3809 σύστασιν
1324 3739 1385 3828 κᾷν
1407 3767 1463 3820 τις

229 3839 331 3910 ἄλλον
354 3839 531 3928 έπινυῇση,
563 3842 803 3929 προεπινοήσει
824 3842 881 3908 τὸν
905 3843 1028 3910 ἐκείνου
1050 3849 1200 3930 μεσίτην,
1225 3838 1311 3910 ω’στε
1332 3843 1387 3909 καί
1411 3843 1463 3921 είς

231 3942 372 4030 ἄπειρον
408 3941 568 4010 ἐκπεσεῖν.
614 3939 700 4009 υότιυ
728 3944 765 4010 δὲ
799 3940 850 4011 ἀεὶ
882 3947 940 4010 τοῦ
968 3951 1104 4028 μεσίτου
1133 3945 1346 4032 ζητουμένου,
1382 3939 1460 4010 οῦδὲ

231 4041 250 4127 ἡ
274 4052 381 4124 κτίσις
403 4047 563 4132 συστῆναι
585 4042 759 4130 δυνήσεται
782 4045 839 4111 διὰ
860 4045 899 4111 τό
920 4045 965 4132 μὴ
988 4045 1164 4126 δύνασθαι,
1189 4043 1235 4126 ιῦς
1257 4047 1373 4132 λέγετε,
1396 4071 1461 4133 μη-

233 4144 311 4212 δένα
332 4149 398 4214 τιῦν
420 4149 563 4234 γενητῶν
584 4141 749 4232 βαστάξαι
770 4145 828 4232 τὴν
852 4143 993 4234 όκρατον
1012 4157 1108 4231 χεῖρα
1122 4151 1180 4214 τοῦ
1203 4143 1389 4234 ευἰγευήτσυ.
1431 4146 1460 4212 εἰ

302 4317 326 4378 1)
345 4317 408 4366 ΡειΙ.
429 4317 478 4368 100
496 4314 549 4386 [99.
569 4315 657 4388 λΧΧἾ]
676 4319 700 4370 3.
770 4317 794 4380 2)
813 4320 867 4372 Ena.
887 4319 929 4382 66,
947 4321 972 4371 2.
1043 4319 1110 4384 SM.
1130 4322 1185 4372 eor.
1204 4321 1228 4382 8,
1247 4321 1270 4372 6.

268 4449 289 4484 υ.
308 4434 350 4485 Sic
367 4447 452 4486 onnes
471 4451 529 4487 αττ.
548 4445 572 4488 ει
589 4438 660 4488 edili:
678 4438 721 4488 ντί
737 4437 819 4500 Ιιςυα·
872 4435 909 4507 [α.
921 4441 988 4490 Vl.-
959 4437 1063 4506 -.Vssl]
1082 4441 1127 4490 hac
1144 4440 1174 4489 de
1192 4454 1218 4490 τι
1236 4441 1348 4502 diximus,
1366 4447 1460 4506 ειῳιιε

232 4503 291 4552 dum
318 4509 356 4554 εει
381 4495 529 4568 ιἰγενῆτου,
559 4513 585 4556 αι
610 4507 725 4570 deinceps
750 4507 821 4556 hahet
873 4511 935 4560 ίυίτι
953 4517 1067 4560 notantur
1085 4509 1114 4558 ad
1133 4521 1198 4558 num
1214 4507 1255 4558 28.

234 4569 321 4633 nesius
340 4573 423 4624 codex.
459 4573 515 4624 Vide
534 4587 596 4639 ῳιιι
614 4574 638 4624 in
656 4575 820 4626 admonitione
907 4577 1006 4643 bMReg
1030 4569 1210 4644 μεταδίδοτε
1248 4575 1324 4628 Porro
1342 4575 1458 4635 Asterius,
1553 4599 1554 4638 η
