3128 5052
474 357 621 402 arcerem
635 359 668 402 ιι.
683 360 721 402 ιιι
737 358 933 404 ιιιιιιιιιιιιιιιι.
1240 347 1300 410 749

43 514 187 575 rodunt
208 509 332 573 Putrem
354 513 387 574 in
410 508 530 592 Spiritu
552 513 741 574 eternitate.
786 510 862 572 Ναιιι
891 522 920 574 ct
941 511 1033 576 Peter
1067 513 1143 575 tolca
1172 517 1385 596 paroeciarum.

43 617 118 695 qui
145 614 276 676 odorent
297 631 375 675 αιιιι.
420 612 558 693 Spiritus
581 622 627 673 cst
646 612 743 684 licus,
773 623 894 683 ctera,
924 618 976 693 poi
1004 615 1142 678 merent
1158 633 1238 685 eum,
1268 619 1302 678 ιἰι

46 719 188 796 spiritu
209 722 239 775 ct
261 717 391 776 ccra'totc
414 723 536 794 opertet
558 714 701 776 odorere.
746 712 819 774 lnde
841 715 920 776 enim
943 716 1132 794 perspicuum
1155 726 1216 790 est,
1247 735 1300 778 ve·

46 817 191 878 ritatem
212 817 310 896 ipsum
340 833 410 878 csse
431 814 556 888 Filium,
585 824 619 876 ut
640 815 705 895 ipse
727 816 783 876 ait:
813 815 875 895 Bpu
903 835 971 878 ιιιιιι
997 822 1125 888 ucra'tos,
1157 837 1243 898 ιιιιιιιιι
1271 827 1301 880 et

7 963 12 972 .
45 918 222 998 Propheta
244 916 335 997 David
357 915 405 978 bis
428 917 528 978 verbis
551 915 723 978 invocabat:
747 917 857 980 dimitte
872 918 967 982 iucem
989 927 1073 982 turm
1094 929 1122 981 ct
1145 923 1301 982 ocmtotem

2 1071 3 1075 ,
50 1033 167 1084 tecam.
211 1019 280 1080 Veri
302 1017 392 1098 igitur
413 1019 587 1081 adoratores
607 1017 726 1080 Patrem
748 1019 868 1098 quidem
890 1020 1071 1094 adorabunt,
1102 1020 1155 1082 sed
1178 1019 1208 1080 in
1231 1021 1300 1100 Spi-

2 1149 3 1179 ;
51 1122 132 1184 ritu
154 1130 186 1182 et
205 1121 340 1194 veritate,
363 1120 469 1184 Filium
492 1119 630 1183 videlicet
651 1129 681 1184 et
701 1120 731 1182 in
748 1121 822 1183 Filio
838 1122 982 1202 Spiritum
1004 1117 1184 1184 confitendo.
1228 1121 1301 1184 Nam

2 1280 3 1286 ,
53 1241 73 1284 a
103 1222 187 1302 Filio
209 1223 342 1302 separari
356 1239 426 1302 ,non
447 1231 547 1302 potest
569 1205 716 1302 Spiritus,
738 1224 783 1284 uti
804 1241 859 1285 nec
880 1243 897 1286 a
917 1223 1005 1286 Patre
1026 1222 1134 1298 Filius,
1157 1223 1301 1304 quemad-
1351 1247 1360 1260 ⁸

4 1376 10 1390 .
52 1324 195 1387 modum
218 1323 283 1406 ipsa
305 1325 414 1386 veritam
438 1323 485 1386 bis
507 1324 605 1386 vorbis
628 1323 729 1388 docet:
753 1325 872 1388 Mittam
892 1327 978 1390 cebir
999 1325 1206 1397 Poroelitum,
1230 1324 1302 1404 Spi-

2 1460 3 1490 ;
53 1430 170 1490 ritum
190 1430 340 1506 cantatis,
363 1429 417 1507 qui
434 1443 454 1488 α
477 1426 569 1489 Putre
586 1427 735 1506 procedit,
759 1445 845 1507 quem
865 1429 996 1490 muudus
1019 1446 1081 1490 uon
1100 1437 1201 1507 potest
1222 1430 1302 1488 ccci-

2 1565 4 1595 ;
52 1546 162 1612 perc,
190 1527 247 1588 boc
273 1535 321 1588 cat
348 1527 399 1606 qui
427 1545 495 1588 cum
524 1547 560 1589 ex
581 1528 669 1589 Patre
696 1528 727 1590 iu
748 1527 824 1590 lilio
855 1547 925 1590 essa
952 1538 1070 1609 negant.
1121 1529 1180 1602 Qui
1210 1528 1301 1608 igitur

2 1663 9 1674 ι
55 1631 224 1694 voluerint
243 1645 334 1692 verus
356 1629 466 1692 imitari
489 1627 679 1701 adoratores,
703 1647 756 1693 ees
779 1631 934 1718 veritatem
957 1631 1092 1694 confiteri
1115 1638 1145 1693 et
1166 1629 1302 1710 amplecti

2 1765 11 1802 ,ν
57 1749 201 1795 necesse
223 1730 346 1793 omnino
367 1739 423 1793 eat.
469 1731 615 1804 Quocirca
637 1731 694 1806 illi,
724 1749 800 1812 quos
827 1731 876 1794 hic
904 1731 1083 1794 relellendos
1111 1731 1245 1812 suscepi,
1275 1731 1302 1792 si

2 1885 7 1906 ,
58 1851 129 1896 nec
152 1842 223 1913 post
244 1833 318 1894 baec
338 1831 429 1894 velint
450 1832 531 1912 qued
553 1851 653 1896 ιαιιιιιι
677 1841 725 1895 est
746 1833 877 1908 discere,
911 1853 967 1896 nec
987 1834 1152 1913 intelligere
1172 1832 1314 1913 possint*

2 1999 3 2006 ,
62 1937 180 1998 saltem
201 1933 292 2014 impia
314 1935 451 2014 prolerre
475 1933 630 2008 desinant,
658 1953 714 1997 nec
735 1935 909 1998 Trinitatem
932 1935 1060 1998 audeant
1080 1951 1235 2014 separare,
1264 1951 1303 1996 ne

2 2035 23 2110 ,‘
60 2038 132 2119 ipsi
156 2055 173 2098 a
194 2037 252 2098 vita
274 2044 462 2116 separentur,
486 2055 541 2098 nec
563 2036 706 2122 Spiritum
733 2046 867 2098 sanctum
890 2035 969 2098 inter
988 2055 1038 2098 res
1061 2045 1302 2099 creatasuume-

62 2146 152 2212 rent,
174 2155 213 2198 ue
235 2136 485 2217 quemadmodum
508 2139 601 2200 sancti
625 2129 754 2219 Spiritu's
777 2157 867 2218 opera
881 2137 1033 2200 Pharisaei
1053 2137 1122 2200 olim
1137 2135 1303 2198 Beelzebuli

5 2283 8 2290 -
65 2237 284 2312 attribuebant,
308 2239 351 2301 sic
371 2247 402 2302 et
423 2237 463 2301 illi
485 2239 565 2318 paris
587 2241 726 2303 audaciae
748 2240 791 2302 rei
813 2241 863 2302 bic
885 2251 916 2302 et
937 2239 967 2302 in
991 2242 1086 2303 lutura
1109 2239 1318 2302 vitaaeteruo

2 2387 3 2394 ι
26 2377 33 2388 -
66 2341 221 2422 supplicio
246 2341 311 2403 siue
333 2340 390 2420 ulla
412 2359 466 2420 spe
488 2341 591 2404 veniae
614 2359 681 2404 cum
703 2341 762 2404 illis
785 2341 958 2404 alliciantur.

616 2693 765 2752 EIUSDEM

245 2813 294 2864 nb
325 2811 508 2864 Ellllllllll
540 2812 805 2862 llPlSCOl'llll
837 2810 1133 2862 sebertonen

305 2915 419 2966 adversus
438 2929 481 2964 cos
499 2915 540 2980 qai
553 2913 634 3002 ‘lulium
653 2927 705 2963 rem
723 2921 828 2964 creatam
848 2928 903 2964 esse
922 2914 1075 2966 contendunt.

164 3054 192 3112 l.
236 3047 299 3128 Epo
321 3045 440 3129 quidem
462 3047 554 3128 pauci
575 3065 624 3110 me
645 3047 685 3109 ita
708 3046 867 3127 scripsisse
890 3047 1106 3120 existimabam,
1129 3055 1216 3125 utque
1231 3045 1306 3108 adeo

2 3128 7 3212 f
71 3149 210 3232 meipso
237 3149 383 3212 maximae
410 3148 618 3211 imbecillitatis
641 3147 838 3223 ‚accusabam
868 3149 917 3228 qui
945 3165 1003 3210 uec
1029 3157 1143 3211 tantum
1172 3145 1304 3210 scribere
1418 3171 1422 3180 ·

72 3252 253 3334 potuissem,
276 3259 418 3332 quantum
441 3251 584 3314 adversus
608 3269 672 3325 eos,
686 3249 745 3330 'qui
767 3249 798 3312 iu
813 3249 957 3330 Spiritum
975 3258 1116 3314 sanctam·
1125 3249 1207 3330 impii
1223 3257 1302 3322 sunt,

2 3413 3 3434 ,
72 3355 143 3416 licet
164 3351 336 3416 bominibus
359 3351 470 3414 dicere.
514 3351 640 3425 Quando
662 3371 745 3426 vero,
768 3360 801 3415 ut
822 3351 939 3427 scribis,
966 3352 1084 3432 quidam
1107 3371 1143 3425 er
1165 3336 1313 3414 baudus

73 3455 311 3535 postulaverunt,
332 3461 367 3516 ut
387 3454 462 3516 haec
484 3454 515 3516 in
537 3455 744 3533 compendium
766 3454 983 3535 redigerentur,
1004 3473 1063 3535 quo
1086 3452 1250 3533 paratiores
1272 3469 1306 3513 ac

111 3655 133 3702 a.
152 3639 191 3692 Sic
210 3639 291 3690 Ottob.
326 3639 353 3688 ln
372 3637 443 3690 lircil.
471 3647 496 3690 et
512 3640 602 3704 berlir.
628 3641 666 3690 in·
717 3641 851 3692 cedentem.
892 3640 920 3690 ln
944 3639 1013 3690 editis
1043 3645 1123 3688 aotam
1146 3635 1226 3702 primo
1250 3633 1305 3693 loco

75 3707 190 3758 scribitur
207 3708 265 3755 ltem
283 3697 408 3766 ἐπιστολὴ
427 3699 496 3772 πρὸς
514 3701 563 3754 τὸν
581 3697 666 3756 αὐτὸν
717 3711 765 3758 aire
784 3715 838 3757 ante
858 3705 1041 3770 praecedentem
1061 3705 1166 3769 ponitur,
1187 3717 1240 3752 cum
1261 3702 1306 3749 lau·

75 3768 241 3841 Σεραπίωνα
258 3767 328 3821 κατὰ
345 3771 402 3820 τῶν
417 3767 625 3839 λεγόντωνκιίιι
716 3775 823 3824 iosmodi
846 3773 930 3822 titolo:
955 3770 1004 3819 τοῦ
1022 3765 1052 3821 ἐν
1075 3765 1165 3835 tylon
1182 3779 1227 3820 etc.
1250 3761 1306 3816 ἒιιι-

75 3837 126 3891 τόν
142 3834 206 3890 υἱόν
222 3849 247 3890 et
263 3841 292 3890 ad
312 3842 444 3904 marginem
462 3835 589 3900 inmeriti
607 3788 666 3890 οζιια·
718 3835 798 3901 στολὴ
818 3835 887 3908 πρὸς
904 3837 1069 3904 Σεραπίωνα
1093 3833 1142 3886 τὸν
1158 3830 1306 3887 ἐπίσκοπον

75 3907 149 3978 τέρα.
185 3909 272 3971 liegius
290 3917 387 3970 autem,
406 3911 506 3972 Seguer.
526 3911 623 3960 Gobler.
642 3917 666 3959 et
716 3903 786 3956 κατὰ
803 3908 861 3956 τῶν
876 3901 1014 3971 larinus*
1035 3897 1079 3954 ὅτι
1096 3900 1111 3953 d
1130 3898 1188 3958 υἱὸς
1203 3905 1306 3968 κτίσμα

76 3979 180 4028 Felclm.
204 3977 224 4027 l.
244 3991 288 4039 pro
307 3976 376 4026 titulo
395 3977 454 4026 baec
473 3977 561 4026 habant
579 3977 665 4026 rerba:
716 3969 799 4025 ἐστίν.
835 3978 913 4027 Sancti
930 3977 1005 4026 Petris
1022 3983 1067 4024 etc.
1085 3975 1190 4037 Epistola
1213 3973 1245 4021 cd
1265 3971 1306 4019 Se·

76 4045 163 4094 ταῦτα
180 4037 209 4092 ἐκ
226 4041 283 4090 τῶν
304 4057 417 4113 προειρη
454 4057 511 4092 νων
531 4036 590 4092 καί
609 4036 666 4092 ἐπι·
716 4045 835 4107 cepionem
847 4043 993 4108 Episcopum,
1013 4049 1094 4093 centra
1112 4055 1151 4090 eor
1169 4042 1209 4104 qui
1227 4039 1306 4088 dicant

77 4107 165 4179 τομὴν
178 4103 288 4179 ἐγράφη
312 4103 369 4160 καί
396 4125 413 4159 α
433 4109 487 4160 cair
510 4105 592 4159 uallo
609 4110 667 4158 coir
717 4112 870 4166 Filiumcsse
887 4126 934 4161 rem
952 4117 1059 4160 creatam.
1094 4105 1307 4156 Videadmouitic·

77 4173 213 4244 λεγόντων
234 4173 337 4248 triopa
363 4167 433 4229 εἶναι
459 4173 491 4228 τὸ
508 4179 616 4245 euripo
634 4171 667 4228 τὸ
718 4191 774 4228 eam
792 4193 816 4242 p.
831 4177 889 4228 cto.
916 4174 1021 4242 [pilli.
1040 4175 1111 4225 boias
1129 4171 1180 4236 ed}
1199 4187 1264 4222 uum.
1283 4171 1306 4250 2.

79 4239 165 4312 ἅγιον.
201 4249 227 4298 ld
246 4249 355 4298 estlleec
371 4263 401 4298 ec
416 4250 543 4313 praedictis
561 4261 667 4312 comper-
753 4247 777 4295 l.
796 4247 900 4296 Felclm.
917 4245 941 4294 2,
965 4239 1012 4292 καί
1034 4243 1129 4293 omittit.
1166 4241 1217 4290 Μαι
1234 4239 1308 4289 Basti.

80 4317 117 4366 dia
135 4317 220 4381 scripte
242 4321 295 4364 cunt
319 4322 399 4366 contre
422 4318 514 4366 cordam
532 4319 572 4381 pai
590 4319 670 4366 dicunt
719 4314 809 4375 lnglic.
829 4321 853 4362 et
868 4313 973 4362 Felclam.
987 4311 1011 4361 2.
1035 4319 1059 4360 et
1084 4309 1140 4359 aditi
1166 4319 1307 4424 mazn-

80 4383 187 4446 Spiritcm
205 4390 309 4433 reectum
325 4397 373 4432 rem
390 4391 490 4434 crcctcm
508 4399 565 4432 esce.
601 4385 669 4442 Quae
718 4377 801 4431 ιιέναι.
843 4380 902 4429 lbli.
927 4380 1024 4429 Gobler.
1044 4387 1067 4428 et
1085 4377 1189 4428 latete.
1209 4376 1232 4426 1.
1278 4389 1308 4452 ιι-

79 4449 134 4498 item
152 4441 245 4500 enitent
262 4453 287 4498 in
300 4451 407 4512 margins
420 4447 670 4500 codicialtsutnnsts.
719 4442 863 4513 raydpeuv,
898 4448 957 4497 ltem
984 4447 1073 4496 ibidem
1092 4445 1183 4508 duplic.
1206 4437 1308 4502 πολλην

81 4514 107 4564 ln
124 4519 234 4568 omnibus
253 4515 327 4581 pbrro
348 4531 405 4567 mae.
431 4519 502 4567 etiam
521 4519 544 4566 ln
564 4517 668 4568 Felclm.
720 4508 874 4564 ἀσθένειαν.
924 4513 999 4566 cauto
1018 4521 1074 4578 pest
1092 4514 1148 4575 lter.
1167 4521 1190 4563 et
1207 4513 1307 4575 Sagram

82 4581 105 4632 2
122 4592 157 4635 cat
174 4599 275 4636 numero
294 4586 579 4650 aeeuudasiresequitor
596 4599 669 4649 prcc-
719 4576 838 4650 γράψαι.
875 4583 921 4634 llil
939 4589 963 4634 et
980 4583 1037 4633 editi
1053 4576 1184 4648 γράφειν.
