3048 5052
476 383 583 428 onerro
599 385 620 429 r.
637 383 753 428 conrnn
768 383 904 430 munos.
1223 369 1299 461 ,187

99 535 120 596 si
136 535 194 615 ipse
214 553 271 596 uon
292 543 339 596 est
359 553 396 596 ex
418 533 576 611 omuibus,
599 535 637 598 de
658 534 709 596 illo
730 535 815 598 nefas
838 544 885 598 est
907 535 1023 598 disere:
1051 535 1121 599 l'uit
1141 535 1384 618 aliquantenus

96 655 150 698 mm
173 655 228 700 nou
254 634 333 700 esset
360 645 391 700 el
417 637 484 700 Non
513 645 577 700 erat
603 644 762 718 antequam
789 645 985 706 nasceretur„
1015 637 1192 702 Huiusmodi
1219 639 1300 702 enim

95 755 167 800 voees
187 738 221 800 de
241 739 324 801 laetis
347 739 467 820 quidem
488 738 581 802 rebus
604 747 672 822 apte
694 745 894 821 usurpantur3
915 747 946 802 at
966 737 1034 820 ipse
1047 739 1140 803 Filius
1163 741 1229 803 talis
1244 748 1301 816 est,

96 839 172 920 qualis
190 841 284 916 Pater,
306 842 391 904 cuius
412 849 535 904 naturae
556 841 698 923 proprius
711 849 909 922 ,quoqueest
931 841 1019 920 letus,
1041 843 1170 905 Verbum
1192 861 1227 906 ne
1244 843 1300 906 Sa-

96 941 194 1022 pientia.
234 943 366 1024 Namque
385 944 416 1006 id
436 943 592 1026 proprium
614 953 661 1006 est
681 941 747 1005 Filii
770 961 839 1023 erga
859 943 999 1018 Patrem,
1022 943 1160 1028 idemque
1182 945 1300 1008 Patrem

19 1085 22 1098 .
96 1041 148 1104 nli
164 1045 313 1126 proprium
336 1046 482 1121 ostendit,
505 1045 546 1108 ita
566 1053 601 1108 ut
622 1045 679 1108 diei
700 1051 842 1126 nequeat,
873 1044 919 1106 vel
941 1045 1034 1106 ileum
1057 1044 1212 1124 aliquando
1234 1048 1301 1110 siue

95 1145 244 1209 venenu
265 1147 393 1210 Ratione
413 1147 519 1222 luisse,
541 1147 588 1210 vel
608 1147 715 1210 Filium
738 1147 896 1228 aliquande
918 1165 980 1209 non
1003 1145 1166 1209 exstitisse.
1211 1149 1301 1210 Cete-

92 1247 183 1327 roquin
204 1267 254 1310 eur
274 1249 426 1312 diseretor
447 1248 560 1323 unius,
580 1249 640 1311 nisi
662 1255 744 1312 esset
765 1267 800 1312 ex
821 1247 914 1329 ipso?
940 1248 987 1311 vel
1008 1267 1099 1329 quare
1120 1249 1252 1312 Verbum
1273 1259 1302 1312 et

93 1345 221 1428 Sapientia
242 1349 450 1432 appellaretur,
472 1351 530 1413 nisi
554 1359 584 1412 et
606 1369 728 1432 semper,
748 1357 778 1412 et
797 1350 939 1430 proprius
962 1349 1042 1412 illius
1065 1348 1174 1414 esset?

160 1453 207 1516 20.
250 1452 448 1526 Quandonam
469 1453 561 1534 igitur
581 1452 668 1515 lleus'
685 1452 750 1516 siue
772 1452 823 1514 illo
846 1453 911 1528 luit,
934 1453 1013 1534 quod
1034 1453 1129 1534 ipsius
1144 1452 1302 1534 proprium

91 1548 149 1612 esti
167 1552 208 1615 rel
228 1554 295 1634 quis
319 1555 360 1630 id,
382 1556 462 1636 quod
482 1555 638 1637 proprium
662 1563 717 1630 est,
740 1563 880 1635 tanquam
901 1555 971 1636 quid
994 1563 1149 1617 externum
1171 1562 1202 1617 et
1221 1555 1302 1634 quod

91 1651 204 1716 diuersae
225 1657 265 1718 sit
286 1666 411 1720 naturae
432 1658 530 1739 possit
550 1656 732 1738 concipere?
768 1655 928 1718 Enimvero
943 1675 993 1720 res
1009 1657 1092 1732 alias,
1116 1657 1216 1738 quales
1233 1664 1303 1718 suut

89 1770 133 1816 res
147 1757 242 1834 iactae,
264 1759 341 1821 nibil
362 1767 466 1822 natura
488 1759 585 1822 simile
607 1759 717 1822 babent
739 1777 805 1822 eum
828 1777 884 1822 soe
899 1766 1031 1834 auctore,
1045 1759 1107 1822 'sed
1129 1767 1211 1822 extra
1233 1778 1302 1822 eum

90 1853 204 1921 eiusdem
225 1861 320 1940 gratia
341 1869 371 1924 et
391 1862 542 1925 volumtate
563 1861 761 1944 perverbum
783 1871 854 1924 sunt
874 1861 1019 1937 conditae,
1042 1861 1115 1924 adeo
1130 1867 1164 1924 nt
1184 1862 1303 1943 possint

90 1957 223 2039 aliquando
246 1983 317 2026 esse
338 1963 493 2040 desinere,
522 1964 548 2027 si
576 1983 683 2046 nempe
704 1963 849 2045 placuerit
871 1963 1012 2040 ereatori,
1042 1963 1151 2045 quippe
1178 1981 1244 2028 mm
1266 1983 1301 2027 ea

89 2059 120 2120 sil
138 2081 229 2127 rerum
249 2067 396 2129 laetarum
418 2075 531 2129 natura.
574 2065 612 2128 nt
632 2068 712 2147 quod
734 2063 856 2129 naturae
870 2065 966 2128 Patris
987 2075 1035 2129 est
1054 2065 1208 2148 preprium
1232 2066 1302 2142 (boo

90 2163 153 2226 eoim
173 2185 238 2230 esse
258 2157 369 2232 lilium
391 2167 449 2232 iam
471 2187 646 2232 eoncessum
669 2175 727 2254 est)
754 2187 793 2231 au
820 2187 882 2232 nou
912 2169 1102 2232 temerarium
1124 2176 1155 2231 et
1176 2169 1301 2249 impium

90 2273 127 2325 est
143 2285 175 2329 ex
194 2269 287 2344 nihilo
312 2288 380 2332 esse
402 2269 512 2346 dicere,
533 2289 590 2334 nee
609 2269 703 2334 luisse
725 2271 889 2352 antequam
905 2277 1088 2346 nasceretur,
1112 2271 1164 2334 sed
1187 2271 1300 2333 adren-

89 2365 168 2430 titium
188 2389 265 2447 esse,
288 2389 444 2454 posseque
465 2373 572 2435 iterum
594 2372 751 2454 aliquando
767 2371 836 2435 bon
858 2371 952 2436 esse?
993 2373 1085 2447 Quod
1104 2373 1155 2454 qui
1176 2373 1223 2436 rel
1246 2391 1301 2433 so·

89 2463 137 2552 lum
156 2473 268 2552 cogitat,
292 2473 437 2554 intelligat
459 2491 581 2554 quaeso,
604 2475 754 2555 montedo
776 2473 875 2554 possit
897 2472 1010 2538 detrahi
1031 2474 1174 2555 persentio
1191 2483 1221 2538 et
1234 2474 1300 2554 ple-

90 2569 178 2635 nitudo
205 2583 331 2638 naturae
359 2575 468 2639 Petris.
519 2575 596 2638 Hine
623 2576 702 2639 enim
730 2575 837 2639 elarius
872 2575 971 2639 licebit
996 2575 1185 2656 perspicere,
1214 2594 1302 2654 quam

88 2669 196 2736 absurda
217 2676 257 2738 sit
277 2675 389 2740 Ariana
410 2677 556 2752 haeresis,
578 2675 605 2740 si
626 2677 767 2740 nimirum
790 2677 967 2750 attendetur,
989 2676 1094 2738 Filium
1105 2675 1202 2738 Patris
1225 2676 1301 2738 ima-

87 2773 180 2850 ginem,
201 2777 395 2860 splendorem
416 2782 450 2843 et
467 2779 591 2860 liguram
613 2787 701 2860 atque
722 2777 876 2840 veritatem
899 2794 978 2839 esse.
1021 2777 1096 2840 Nam
1110 2777 1137 2838 si
1157 2777 1385 2840 existememus.

86 2870 141 2936 luce
159 2876 251 2959 unago
274 2881 341 2942 eius
364 2880 466 2944 existit
486 2881 647 2962 splendor,
670 2879 697 2942 si
718 2879 791 2941 item
813 2878 979 2941 susbstantia
1001 2879 1145 2942 existente
1167 2877 1301 2941 eiusdem

86 2975 172 3040 existit
190 2979 306 3062 integra
328 2982 432 3060 ligura,
455 2981 482 3058 si
504 2982 631 3064 denique
653 2981 799 3043 existente
812 2980 901 3044 Patre
917 2979 1017 3043 existit
1030 2979 1150 3056 veritas,
1173 2979 1301 3057 videant,

87 3077 127 3154 qui
147 3079 303 3145 divinitatis
332 3083 490 3163 imaginem
519 3093 550 3146 et
575 3085 699 3164 liguram
728 3090 864 3164 tempore
891 3082 1070 3158 metiuntur,
1103 3083 1133 3144 iu
1163 3092 1302 3163 quantem

86 3176 200 3244 incidant
227 3183 423 3266 impietatem.
467 3185 500 3248 Si
529 3185 608 3248 enim
635 3203 697 3246 non
725 3183 779 3248 luit
805 3183 899 3246 Filius
926 3194 1084 3265 antequam
1117 3190 1299 3259 nasceretur,

86 3295 132 3342 noe
149 3283 234 3363 igitur
252 3305 378 3367 semper
399 3287 455 3350 luit
474 3285 505 3349 in
526 3285 588 3350 lieo
610 3287 728 3349 veritas.
765 3285 881 3362 ‚Verum
903 3285 932 3346 id
953 3287 1039 3348 neias
1061 3284 1139 3348 didu
1160 3291 1218 3348 εει.
1250 3285 1300 3347 Si-

88 3383 188 3458 quidem
209 3387 301 3451 Patre
325 3387 470 3452 existente
492 3389 548 3452 luit
569 3406 690 3470 semper
712 3387 742 3450 iu
764 3387 950 3462 illuseritas,
970 3405 1050 3468 quae
1063 3387 1156 3449 lilius
1171 3393 1227 3461 est,
1251 3385 1301 3466 qni
1378 3431 1384 3444 .

88 3489 110 3542 et
128 3484 198 3550 idem
220 3487 308 3552 dicit:
337 3489 399 3570 Epo
427 3509 509 3554 sum.
523 3495 648 3553 veritur.
693 3488 865 3552 Substantia
893 3489 1030 3552 similiter
1062 3488 1208 3551 existente
1236 3487 1301 3550 eius

88 3583 191 3662 figuram
216 3599 251 3652 et
282 3591 442 3670 imaginem
470 3582 612 3654 continuo
642 3609 709 3654 esse
736 3609 863 3672 prorsus
885 3609 1011 3653 neeesse
1032 3599 1090 3652 est.
1132 3590 1194 3652 Neo
1221 3589 1302 3650 enim

91 3688 254 3755 extunseeus
278 3693 394 3772 depicta
417 3700 464 3755 est
484 3693 538 3757 liei
559 3693 668 3773 imago,
692 3692 745 3755 sed
767 3691 834 3774 ipse'
848 3691 927 3755 lleus
950 3691 1084 3755 eiusdem
1107 3698 1155 3753 est
1175 3689 1301 3770 genitor,

87 3783 179 3869 inqua
200 3771 337 3876 seipsum
359 3793 477 3858 inurens
501 3795 604 3858 eadem
626 3794 798 3869 delectatur,
821 3801 854 3855 ut
868 3791 1028 3856 aitlilius:
1050 3792 1114 3873 Epo
1137 3809 1222 3854 nom
1242 3800 1302 3871 qod

86 4000 181 4082 nimpe
198 4008 233 4063 τὰ
248 4007 418 4083 γεννήματα.
456 4016 531 4068 Paulo
549 4015 661 4082 poelSe·
713 4005 762 4064 ode
780 4000 813 4076 ἦν
831 4005 874 4067 det
890 4007 921 4066 ir
939 4013 977 4080 τῷ
995 4009 1060 4078 θεῷ.
1096 4009 1158 4060 Editi
1176 3997 1304 4060 contundet

85 4089 141 4138 guel.
159 4080 238 4132 τοῦτο
258 4071 330 4134 εἶναι
346 4076 412 4138 υἱός.
713 4085 834 4134 omittunt.

113 4161 247 4229 bSegoer.
265 4165 379 4235 ympni.
746 4165 781 4202 m.
799 4151 839 4202 Sie
856 4149 956 4213 Sequar.
975 4150 1032 4230 dep.
1051 4143 1149 4197 Gobler.
1160 4151 1184 4194 ει
1195 4144 1300 4195 i'elclm.

111 4247 127 4294 i.
143 4247 300 4330 ⁵³⁶‚Slfflb
334 4251 398 4304 ΕΜ
416 4267 472 4304 „w
490 4261 515 4304 οι
530 4243 661 4304 mum
713 4218 737 4270 1.
772 4217 834 4268 Edlti
851 4224 931 4268 autem
951 4201 985 4276 riv
1001 4228 1038 4264 ur
1054 4206 1084 4264 iv
1101 4203 1183 4278 αὐτῷ.
1208 4213 1299 4262 ibidem

84 4304 150 4363 len,
164 4317 250 4370 mod
267 4314 315 4370 ‘up
331 4314 364 4372 ,ὁ
382 4311 421 4370 p„
448 4315 456 4333 ι
476 4333 513 4370 Μ
713 4287 737 4337 iu
757 4285 947 4364 §obieris-notet
964 4283 1069 4334 Feleim.
1089 4282 1111 4332 1.
1137 4281 1224 4362 deson!
1242 4271 1300 4360 ᾔεις

112 4398 131 4450 i.
149 4399 188 4454 Sie
204 4405 306 4470 Ssguer.
340 4407 370 4456 lt
387 4335 477 4456 uiliter
488 4335 578 4466 esitii
598 4397 660 4466 ati·
711 4345 787 4471 ittig
804 4344 820 4400 ὃ
837 4344 896 4428 ὡς
913 4366 928 4400 ⁰
946 4345 1043 4417 um
1061 4341 1117 4417 ἐγώ
1134 4341 1190 4416 εἶμι
1208 4343 1299 4410 quip-

85 4462 139 4576 ἷω
154 4462 169 4518 ὅ
185 4466 252 4527 ⁹⁴⁶5·
280 4473 355 4524 P¹l¹⁰
371 4483 427 4540 1³⁰¹!
436 4475 534 4540 siim·
545 4466 584 4529 ‘if
593 4463 661 4524 3⁶⁰⁷
745 4503 769 4540 n.
788 4489 829 4540 Sie
845 4489 946 4552 sepner.
964 4495 988 4539 et
1005 4489 1062 4553 lieq.
1098 4487 1124 4537 lo
1143 4487 1214 4538 editis
1231 4475 1327 4533 deest·

101 4537 202 4598 “iliat-
532 4563 537 4570 ·
711 4550 737 4618 ἢ.
775 4555 850 4607 Paulo
868 4565 924 4621 post
941 4551 1083 4608 l'eielm.2.
1101 4563 1126 4607 ει
1143 4553 1180 4604 eur·

113 4620 129 4668 l·
144 4623 242 4693 Sequor.
260 4623 372 4696 yerqdpi.
411 4627 477 4679 ldem
496 4627 553 4678 ibid.
570 4635 594 4679 et
602 4627 659 4690 lies.
712 4625 769 4676 mel.
787 4617 887 4675 ἑαυτὸν
904 4617 919 4673 i
937 4617 1020 4694 δρῶν.
