2960 5026
362 287 477 334 eornm
491 287 707 333 meminimus
721 289 850 334 nmenu.
1158 277 1220 340 917

35 444 330 505 resurrectionem
351 438 577 507 annunciaret?
620 437 678 502 Sed
700 457 754 501 ros
776 439 875 503 omnia
889 449 1157 521 praeternaturam
1173 443 1305 506 dinen.

7 563 17 604 r
52 551 90 604 et
118 542 301 624 oppeilntis,
330 561 369 605 ne
391 543 470 605 iusto
492 541 655 604 naturalem
678 559 801 604 sensnm
823 545 1028 608 oeconomiam
1049 553 1222 608 enarrantes

7 665 24 706 n
56 645 260 724 proferatis,
287 663 395 725 nempe
418 644 545 708 Verbum
574 663 642 705 rere
668 643 820 706 hominem
847 646 954 708 iactum
977 664 1055 709 csse.
1099 647 1222 710 Dixistis

7 767 42 810 m
73 748 155 828 ipsa
182 747 302 810 Domini
324 765 399 810 roco
420 755 559 809 testatum
582 745 652 810 iilud
675 763 758 809 esse:
782 745 896 810 Sensus
919 757 947 810 et
970 753 1107 828 cogitatio
1126 751 1222 812 iomi-

31 853 75 910 in
99 849 231 911 molunt
248 867 353 930 prono
374 859 420 914 ost
442 849 478 912 oo
501 847 704 912 odolescentia
725 867 799 925 ruo,
817 859 889 910 ‘non
910 848 1126 930 intelligentes,
1154 869 1220 914 cum

8 951 42 1012 it
70 951 115 1012 ob
142 947 364 1026 odolescentia,
387 947 467 1024 illud,
491 949 571 1028 quod
594 949 631 1010 ab
653 948 772 1012 inimico
795 949 919 1014 insitum
941 950 1071 1014 etietaie
1093 959 1149 1026 est,
1172 953 1221 1014 in-

7 1071 108 1114 esse.
163 1051 296 1138 Ideoque
317 1052 424 1114 iurarit
444 1050 589 1114 Dominus
612 1049 702 1113 David
725 1051 895 1126 veritatem,
924 1052 961 1114 de
988 1053 1087 1114 trunto
1109 1054 1222 1114 renuis

7 1175 31 1216 s
61 1173 101 1214 se
127 1151 287 1215 Christum
309 1153 473 1216 secundum
495 1171 614 1216 carnem
637 1153 839 1242 excitaturum,
863 1171 924 1216 non
939 1154 990 1236 qui
1006 1174 1041 1216 ex
1056 1152 1223 1216 Divinitotis

7 1253 153 1316 statione
177 1253 271 1316 homo
294 1255 502 1333 specietenus
524 1253 670 1318 videndus
693 1264 774 1318 esset
795 1255 938 1335 (alioquin
960 1257 1030 1336 quid
1054 1275 1130 1337 opus
1145 1256 1222 1318 iuis-

7 1377 14 1418 t
46 1365 86 1418 ut
118 1357 240 1418 iuraret
266 1354 411 1418 Dominus
432 1354 578 1432 Doridi),
608 1357 661 1420 scd
689 1357 738 1436 qui
767 1358 893 1419 formam
926 1358 1005 1420 servi
1034 1367 1222 1420 assumturus

7 1468 79 1532 set,
107 1476 148 1518 ex
172 1457 292 1536 Virgine
313 1459 397 1520 nasci
419 1475 454 1520 ao
475 1459 579 1520 aetatis
602 1465 791 1539 staturaeque
813 1450 1000 1539 augmentum
1017 1468 1123 1522 nostro
1139 1477 1223 1520 more

7 1562 123 1640 cipere
147 1559 338 1638 dignaretur,
361 1569 395 1622 ut
416 1560 457 1622 ait
477 1559 655 1640 Apostolus:
681 1561 761 1634 Qnio
782 1580 855 1642 ergo
873 1565 967 1641 pueri
987 1565 1224 1624 communicave-

7 1673 56 1726 ont
81 1664 183 1724 corni
202 1672 231 1724 et
252 1665 404 1740 sangnini,
428 1673 456 1723 et
477 1666 542 1742 ipsc
563 1661 706 1726 similiter
719 1665 919 1743 participavit
933 1663 1058 1737 eisdem3
1082 1661 1223 1724 semiliter

7 1763 125 1834 iidem,
161 1759 314 1839 quianon
337 1761 525 1834 exsemine,
549 1761 601 1823 sed
625 1781 660 1824 ex
683 1762 806 1842 Spiritu,
830 1764 939 1826 nedem
960 1781 1048 1836 rero,
1072 1762 1140 1842 quia
1162 1779 1223 1824 non

7 1863 46 1924 iis
72 1861 275 1942 participarit,
297 1865 349 1926 sed
373 1881 408 1924 ex
430 1864 544 1926 semine
565 1863 657 1926 David
680 1872 710 1926 et
730 1863 864 1926 Abrahae
887 1873 917 1926 et
937 1865 1017 1926 Adae
1038 1864 1167 1944 prodiit,
1191 1872 1224 1926 ut

7 1964 136 2043 :riptum
160 1971 218 2026 est.

74 2269 107 2331 9.
154 2265 214 2328 Cur
242 2265 340 2346 itrqne
368 2285 468 2330 sacras
496 2267 664 2349 Scripturas
687 2277 878 2349 apertamque
906 2268 1060 2330 veritatem
1087 2276 1223 2348 praeter·

7 2369 145 2429 rittentes
169 2365 283 2428 dicitis:
313 2367 450 2440 „Sinon
474 2387 509 2429 ex
532 2387 565 2430 se
587 2369 653 2448 ipsc
675 2369 720 2430 vir
740 2369 893 2448 apparuit,
916 2368 970 2431 sed
991 2369 1150 2445 humanam
1172 2387 1223 2430 as·

17 2466 170 2529 sumendo
200 2465 396 2532 substantiam
426 2469 517 2530 homo
546 2471 641 2531 iactus
670 2477 732 2542 cst3
771 2486 841 2547 crgo
869 2469 933 2530 riro
962 2469 1139 2532 coniunctus
1167 2476 1223 2542 est,

7 2568 140 2648 ,eritque
162 2566 308 2630 Dominus
329 2567 457 2647 gloriae,
481 2570 530 2650 oqui
553 2569 710 2631 crucifixus
733 2575 793 2642 est,
817 2567 960 2632 homoi“
1004 2569 1036 2632 si
1059 2570 1147 2649 igitur
1169 2589 1223 2633 au-

7 2669 111 2733 ieritis
133 2668 253 2730 Petrum
275 2657 437 2732 dicentem!
458 2669 548 2732 Hunc
571 2670 725 2732 Cim‘otnm
747 2682 776 2732 et
797 2669 961 2732 Dominum
982 2670 1056 2749 serit
1077 2669 1158 2732 Deus
1177 2669 1226 2732 Ie-

7 2791 79 2850 um,
96 2789 182 2852 quern
196 2789 250 2833 ooo
267 2771 475 2851 crucifixistis,
499 2770 638 2850 quidnam
663 2771 771 2832 iactum
786 2768 980 2849 inteiiigetis?
1003 2769 1034 2832 Si
1051 2769 1138 2832 Verbi
1153 2770 1224 2831 Dei·

7 2881 99 2945 atem,
122 2873 225 2951 ecquid
247 2871 344 2935 adhuc
364 2871 491 2934 Arianos
513 2870 751 2952 reprehenditis,
774 2889 841 2934 cum
864 2871 966 2934 eadem
990 2889 1066 2950 quae
1089 2869 1129 2932 ilii
1152 2887 1224 2931 sen-

9 2972 104 3038 iotis?
147 2973 178 3034 Si
200 2991 271 3034 vero
293 2991 357 3036 eom
381 2992 456 3053 quoe
477 2973 508 3034 in
530 2973 626 3037 Verbo
649 2979 697 3034 est
717 2971 796 3034 servi
817 2973 954 3045 termam,
977 2989 1031 3034 cur
1051 2970 1147 3033 adhuc
1167 2989 1224 3032 vo·
1278 3041 1280 3048 ‚

7 3078 116 3138 ›iscnm
137 3073 295 3156 pugnatis?
334 3075 446 3162 ¹Verum
461 3093 647 3156 nequaquam
669 3074 709 3139 ita
727 3073 859 3148 creditis,
882 3091 949 3136 nam
965 3073 1074 3136 iterum
1088 3071 1312 3141 instatismmr,

7 3177 68 3252 „si
80 3183 189 3250 nature,
213 3193 287 3256 quae
297 3177 438 3256 peccarit,
462 3177 491 3238 in
503 3177 565 3238 Deo
584 3175 716 3240 existens
731 3183 883 3254 peccatum
899 3193 959 3238 noo
975 3174 1087 3248 iecerit,
1110 3175 1139 3238 ri
1155 3193 1226 3254 ergo

7 3327 25 3353 „
35 3277 186 3351 detinetur,
203 3280 281 3357 quod
299 3278 443 3342 automni
462 3279 619 3352 detinetur,
635 3278 666 3341 in
680 3285 759 3341 statu
774 3285 822 3340 est
832 3275 995 3340 violento.“
1025 3277 1063 3338 At
1078 3275 1176 3350 dicite,
1200 3277 1227 3338 si

7 3398 67 3441 non
82 3397 199 3458 peccare
214 3399 250 3442 ex
264 3381 444 3444 necessitate
460 3381 503 3452 tit,
525 3399 649 3462 peccare
663 3378 825 3442 secundum
842 3387 978 3442 naturam
994 3378 1067 3452 erit,
1090 3386 1119 3440 et
1141 3378 1166 3439 si
1189 3377 1227 3440 ita

10 3499 44 3542 se
58 3497 105 3540 res
120 3479 212 3552 habet,
235 3484 403 3545 concedatis
422 3491 541 3562 oportet
552 3492 674 3544 naturae
687 3489 851 3543 creatorem
866 3478 979 3558 peccati
1000 3495 1069 3538 esse
1081 3477 1226 3556 opificem.

13 3579 97 3653 Quod
107 3577 132 3638 si
142 3578 341 3658 blasphemum
354 3582 424 3644 iilud
436 3591 492 3654 est,
504 3591 534 3642 ct
550 3583 576 3642 si
588 3599 715 3644 neccsse
726 3589 774 3642 est
784 3597 818 3640 cx
831 3577 975 3640 accidenti
986 3584 1137 3656 peccatum
1150 3593 1228 3650 esse,

12 3679 146 3758 liquidum
167 3688 212 3740 cst
233 3697 293 3740 non
315 3698 438 3758 peccare
460 3680 621 3743 secundum
643 3687 778 3742 nattuam
800 3671 905 3754 inisse,
928 3685 1017 3758 atque
1035 3677 1109 3740 adeo
1132 3680 1250 3768 torma·

15 3781 104 3856 servi,
126 3799 193 3860 qnae
215 3781 246 3842 in
268 3781 356 3842 Verbi
377 3781 491 3844 Deitate
513 3780 665 3861 apparuit,
687 3799 748 3842 non
771 3779 799 3840 ri
821 3779 938 3853 adacta,
968 3780 1023 3841 scd
1045 3787 1150 3859 suopte
1172 3798 1227 3840 naa

17 3968 117 4028 omnino,
134 3968 171 4017 sed
188 3969 296 4032 proxime
314 3967 343 4018 ad
362 3967 543 4018 similitudinem
553 3966 588 4016 si·
674 3968 696 4017 h.
716 3968 750 4016 ita
775 3971 874 4027 sogum.
902 3965 999 4016 Gobter.
1027 3972 1051 4015 et
1074 3965 1179 4016 Feickm.
1197 3966 1230 4026 1.,

17 4037 113 4101 gniiicot.
640 4051 701 4100 quos
720 4038 853 4098 sequimur.
889 4034 950 4083 Editi
975 4047 1030 4082 vero
1056 4047 1109 4082 cum
1128 4033 1229 4084 caeteris

52 4121 71 4152 n.
88 4103 124 4152 Sic
144 4105 237 4163 Sogner.
262 4112 334 4152 recte.
371 4102 431 4152 Editi
455 4117 510 4152 roro
538 4115 589 4149 not·
640 4117 699 4154 mss.
716 4100 838 4170 μορφῆς.
864 4093 1126 4154 καὶπάλινέαυτοῖς.
1155 4101 1229 4150 Panlo

22 4165 211 4236 proniqotnrd't.
255 4171 318 4220 inire
337 4171 434 4232 Seguer.
459 4171 527 4222 ocius
546 4159 590 4218 ὅτι
640 4171 811 4236 postssobler.
831 4169 1018 4219 etFoictm.1.
1043 4157 1086 4216 ὅτι
1109 4159 1124 4227 ἦ
1144 4161 1230 4234 ἆμαρ-

25 4231 70 4304 οἰ·χ
86 4233 182 4304 ἑτέρων.
641 4233 756 4298 τῆσασα.
795 4238 859 4286 inira
879 4235 1085 4298 Segoer.Gobler.
1105 4246 1127 4287 et
1145 4237 1229 4288 reten-

56 4310 70 4355 t.
93 4306 121 4354 lto
138 4309 228 4368 Segner.
264 4305 325 4355 Editi
342 4321 397 4356 roro
416 4297 444 4361 ἐξ
461 4295 553 4353 nitori.
643 4309 722 4357 manni
744 4308 766 4356 t.
784 4299 817 4352 τὸ
836 4298 865 4352 δὲ
882 4296 913 4352 ἒν
930 4294 1043 4370 ἀνάγκῃ.

57 4389 75 4436 g.
93 4377 178 4435 Sequor.
197 4373 266 4424 Gobl.
285 4382 308 4424 et
327 4373 431 4424 t'etctm.
451 4375 470 4422 i.
490 4365 592 4439 λαμβά-
677 4377 692 4424 i.
716 4375 816 4436 Segner.
833 4366 1015 4438 βλαςφημίας.

28 4433 135 4497 nqrro'ni
152 4438 193 4500 τῆς
218 4434 362 4505 τοῦλόγου
388 4431 527 4502 θεότητος,
546 4436 593 4488 καὶ
676 4443 698 4492 k.
718 4441 781 4492 iioec
806 4442 829 4491 in
854 4441 1001 4504 Synodo'Vi.
1029 4439 1113 4492 teci
1142 4435 1229 4503 [Donni

29 4502 54 4553 τί
61 4501 103 4562 tu,
121 4509 180 4558 note.
207 4509 257 4558 tior
271 4510 341 4558 iidem
356 4503 390 4557 τὰ
409 4501 455 4557 ἴσα
471 4503 588 4558 ἐκείνων.
614 4567 620 4582 1
644 4511 717 4558 Cone.
734 4508 797 4559 coti.
815 4507 931 4560 Tomiil.
951 4524 975 4574 p.
989 4503 1068 4575 idel.
