2960 5026
484 51 601 97 eoarm
615 51 936 100 moamnmouxtuxa
949 55 982 100 n.
1180 77 1184 86 ·
1217 69 1222 74 ·
1277 43 1340 108 933

80 204 286 268 tinctionem
308 203 459 268 solverint.
503 201 564 266 Nec
584 203 675 284 igitur
696 220 778 265 mors
800 211 904 266 nostra
925 204 986 267 illie
1006 205 1104 270 locum
1117 206 1232 283 hahuit,
1255 210 1282 271 si
1306 227 1357 272 ext

86 306 130 366 ei
168 305 374 386 separatione
396 305 533 384 eorporis
556 304 713 368 exstinctio
737 303 885 384 obtigerit.
931 295 1089 379 Quomodo
1110 317 1211 372 autem
1232 329 1342 390 eorpus

80 407 104 466 h
140 406 387 486 incorruptibili
407 406 468 468 lleo
501 413 670 486 separatum
692 406 722 466 in
745 406 1024 485 incorruptibilitate
1044 426 1200 474 remanare
1220 411 1342 491 potuit?

80 508 120 568 lo
157 517 277 570 autem
299 509 389 590 modo
412 507 575 570 vulneratio
597 507 716 586 quidem
732 508 879 586 corporis,
903 509 1003 588 passio
1018 517 1116 572 eutem
1130 511 1219 574 Verhi
1240 513 1341 576 luerit.

80 609 215 671 ladem
242 610 323 672 enlm
345 611 383 674 de
405 628 494 674 cause
507 617 548 671 et
566 609 660 672 Deum
682 627 804 690 pessum
827 617 894 672 esse
917 629 953 672 ex
974 612 1169 691 consequenti
1183 612 1340 694 loquentes

86 711 299 786 ssereretis,
322 713 393 792 quin
415 720 445 776 et
467 729 534 774 cum
555 711 672 774 Arianis
695 711 825 791 idipsum
847 711 1023 774 dooeutlhus
1045 713 1232 778 consentitis.
1266 715 1342 780 Ver·

80 831 167 873 »um
196 820 321 892 eutem,
348 821 382 875 ut
403 821 503 876 vestra
524 813 583 876 lert
604 812 723 893 opinio,
753 831 789 874 ex
816 813 1039 876 resurreetione
1060 814 1221 877 excitatum
1240 816 1341 879 suasit.

81 913 239 976 iecesse
271 923 317 976 est
350 915 430 976 enim
451 915 550 995 ipsum
572 913 691 994 aliquod
712 915 942 978 resurrectionis
965 913 1001 976 ab
1023 914 1127 976 inieris
1150 914 1267 978 initium
1289 935 1341 980 ac·

80 1014 241 1096 mpisse,
275 1026 308 1079 ut
322 1018 464 1096 ,perlecta
492 1018 571 1078 toret
592 1017 773 1102 resurrectio
797 1025 827 1079 et
848 1016 955 1082 mortis
977 1016 1090 1080 solutio
1112 1016 1341 1097 spirituumque,

83 1117 140 1196 qui
171 1117 217 1178 ihi
244 1119 358 1181 detenti
380 1126 474 1190 erent,
497 1117 644 1180 dimissio.

190 1223 246 1284 tt.
292 1220 380 1293 Quod
404 1221 431 1281 si
453 1220 526 1282 baso
547 1220 612 1298 ipsa
635 1218 761 1282 Verbum
784 1219 942 1293 sustinuit,
975 1218 1095 1282 ubinam
1117 1237 1229 1298 quaeso
1251 1218 1342 1282 Verbi

80 1320 332 1382 ¹mmutahilites
356 1329 386 1384 et
407 1319 641 1383 invariabiliter?
684 1320 722 1382 Et
744 1321 895 1401 qu'omodo
911 1320 1039 1382 Verbum
1053 1320 1150 1401 pelam
1171 1321 1203 1382 in
1224 1321 1341 1384 inlenm

80 1421 202 1486 risum
225 1421 259 1482 iu
281 1431 379 1484 morte
401 1439 456 1484 sue
484 1404 577 1483 homo
606 1427 774 1500 reputatum
797 1421 865 1484 est?
910 1422 969 1484 Cur
995 1421 1113 1484 ludaeis
1141 1421 1257 1485 dioehet
1276 1423 1340 1485 llo-

81 1523 223 1588 ninus:
247 1523 311 1602 Epo
333 1523 486 1588 suaotoho
510 1541 584 1592 eum,
608 1533 638 1583 et
660 1541 736 1584 non:
759 1523 822 1601 Ego
846 1523 1013 1588 exinterno
1029 1523 1178 1603 resurgo?
1212 1523 1246 1586 si
1261 1523 1343 1587 enim

87 1621 243 1684 Verbum
266 1631 425 1702 postquam
452 1630 603 1684 mortuum
633 1633 681 1684 est
709 1623 871 1686 suscitante
900 1642 934 1686 se
961 1631 1097 1686 emorte
1124 1642 1200 1703 opus
1222 1625 1341 1702 hahuit;

80 1741 171 1784 tuen.
189 1723 283 1786 Verbi
305 1723 429 1786 victorie
451 1723 523 1796 erit,
558 1724 611 1786 sed
638 1724 722 1798 eiua,
756 1724 807 1804 qui
835 1725 934 1804 ipsum
955 1725 1117 1788 suscitavit.
1162 1725 1223 1787 Cur
1243 1733 1343 1788 autem

80 1843 156 1906 per
181 1824 350 1905 Prophetas
372 1824 444 1886 illud
466 1826 504 1886 de
526 1825 623 1886 anima
646 1825 710 1887 eius
733 1823 975 1903 praenunciatum
998 1823 1069 1887 esti
1112 1821 1173 1888 Cur
1193 1825 1261 1906 ipse
1277 1825 1341 1888 llo-

80 1927 216 2004 ]minus
240 1945 315 1988 cum
329 1926 387 1988 iam
410 1943 552 2006 praesens
574 1926 757 2005 promissum
779 1927 927 2005 impleret,
950 1925 1062 1988 aiebat:
1088 1925 1226 1990 Animam
1246 1945 1343 1992 meum

80 2013 188 2109 *porro
209 2045 269 2106 pro
293 2029 399 2090 ouibus
421 2025 521 2090 meisi
544 2045 629 2105 quam
652 2027 943 2108 animam-‚spiritum
966 2043 1035 2088 esse
1053 2045 1157 2088 sacrae
1171 2025 1357 2108 Scripturaa‘

90 2136 211 2207 aperte
233 2127 364 2201 docent,
388 2135 419 2188 et
438 2127 585 2192 hominus
608 2127 685 2208 ipse,
708 2130 758 2207 qui
780 2127 856 2188 dixit
876 2145 986 2206 eorpus
1009 2126 1128 2206 quidem
1149 2127 1186 2190 ab
1208 2128 1341 2190 homini-

80 2209 161 2292 ³bus
188 2228 293 2301 occidi,
317 2227 367 2307 qui
388 2227 516 2290 enimam
539 2237 638 2290 tamen
660 2246 721 2290 non
743 2236 873 2308 possunt
893 2228 1038 2302 occidere,
1061 2227 1171 2308 quippe
1185 2246 1261 2307 quas
1275 2228 1342 2309 spi·

81 2315 185 2394 ¹ritus
209 2329 268 2392 sit.
303 2329 369 2390 lloe
389 2329 458 2408 ipso
482 2329 594 2409 Spiritu
617 2329 751 2392 turbatus
774 2337 820 2392 est
840 2328 938 2401 lesus,
961 2327 1051 2392 huius
1070 2327 1201 2407 Spiritus
1224 2328 1374 2400 disces-p,

80 2415 85 2432 ²
96 2433 151 2494 sio
179 2449 196 2491 a
218 2449 347 2511 corpore
366 2430 397 2492 in
420 2431 522 2494 Cruoe'
535 2433 611 2492 laete
633 2439 688 2492 est.
732 2430 770 2492 llt
785 2430 830 2492 sic
844 2430 1020 2492 exstinctum
1044 2437 1089 2492 est
1111 2445 1232 2508 corpus,
1253 2438 1343 2510 atque

80 2519 144 2596 'ite
170 2532 295 2612 contigit
316 2533 484 2608 dissolutio,
508 2533 569 2594 lieo
592 2531 689 2594 Verbo
712 2531 866 2596 immutato
888 2537 1062 2592 remanente
1077 2538 1137 2590 tam
1152 2529 1185 2592 in
1206 2547 1342 2610 corpore,

80 2642 199 2716 ‘quem
220 2634 251 2696 in
273 2635 380 2709 anima,
403 2643 491 2714 atque
512 2635 544 2696 in
567 2632 681 2714 seipso,
706 2633 756 2713 qui
778 2633 809 2696 in
832 2633 901 2694 sinu
923 2631 1020 2693 Patris
1044 2629 1189 2694 existebat
1210 2631 1247 2692 ed
1269 2649 1341 2711 spe-

80 2729 86 2814 ]
103 2739 209 2821 eimen
227 2736 484 2800 immutabilitatis.
528 2735 566 2800 tta
593 2736 623 2798 iu
653 2753 707 2798 sua
736 2735 772 2798 ed
801 2735 898 2798 nostri
920 2733 1145 2796 similitudinem
1166 2733 1262 2794 torma
1282 2749 1341 2794 no-

80 2839 82 2864 ³
105 2849 205 2901 stram
225 2839 285 2902 illie
306 2831 467 2918 descripsit
487 2846 626 2912 mortem,
649 2847 682 2900 ut
703 2837 734 2900 iu
756 2837 804 2900 ille
824 2834 1077 2898 resurrectionem
1090 2851 1147 2915 pro
1161 2832 1251 2896 nobis
1266 2851 1341 2896 con-

80 2935 82 2966 ³
107 2933 260 3016 cin'neret,
277 2959 324 3022 ‘ex
346 2941 462 3002 interno
485 2940 605 3020 quidem
626 2941 771 3014 enimam,
806 2957 843 3001 ex
870 2936 1009 3018 sepulcro
1037 2944 1136 3030 autem
1159 2953 1267 3017 corpus
1289 2953 1341 2998 re-

80 3033 88 3072 ⁶
110 3044 239 3118 ducens,
267 3049 300 3104 ut
326 3043 358 3106 in
392 3051 489 3106 morte
509 3061 565 3124 per
587 3041 800 3105 exhibitionem
823 3040 937 3115 animae
959 3045 1086 3102 mortem
1109 3036 1288 3112 destrueret,
1310 3037 1343 3100 in

85 3139 88 3148 '
111 3143 249 3222 sepulcro
271 3163 325 3224 per
343 3145 528 3225 sepulturam
549 3144 686 3225 corporis
708 3142 931 3224 corruptionem
952 3139 1095 3214 aboleret,
1117 3138 1220 3218 sieque
1243 3136 1342 3200 exin-

80 3255 84 3284 ’·
112 3245 199 3306 terno
220 3251 249 3306 et
275 3262 310 3304 ex
344 3246 481 3324 aepvdero
503 3246 756 3308 immortalitatem
785 3252 815 3306 et
841 3238 1152 3320 incorruptibilitatem
1180 3235 1343 3310 exhiberet,

80 3339 90 3382 ¹
113 3361 184 3406 oum
205 3343 233 3404 io
253 3345 348 3404 torma
371 3333 631 3406 nohis‘consimili
650 3353 788 3416 nostram
810 3343 888 3406 viem
911 3357 1051 3403 emensus
1080 3344 1162 3400 esset
1187 3346 1342 3400 nostram-
1356 3341 1385 3416 j

80 3443 87 3505 l
116 3461 175 3524 que
202 3444 397 3508 detentionem
425 3443 577 3508 solvisset.
622 3443 710 3524 Quod
737 3463 809 3506 saue
837 3441 1034 3506 admiratione
1062 3438 1184 3519 dignum
1216 3438 1343 3514 exstitit3

80 3545 89 3640 d
116 3593 220 3646 Felclm.
238 3597 259 3648 l.
284 3587 350 3663 ὅπερ
375 3589 412 3650 ὥς
436 3587 544 3662 παρόν.
583 3595 627 3647 llbi
646 3597 703 3648 editi
753 3586 814 3644 καθ’
844 3593 976 3646 aLeoutio
1000 3591 1129 3656 Byzantina
1152 3591 1295 3643 adteruatur
1318 3591 1344 3642 ln

80 3659 88 3694 l
119 3673 143 3716 et
160 3665 243 3714 cttttti
261 3679 319 3715 mes·
343 3663 402 3718 πῶς
417 3657 525 3731 παριόν-
754 3664 817 3714 libro
841 3661 864 3714 2.
893 3670 976 3712 eontra
1002 3661 1140 3710 Nestorium
1169 3668 1193 3710 et
1222 3659 1344 3721 Eutychen

80 3753 87 3794 a
153 3733 177 3782 d.
194 3732 261 3782 llesil.
278 3724 294 3792 ἡ
313 3723 489 3799 ἇποχῶρισις.
527 3731 701 3794 luirxSepuer.
754 3729 879 3794 [Gellandi
897 3729 959 3780 Bibl.
978 3735 1032 3780 rett.
1051 3727 1115 3778 Patr.
1133 3727 1202 3778 Tora.
1218 3725 1270 3778 ill.
1288 3741 1345 3792 paq.

119 3799 209 3862 anglie.
230 3801 324 3854 Gohlrr.
349 3809 373 3851 et
396 3801 501 3852 Felclrn.
521 3801 543 3850 1.
569 3793 616 3848 etei
634 3789 700 3859 αὕτη
754 3797 813 3850 683.
831 3799 878 3849 col.
891 3793 926 3864 l.]
945 3811 999 3848 eom
1018 3795 1086 3846 nulla
1103 3793 1280 3860 discrepantia;
1298 3794 1345 3845 ibl-

121 3863 228 3934 ye'yovev
255 3859 269 3928 ἦ
293 3863 368 3922 λύσις
390 3869 501 3932 (Sequar.
524 3863 615 3924 licta).
655 3867 702 3918 atii
754 3862 818 3919 dem*
834 3867 873 3918 hic
896 3865 959 3915 liber
987 3871 1086 3914 vocetur
1111 3862 1233 3913 secundus
1260 3869 1345 3912 eontra

80 3937 82 3954 '
124 3951 176 3988 cem
193 3937 257 3988 editis
273 3930 319 3984 arci
337 3928 422 3984 adteri
444 3932 558 4001 γέγονεν
582 3927 698 3996 ilices·
752 3935 939 4000 apollinarium.
973 3929 1225 3993 immissorem
1243 3927 1344 3981 liodo-

80 4040 84 4068 ,
157 4021 177 4053 o.
195 3995 334 4054 desedere
352 3997 389 4058 eir
407 3996 575 4053 rdvadlnov
592 4000 702 4052 reinu-
752 4003 814 4054 hler.
834 4011 858 4052 et
874 3999 1016 4052 tetelmt.
1034 3990 1066 4048 ἓν
1082 4011 1111 4047 rs
1129 3995 1161 4064 τῇ
1175 4009 1191 4046 κ
1239 3996 1343 4047 .Peulo

125 4064 186 4138 πρός
208 4073 295 4152 desunt,
312 4073 335 4122 iu
360 4073 445 4134 editis,
472 4073 515 4123 sed
540 4073 659 4123 habentor
676 4071 701 4122 io
753 4079 810 4137 post
827 4069 899 4121 iidem
917 4059 973 4118 issi
988 4061 1130 4136 διέγραψε.
1171 4124 1179 4142 ¹

80 4179 84 4276 ξ
126 4141 438 4270 lt⁸lll..⁸.¹'ll⁰.·.⁰tl¹.l:
455 4139 702 4270 ‘hiddi'dh‘ii
787 4140 809 4270 ἱ·
823 4127 1229 4266 ll⁵l53.2l.⁸‘ltll·.¹.·.l”tla
1251 4191 1345 4268 rep..

80 4315 84 4346 ,
129 4275 217 4326 dolatu.
231 4277 316 4330 habeut
334 4267 402 4326 aivva
418 4271 473 4336 καί,
505 4277 557 4329 dux
574 4269 604 4327 ἒν
621 4269 701 4342 desi
753 4271 928 4325 consecteris
946 4285 1026 4348 mas..
