3072 5056
401 379 544 424 nrrsroua
559 379 597 424 us
612 377 777 424 seursurra
791 379 933 426 nronrsn.
1219 370 1277 432 101

81 531 233 612 dionysium
266 531 296 594 in
324 532 451 612 epistola
478 551 532 595 sua
560 531 688 606 dixisse,
711 550 786 611 opus
813 540 843 594 et
870 549 934 593 rem
957 533 1059 594 laetam
1083 549 1151 595 esse
1172 533 1365 598 bitumum.

81 631 132 704 Ilei,
151 651 206 694 non
227 642 328 695 natura
350 633 516 714 proprium,
539 633 594 696 sed
616 634 744 696 alienum
759 651 776 696 a
790 633 877 695 Patre
893 632 1056 696 secundum
1070 633 1277 712 substantiam,

81 733 160 812 quabs
185 742 227 795 cst
247 734 373 813 agricola
395 753 412 796 a
437 735 497 797 vite
527 743 558 797 et
577 733 660 797 leber
682 754 698 797 a
721 736 846 814 scopha3
874 734 983 798 etenim
1010 752 1077 797 cum
1099 735 1139 798 sit
1160 753 1210 799 res
1232 737 1278 798 la·

80 842 126 908 cta,
144 853 199 895 non
220 843 283 896 erat
303 845 460 916 autequam
480 835 574 899 lieret.
617 835 714 898 Etiam
737 836 875 916 scripsit3
898 833 1045 897 eiusmodi
1067 835 1145 898 illius
1162 837 1279 918 episto-

80 933 127 995 lum
145 953 204 998 esse
225 945 255 998 et
276 955 333 998 nos
355 937 432 999 ultro
455 937 591 1000 latemur.
635 938 695 1000 Sed
717 945 750 1000 ut
770 938 847 1000 bane
866 937 999 1017 scripsit,
1022 937 1061 998 ito
1082 945 1113 1000 et
1126 937 1281 1020 aliasplu-

81 1035 155 1098 rimu
172 1037 347 1118 conscripsit
368 1039 526 1118 epistolas,
557 1057 630 1119 quas
652 1037 741 1100 etiam
763 1039 800 1100 ab
822 1036 880 1100 illis
902 1039 993 1101 lectas
1017 1039 1166 1118 oportuit,
1188 1047 1222 1102 ut
1242 1057 1280 1103 ex

81 1135 209 1211 omnibus,
239 1156 301 1200 non
334 1158 370 1201 ex
400 1140 486 1202 unica
518 1141 657 1202 duntaxat
689 1139 839 1219 explorata
868 1138 923 1200 viri
951 1137 1026 1201 fides
1054 1147 1144 1201 esset.
1191 1139 1279 1202 Fabri

78 1255 183 1317 nunquc
202 1239 322 1320 peritia,
357 1240 405 1319 qui
428 1241 535 1303 multas
559 1241 694 1302 triremes
717 1241 877 1312 exstruxit,
908 1259 968 1302 nou
992 1259 1026 1301 ex
1048 1239 1144 1312 unica,
1168 1241 1221 1302 sed
1243 1257 1280 1303 ex

78 1338 194 1401 omnibus
213 1341 302 1402 simu
324 1337 515 1403 aestimanda.
561 1341 593 1403 Si
615 1341 705 1420 igitur
726 1339 899 1421 simpliciter
921 1347 953 1402 ut
973 1341 1062 1404 fidem
1085 1359 1169 1404 suam
1184 1360 1280 1422 erpo-

77 1455 137 1498 ncus
156 1439 226 1502 bane
247 1460 335 1521 quam
359 1443 461 1504 dicunt
483 1441 604 1521 scripsit
626 1441 797 1522 epistolam,
819 1449 870 1504 aut
891 1444 917 1504 si
939 1441 1016 1506 banc
1036 1461 1124 1504 unam
1147 1443 1278 1523 scripsit,

76 1549 192 1602 accusent
219 1561 287 1604 eum
316 1561 371 1622 pro
393 1543 533 1617 libidine3
561 1561 662 1604 verum
685 1542 795 1624 quippo
817 1561 852 1604 co
875 1561 946 1606 casu
969 1544 1101 1624 suppetit
1121 1545 1280 1607 accusandi

75 1649 268 1718 argumentum.
314 1645 401 1717 Quod
430 1645 457 1707 si
479 1645 623 1724 temporis
647 1653 677 1705 et
697 1662 844 1723 personne
866 1645 940 1706 ratio
964 1663 1031 1708 eum
1053 1646 1090 1708 ad
1112 1645 1179 1706 talia
1202 1645 1279 1708 scri·

74 1739 152 1802 lenda
171 1742 325 1824 compulit,
358 1744 488 1824 aliasque
510 1745 702 1824 postmodum
725 1745 845 1825 scripsit
868 1745 1009 1826 epistulas
1031 1745 1067 1806 ad
1091 1763 1155 1806 eam
1177 1743 1279 1825 suspi-

73 1841 169 1904 cionem
190 1843 401 1918 amovendam,
424 1863 486 1908 non
509 1844 623 1920 decuit,
647 1845 767 1908 omissis
789 1844 938 1908 scribendi
962 1846 1059 1908 causis
1081 1844 1144 1906 viro
1166 1855 1279 1908 temere

72 1940 191 2006 invidiam
212 1947 352 2020 continue,
377 1957 409 2010 ut
429 1965 469 2008 ne
489 1947 642 2009 rideantur
663 1947 705 2008 nil
726 1947 784 2010 nisi
806 1945 925 2009 voculas
948 1946 1103 2026 aucupari,
1125 1947 1280 2010 veritatem

72 2053 153 2106 autem
179 2065 253 2125 quae
285 2048 314 2110 iu
343 2049 409 2110 aliis
440 2048 505 2111 eius
534 2047 670 2128 epistolis
698 2066 766 2110 sese
792 2047 893 2128 prodit
914 2048 1161 2128 praetermittere.
1204 2049 1279 2111 Nam

73 2146 238 2226 etagricola
268 2148 402 2210 eiusdem
433 2149 553 2229 generis
582 2149 706 2211 arbores
735 2148 807 2210 alias
836 2149 893 2212 alio
921 2151 1013 2212 modo
1033 2167 1089 2229 pro
1111 2149 1278 2229 praesentis

74 2245 118 2306 soli
136 2248 247 2311 ratione
270 2249 355 2323 colit;
378 2269 434 2312 uec
454 2251 521 2330 quis
543 2250 626 2313 illurn
649 2269 685 2312 eo
707 2251 828 2312 nomine
850 2258 963 2330 arguet,
986 2249 1066 2331 quod
1081 2251 1157 2312 banc
1171 2269 1277 2332 ampu-

73 2353 112 2420 tet,
131 2347 167 2410 illl
189 2369 260 2412 vero
285 2351 435 2414 surculum
457 2351 578 2424 inserat,
602 2351 690 2413 istam
712 2350 833 2431 plantet,
856 2351 942 2414 aliem
964 2350 1078 2426 evellat,
1100 2351 1155 2414 sed
1176 2351 1278 2432 potius

72 2464 125 2508 run
151 2468 269 2514 causam
304 2451 455 2526 didicerit,
487 2451 599 2514 variam
629 2451 761 2514 bominis
794 2452 931 2532 peritiam
958 2451 1123 2514 mirabitur.
1177 2453 1280 2533 ltaque

71 2546 119 2610 nisi
138 2551 229 2614 obiter
252 2553 319 2614 eius
342 2553 452 2634 scripta
473 2552 613 2632 legerint,
643 2553 787 2634 epistolae
809 2561 1014 2632 argumentum
1036 2551 1168 2615 indicent
1188 2553 1279 2628 mibi,
1302 2567 1307 2574 ·

70 2645 127 2710 bino
150 2653 226 2716 enim
255 2671 362 2716 eorum
389 2653 533 2716 calumnia
554 2653 761 2735 propositique
782 2652 912 2733 pravitas
935 2661 1087 2733 comperta
1109 2652 1174 2714 erit.
1220 2651 1278 2714 Ce-

70 2757 146 2812 terum
166 2755 233 2833 quia
257 2755 306 2816 rel
328 2755 465 2846 ignorant
486 2755 530 2818 rel
552 2755 684 2818 iudicare
706 2755 901 2827 erusbescunt,
929 2771 987 2814 nos
1010 2769 1148 2816 enarrare
1168 2769 1278 2815 neces-

68 2868 121 2912 sum
141 2863 191 2916 est

137 3365 164 3424 5.
214 3361 249 3424 ln
285 3360 438 3442 Pentapoli
472 3359 638 3440 superioris
667 3359 777 3440 Libyae
808 3360 926 3439 quidam
957 3360 1174 3440 Episcoporum
1208 3366 1280 3422 tunc

68 3459 192 3538 temporis
215 3480 285 3524 eum
308 3461 437 3524 Sabellio
459 3461 642 3536 sentiebant,
665 3469 837 3542 tentumque
859 3461 923 3522 suis
946 3459 1122 3524 commentis
1143 3457 1277 3521 invalue-

66 3567 135 3632 rant;
161 3573 193 3624 ut
220 3563 270 3624 rix
299 3563 375 3625 ultra
396 3563 488 3624 Filius
510 3562 563 3624 Ilei
592 3563 622 3624 in
645 3561 785 3624 Ecclesiis
813 3563 1042 3642 praedicaretur.
1086 3560 1142 3622 laci
1169 3559 1280 3622 certior

70 3659 147 3724 lanus
165 3663 340 3744 Dionysius,
362 3665 410 3728 cui
433 3681 534 3726 earum
556 3681 626 3726 cura
648 3661 846 3725 Ecdesiarum
868 3662 1073 3736 incumbebat,
1096 3661 1186 3724 mittit
1206 3677 1278 3722 sua-

69 3841 87 3888 l.
104 3859 168 3898 aooa.
185 3843 282 3917 ἑτέρας
299 3839 400 3902 ἄλλας.
416 3883 422 3896 .
441 3883 447 3896 .
468 3841 513 3897 atui
538 3843 581 3897 δεῖ
595 3843 642 3898 καὶ
692 3849 738 3900 riu.
758 3847 827 3898 Collo.
847 3847 892 3898 lea.
911 3848 949 3898 Fr.
964 3848 980 3896 l.
1000 3843 1177 3897 corebama.
1195 3855 1278 3900 anon,

68 3905 172 3968 ‘tt'wtr-
209 3917 263 3967 ttor
281 3918 345 3967 idem
363 3911 409 3964 atel
425 3909 463 3983 μὴ
480 3911 578 3982 μόνον.
693 3917 733 3979 qui
753 3925 891 3979 postremus
910 3915 946 3964 sle
964 3914 1050 3964 babet:
1074 3905 1106 3959 cd
1121 3907 1280 3989 protonotari-

96 3997 114 4028 c.
131 3983 226 4035 Tauria.
251 3985 323 4035 Colb.
348 3985 395 4036 lea.
414 3985 451 4034 Fr.
469 3986 488 4035 l.
516 3976 530 4043 ἦ
549 3977 642 4038 πίστις
692 3973 953 4047 λον-τῆςέπιστῆμης
969 3973 1170 4028 deuersorium
1180 3977 1278 4026 omissis

67 4047 176 4114 Μῦθῇ.
213 4051 319 4102 Febrim.
339 4041 364 4101 3.
387 4067 459 4102 anon.
486 4063 544 4115 γνω
565 4049 641 4117 euripi.
693 4052 775 4102 multis
801 4051 831 4100 de
850 4065 925 4100 more,
962 4047 1013 4096 ttor
1039 4043 1213 4122 liepnflauriu.
1232 4043 1278 4122 lep.

69 4113 122 4163 lutra
139 4117 200 4168 idem
219 4111 235 4178 ἦ
254 4113 354 4167 τούτου
370 4114 450 4184 τέχνη
468 4065 639 4184 prospiceret.
692 4119 731 4168 Fr.
742 4119 759 4167 l.
778 4117 836 4194 τρῖς
851 4108 1024 4182 γράμμασιν.
1059 4112 1122 4162 Edrtt
1147 4125 1202 4162 aero
1221 4123 1280 4164 τοις

68 4180 131 4231 Paulo
148 4193 203 4247 post
221 4187 285 4236 idem
304 4177 320 4245 ἢ
338 4181 427 4251 μόνον
446 4179 555 4245 ταύτην.
691 4195 915 4250 συῃιραμμασιν.

96 4248 116 4298 d.
133 4251 210 4302 belok.
228 4253 253 4304 3.
272 4267 344 4304 anon.
366 4247 430 4320 περὶ
447 4237 487 4300 oir
503 4245 643 4302 ὑπωπτεύ·
728 4254 745 4302 l.
763 4253 804 4302 Sic
820 4253 879 4314 ,¹³⁰8-
904 4255 928 4299 ct
944 4246 1025 4326 ‚editic
1048 4246 1092 4296 scd
1111 4246 1213 4326 ''l'anrin3
1231 4246 1279 4296 les.

69 4311 106 4372 dr„
124 4312 151 4365 τί
164 4313 278 4380 :actm
300 4315 346 4368 arci
368 4315 423 4387 γὰρ
441 4315 487 4368 atui
504 4311 642 4388 γεωργός·
694 4327 718 4370 ct
736 4319 773 4369 l'r.
786 4317 804 4367 l.
822 4311 917 4381 λέγειν,
938 4313 1088 4377 aemulor
1106 4312 1279 4380 ημᾶςειπεῖν.

69 4384 154 4434 omissis
172 4388 332 4440 intermediis.
728 4402 750 4448 g.
769 4386 867 4436 Teurin.
886 4383 955 4433 Colb.
974 4381 1020 4430 les.
1040 4383 1078 4431 Fr.
1092 4382 1109 4432 l.
1129 4391 1153 4431 et
1173 4381 1278 4431 l'elcltm.

98 4465 116 4498 r.
138 4453 241 4504 Felcbm.
265 4455 290 4506 3.
315 4471 386 4506 ouon.
413 4447 448 4502 ἄν
480 4468 521 4509 τις
546 4447 641 4510 αὐτόν,
694 4453 719 4503 3.
739 4450 990 4502 bennamarim.
1025 4449 1072 4499 Sed
1092 4450 1148 4500 editi
1168 4453 1191 4499 et
1210 4447 1280 4498 codi-

73 4503 127 4566 Μὰ
147 4515 193 4570 soi
221 4519 327 4587 μᾶλλον
356 4523 455 4574 omissis
483 4523 642 4587 interpositis.
695 4535 735 4571 cea
755 4521 810 4582 iles.
830 4509 1109 4573 coronamento,
1129 4511 1280 4582 quoosaqui

74 4580 125 4636 Mn
140 4596 195 4652 post
210 4587 336 4640 ποικίλον
352 4591 422 4642 deest
439 4579 524 4640 edroi
541 4592 566 4642 ln
578 4590 642 4642 Tau·
693 4589 771 4640 auum
789 4593 835 4650 est,
854 4586 910 4652 quia
929 4585 984 4638 aliis
1002 4591 1135 4650 praestant.
