3110 5064
261 369 303 430 40
660 379 686 422 s.
703 377 858 426 ιττιιιιειι
872 377 1098 426 nemmem
1149 399 1157 418 ,

176 527 429 616 ναιεὲιωρακώς,
458 525 581 612 ἑώρακε
607 525 665 593 τὸν
687 519 816 613 πατέρα
825 530 864 608 ¹),·
898 522 986 594 ούτω
1006 526 1069 613 γὰρ
1091 523 1178 614 ἡμᾶς
1201 527 1233 593 οἱ
1255 523 1341 612 άγιοι
1360 525 1458 612 βουλά·

260 653 355 716 μενοι
378 637 475 709 νοεῖν,
499 631 638 696 τοιαῦτα
657 627 713 694 καὶ
728 628 981 714 παραδείγματα
996 628 1168 710 δεδώκασι,
1191 625 1246 695 καὶ
1258 627 1343 696 ἔστιν
1354 625 1458 694 άτοπον

261 730 318 797 καὶ
346 732 420 798 λίαν
449 725 578 817 οἰσεβές,
613 732 769 809 τοιαύτας
797 729 933 818 ἐχούσης
958 725 1017 816 τῆς
1043 733 1172 820 γραφῆς
1193 729 1253 810 τὰς
1274 724 1405 808 εἰκόνας.
1434 727 1461 807 έξ

263 831 372 899 ἄλλων
393 827 481 920 ἡμᾶς
501 831 580 918 περὶ
601 835 660 898 τοῦ
683 839 796 918 κυρίου
818 832 1034 899 διανοεῖσθαι
1054 834 1121 898 τῶν
1142 830 1225 919 μήτε
1245 836 1458 918 γεγραμμένων,

262 933 344 1022 μήτε
364 932 440 1001 τινὰ
462 933 613 1002 διάνοιαν
636 936 683 1013 εἰς
706 928 874 1018 εύσέβειαν
897 933 1046 1016 έχόντων.

350 1041 397 1103 13.
448 1031 574 1104 Ούκοῦν
595 1035 718 1103 λοιπὸν
742 1037 934 1120 λεγέτωσαν,
958 1035 1070 1102 πόθεν
1092 1034 1157 1122 άρα
1178 1035 1235 1104 καὶ
1249 1025 1340 1103 οὗτοι
1352 1031 1461 1118 μαθόν-

261 1161 329 1216 τες,
358 1131 396 1226 ’ἢ
421 1145 512 1218 τίνος
540 1133 655 1218 αὐτοῖς
677 1135 967 1225 παραδεδωκότος,
999 1141 1139 1204 τοιαῦτα
1159 1137 1317 1223 περὶτοῦ
1339 1135 1462 1217 σωτῆρος

260 1235 417 1308 ὑπονοεῖν
439 1239 588 1326 ἤρξαντο.
627 1238 820 1326 ἀνέγνωμεν,
846 1237 1020 1362 ηησουσιγ,
1044 1238 1078 1329 ἒν
1100 1249 1174 1318 ταῖς
1196 1243 1402 1325 παροιμίαις·
1420 1233 1463 1300 κύ-

259 1367 331 1428 ριος
360 1343 466 1410 έκτισέ
486 1369 528 1426 με
556 1338 654 1430 ἀρχὴν
678 1335 766 1408 ὁδῶν
791 1335 891 1408 αὐτοῦ
915 1341 1002 1419 εἰς’
985 1364 1062 1428 εργα
1084 1337 1225 1423 αὐτοῦ’).
1269 1338 1324 1408 καὶ
1345 1337 1400 1425 γὰρ
1419 1333 1462 1400 καὶ

260 1445 294 1511 οί
314 1442 395 1566 περὶ
416 1441 577 1530 Εὐσέβιον
599 1447 697 1510 τοῦτο
720 1445 825 1528 λέγειν
848 1442 991 1523 ἐδόκουν,
1014 1442 1071 1510 καὶ
1092 1443 1176 1510 σὺδ
1176 1442 1357 1563 έγράιγων
1362 1437 1463 1523 666-

183 1549 188 1557 “
260 1569 330 1624 σας,
355 1540 409 1610 ὅτι
431 1543 487 1612 διὰ
508 1547 642 1612 πολλῶν
664 1547 726 1670 μέη
746 1539 868 1614 αποδε
869 1543 991 1624 ξεων
973 1569 1236 1632 ανατρεπομενοι
1250 1569 1305 1610 και
1320 1531 1405 1610 ουτοι
1417 1561 1462 1604 κα·
1529 1537 1530 1558 ³

259 1646 502 1732 τεγινώσκοντο,
526 1651 624 1714 τοῦτο
648 1645 726 1714 δέ”
707 1671 797 1734 ομως
819 1642 913 1714 αὐτοὶ
935 1647 974 1712 τὸ
997 1644 1140 1731 ῥητὸν”
1118 1671 1187 1713 ανιυ
1209 1645 1266 1712 καὶ
1287 1669 1372 1711 κατιο
1385 1663 1464 1724 περι·

261 1753 425 1837 φέροντες,
450 1752 484 1816 ἓν
505 1753 571 1816 τῶν
593 1749 781 1835 κτισμάτων
803 1747 861 1814 τὸν
884 1749 956 1815 υἱὸν
980 1743 1065 1816 εἶναι
1089 1748 1207 1834 ἔλεγον,
1230 1746 1288 1816 καὶ
1307 1755 1376 1824 τοϊς
1389 1765 1464 1828 γινη-
1530 1801 1531 1846 3

259 1861 331 1929 τοῖς
354 1845 452 1916 αὐτὸν
476 1858 711 1939 συνηρίθμουν.
757 1846 842 1917 ἀλλὰ
868 1849 1045 1917 καὶτοῦτο
1069 1850 1205 1916 δοκοῦσί
1225 1873 1286 1934 μοι
1306 1847 1349 1936 μὴ
1371 1867 1464 1927 νενοη·
1530 1867 1531 1872 ’

259 1958 350 2017 κέναι
372 1954 495 2031 καλῶς·
520 1954 584 2036 έχει
605 1953 666 2040 γὰρ
688 1951 756 2041 τὴν
770 1952 920 2020 διάνοιαν
943 1947 1059 2040 εύσεβῆ
1082 1951 1137 2019 καὶ
1159 1954 1234 2019 λίαν
1257 1947 1370 2038 ὀρθήν,
1391 1946 1425 2034 ἣν
1444 1941 1465 2009 6

259 2050 315 2119 καὶ
337 2049 433 2120 αύτοὶ
455 2054 672 2140 νενοήκεισαν,
696 2050 755 2121 οὒκ
777 2049 817 2121 άν
832 2054 890 2122 τὸν
905 2055 1019 2141 κύριον
1035 2058 1093 2142 τῆς
1109 2053 1205 2141 δόξης
1221 2049 1464 2141 έβλαςφήμησοινΙ

259 2153 302 2219 τά
331 2153 392 2242 γὰρ
421 2163 644 2244 προειρημένα
672 2157 777 2243 ιπρὸς
805 2155 843 2222 τὸ
866 2156 964 2244 ῥητὸν
987 2159 1084 2224 τοῦτο
1108 2157 1397 2241 συμβαλλέτωσαν,
1423 2144 1466 2212 καὶ

260 2253 405 2342 ὄψονται
427 2257 553 2346 πολλὴν
576 2257 609 2325 έν
631 2253 745 2337 αὐτοῖς
767 2250 868 2324 οὖσαν
891 2257 949 2347 τὴν
972 2257 1146 2346 διαφοράν.
1192 2265 1243 2336 τίς
1265 2257 1325 2344 γὰρ
1348 2249 1384 2320 06
1405 2273 1466 2317 σαι·-

260 2361 322 2444 ορᾷ
355 2356 506 2425 διάνοιαν
535 2358 616 2442 έχων
646 2356 765 2447 ὀρθήν,
801 2355 854 2426 ὅτι
885 2359 1008 2444 τὰμὲν
1030 2358 1203 2444 κτιζόμενα
1224 2358 1281 2426 καὶ
1302 2353 1468 2436 ποιούμενα
1532 2417 1533 2444 η

260 2459 385 2539 ἔξωθεν
407 2463 466 2526 τού
488 2464 682 2542 ποιοῦντος,
714 2458 791 2529 ὅδὲ
814 2461 899 2542 υἱός,
930 2457 975 2540 ὡς
998 2461 1031 2528 έν
1053 2471 1126 2542 τοῖς
1148 2461 1342 2544 ἔμπροσθεν
1365 2453 1467 2532 έδειξιι
1532 2449 1533 2484 ³

260 2556 278 2628 6
300 2561 405 2648 λόγος,
430 2556 487 2628 οὐκ
510 2563 635 2643 ἔξωθεν
659 2558 727 2630 ἀλλ’
753 2563 786 2630 ἐκ
808 2567 866 2630 τού
882 2567 1060 2650 γεννῶντος
1081 2561 1226 2649 ’πατρὸς
1241 2557 1395 2684 ὑπάρχεις
1424 2548 1470 2619 καὶ

257 2663 318 2752 γὰρ
347 2661 530 2750 ἄνθρωπος
557 2666 726 2748 κτίζειὲ
685 2694 708 2751 μ
729 2693 745 2733 ν
768 2666 890 2746 οικίαν,
919 2667 1015 2788 γενηᾷ
1039 2665 1075 2731 δέ
1096 2661 1184 2743 υίόν,
1213 2661 1271 2731 καὶ
1293 2657 1351 2729 οὗκ
1372 2657 1469 2730 616
1533 2721 1534 2724 ,

258 2761 474 2856 ἀναστρέφων
497 2773 526 2837 ει
529 2794 590 2838 τοι
612 2770 670 2858 τὴν
684 2771 745 2854 μέν
761 2770 867 2836 οἰκίαν
882 2768 985 2837 καὶ
952 2795 1010 2856 την
1027 2770 1105 2834 ναῦν
1120 2769 1305 2852 γεννᾶσθαι
1320 2758 1409 2848 παρὰ
1422 2755 1469 2823 ιοῦ

256 2870 561 2952 κατασκευάζοντος,
585 2871 642 2938 τὸν
666 2873 701 2938 δέ
725 2871 796 2938 ιιὸν
818 2873 890 2937 ι’κτί
878 2871 1012 2950 ίζεσθαι
1033 2895 1089 2935 και
1080 2868 1293 2934 ποιεῖσθαι
1315 2863 1403 2951 παρὰ
1422 2857 1470 2924 τοῦ

258 2965 369 3050 αὐτοῦ,
392 2966 469 3037 ούδέ
492 2971 649 3038 πάλιν
616 2999 674 3059 την
696 2975 755 3056 ιιὲν
779 2971 885 3038 οίκίαν
902 2970 1011 3037 εικόνα
1026 2993 1083 3036 του
1067 2970 1274 3050 κτίζοντος,
1297 2993 1354 3034 τον
1365 2957 1470 3032 δειλοί

258 3065 416 3154 ἀνόμοιον
444 3077 502 3138 τοῦ
531 3077 724 3159 γεννῶντος·
756 3069 840 3139 ἀλλὰ
866 3075 993 3158 μᾶλλον
1015 3071 1089 3137 ’τὸν
1117 3074 1177 3156 μέν
1202 3069 1273 3137 υἱὸν
1297 3069 1404 3138 είκόνα
1421 3061 1470 3128 τοῦ

257 3169 385 3294 πατρὸς
408 3167 613 3260 ὁμολογήσει,
637 3174 694 3262 την
718 3176 754 3241 δέ
776 3174 882 3242 οἷκίαν
904 3181 1029 3260 τέχνης
1032 3168 1117 3240 εἶναι
1133 3173 1370 3261 δημιούργημα,
1394 3165 1421 3234 εί
1434 3159 1471 3247 μή

256 3296 308 3350 τις
336 3268 401 3358 άρα
429 3271 488 3361 τὴν
511 3274 662 3342 διάνοιαν
683 3281 797 3364 νοσοίη
821 3275 956 3355 καὶτὰς
980 3281 1102 3364 φρένας
1123 3273 1375 3395 παρεξεστηκιῖις
1394 3270 1474 3392 ἠομ-

254 3370 360 3456 χάνοι.
397 3401 418 3440 α
405 3369 511 3458 ’μέλει
533 3375 667 3442 πάντιον
689 3378 815 3460 μᾶλλον
837 3374 931 3465 ἡθεί
932 3403 953 3442 α
974 3375 1093 3464 γραφή,
1117 3375 1325 3462 γινώσκουσα
1340 3372 1396 3461 τὴν
1410 3361 1475 3434 έκᾶ·

258 3497 338 3540 στου
367 3473 483 3562 φύσιν,
520 3477 599 3563 περὶ
625 3480 685 3562 μέν
715 3482 780 3546 τιύν
803 3481 999 3564 κτιζομένων
1023 3475 1079 3544 διὰ
1101 3481 1286 3556 Μωυσέως
1299 3480 1415 3564 (μησίν
1445 3463 1473 3531 ἓν

257 3571 338 3698 άρχῇ
362 3574 558 3665 ίποίησεν“
541 3603 558 3644 ο
580 3579 664 3658 θεὸς
684 3578 741 3646 τὸν
765 3575 902 3665 ούρανὸν
925 3579 980 3647 καὶ
1002 3577 1059 3664 τὴν
1074 3581 1179 3665 γῆνέγ·
1203 3576 1330 3663 περὶδέ
1341 3559 1486 3642 τουτέου

257 3672 315 3761 οὐχ
337 3679 456 3776 ἕτερον,
481 3673 551 3746 ἀλλ’
576 3675 675 3747 αὐτὸν
698 3681 755 3748 τὸν
777 3689 907 3804 πατέρα
929 3687 1083 3770 σημαίνει
1104 3681 1257 3766 λέγοντα·
1287 3679 1364 3746 έκ
1344 3691 1475 3765 γαοιρθς

255 3779 323 3866 πρὸ
346 3769 516 3867 ἕωςιρόρου
539 3779 693 3870 έγέννηοά
715 3787 798 3864 σείμ
820 3783 875 3849 καὶ
897 3783 1016 3850 πάλιν·
1039 3782 1111 3860 υἱός
1131 3803 1196 3865 μου
1220 3775 1249 3848 εῗ
1271 3781 1321 3862 σύ,
1347 3771 1475 3867 ίγιὺσή·

254 3905 354 3970 μερον
376 3882 548 3970 γεγέννηκά
570 3906 607 3950 σε
615 3887 653 3963 ⁵)
677 3879 776 3963 αὐτός
797 3909 834 3951 τε
855 3883 933 3969 περὶ
956 3879 1115 3950 ἑαυτοῦ(
1099 3907 1117 3948 ο
1139 3881 1250 3968 κύριος
1273 3883 1307 3949 ἓν
1323 3877 1475 3966 παροιμί-

255 4008 310 4061 αις
337 3986 441 4070 λέγει·
470 3985 537 4074 πρὸ
561 3985 597 4052 δέ
618 3983 754 4051 πάντων
775 3989 903 4071 βουνῶν
925 3987 1021 4070 γεννᾷ
1043 3987 1129 4068 με“)·
1157 3983 1213 4050 καὶ
1234 4009 1314 4070 περι
1305 3983 1394 4067 μέν
1415 3979 1474 4044 τῶν

254 4090 414 4173 γεννητῶν
436 4087 491 4153 καὶ
512 4089 652 4154 κτιστῶν
676 4081 693 4152 6
712 4081 860 4174 Ἰωάννης
883 4092 982 4176 ιγησί·
1005 4083 1116 4156 πάντα
1132 4080 1177 4152 δι’
1196 4083 1296 4152 αὐτοῦ
1313 4085 1436 4172 ἐγένετο
1444 4081 1474 4156 ⁷)·

323 4340 347 4401 l)
366 4343 432 4390 Ιοιιι.
452 4344 492 4401 14,
511 4345 536 4394 9.
607 4345 632 4404 2)
652 4345 716 4394 Ριοι.
737 4344 761 4404 3,
780 4343 821 4393 22.
876 4345 1006 4398 Βλίίοσοε.
1029 4344 1050 4392 1.
1104 4343 1128 4403 4)
1149 4343 1211 4392 ΡεοΙ.
1233 4329 1471 4409 110[109.Lxx.]‚

255 4408 279 4459 3.
348 4407 373 4468 5)
393 4409 455 4460 ΡειΙ.
475 4409 498 4472 2,
518 4411 542 4460 ¹1.
613 4413 724 4472 δίΡτοι.
744 4412 768 4473 8,
788 4411 828 4460 25.
900 4411 925 4470 7η
945 4411 1009 4461 Ιοοσ.
1031 4412 1054 4474 1,
1075 4411 1097 4461 3

287 4560 308 4593 ι
328 4545 443 4624 δίοδος.
463 4545 545 4596 codex
581 4547 625 4596 Alii
650 4557 673 4598 ιι
692 4547 748 4598 editi
767 4547 840 4597 omit·
892 4546 944 4596 Mox
963 4547 1101 4610 idemfleg
1105 4539 1242 4599 ὑπονοεῖν,
1262 4547 1302 4595 ubi
1322 4546 1362 4594 alii
1381 4551 1402 4592 ει
1421 4535 1473 4588 editi

253 4619 304 4662 tun!
332 4603 347 4671 ἢ
375 4607 450 4668 τίνος
476 4604 570 4667 αύτοῖς
599 4607 836 4680 παραδεδωκότος.
892 4613 974 4663 νοεῖν,
