3022 5056
427 355 536 400 onorio
551 355 572 400 1.
589 355 703 398 consae
715 355 853 400 numos.
1191 339 1253 402 247

67 523 139 582 esset,
158 527 214 572 son
234 509 371 590 rapinem
392 508 564 570 arbitratus
586 517 632 570 est
654 523 716 570 esee
738 525 771 568 se
793 503 948 588 aequalem
969 495 1049 577 Deo,
1073 505 1124 568 sed
1145 515 1253 568 semet-
1262 509 1345 562 ιιιιιί
1364 529 1368 538 ·

65 617 144 690 psum
161 613 324 680 murmure,
345 611 449 690 [omno
469 612 556 670 servi
575 607 712 688 occepta,-
734 607 775 670 ita
788 606 879 668 David
894 605 1051 670 bominum
1070 606 1187 688 hymnis
1203 626 1254 668 cc-

64 712 146 785 lebrat,
164 719 194 772 ut
212 719 358 786 aeternum
380 709 474 772 Deum
496 717 526 770 et
547 727 659 788 regem,
682 708 733 789 qui
754 708 790 770 ad
812 726 870 770 nos
892 709 1003 771 missus
1019 717 1157 772 nostrum
1171 726 1255 772 mor-

65 811 107 874 tale
123 809 207 874 induit
225 829 341 892 eorpus.
383 809 416 872 ld
439 810 517 872 enim
541 810 685 890 significat
706 810 789 874 bisce
810 810 918 874 Psalmi
939 810 1054 875 verbis:
1077 811 1207 890 Myrrlro
1228 821 1257 876 ιι

64 923 130 991 petto
148 923 173 975 et
193 918 269 977 eosic
289 931 309 976 ιι
329 917 517 976 vestamentis
541 909 611 984 tuis,
635 912 716 992 quod
737 912 817 974 idem
841 913 1017 982 ooutirmaut
1037 931 1105 974 eum
1126 910 1256 978 Nicode-

63 1033 114 1074 mus
133 1024 185 1076 tum
206 1014 291 1076 llaria
314 1014 471 1094 sociaeque
493 1014 570 1088 aius,
593 1014 642 1076 bic
663 1033 730 1076 oum
753 1019 833 1078 υιιιιι
849 1016 955 1094 [erma
969 1018 1136 1083 materteram
1150 1031 1258 1092 myrr-

64 1113 106 1176 m
122 1127 146 1178 ιι
156 1115 230 1178 oloe'e
252 1115 347 1179 libros
371 1127 497 1189 mutum,
521 1116 587 1178 illae
608 1127 749 1198 oromate
767 1126 940 1197 portantes,
965 1134 1041 1198 poce
1061 1113 1099 1176 ad
1121 1113 1259 1193 sepultu-

63 1233 110 1276 ram
128 1217 250 1297 eorporis
270 1216 391 1280 Domini
408 1215 689 1300 praeparauerant.
730 1199 742 1209 ”

130 1504 170 1567 48.
208 1505 302 1577 Quale
330 1521 401 1584 ergo
431 1505 646 1566 incrementum
670 1503 828 1566 immortali
851 1503 976 1565 mortale
998 1500 1179 1576 assumenti,
1212 1497 1256 1564 rel

62 1619 121 1682 quae
138 1606 246 1668 mutatm
269 1607 300 1668 in
324 1605 428 1668 melius
451 1591 752 1685 aeterno'temporale
766 1604 901 1668 induenti
919 1602 1068 1666 accessit?
1105 1603 1259 1676 Quaenam
1308 1637 1314 1648 =

62 1702 115 1764 item
134 1707 217 1768 maior
236 1727 353 1770 merces
375 1709 437 1769 lleo
460 1715 582 1768 aeterno
606 1717 635 1770 et
660 1707 736 1786 regi,
759 1695 808 1786 apul
831 1707 862 1768 in
886 1706 952 1768 sinu
974 1707 1071 1768 Patris
1095 1713 1157 1778 est,
1181 1723 1255 1769 con-

60 1803 149 1883 tingere
169 1809 275 1888 queat?
319 1812 364 1872 An
386 1828 446 1870 non
469 1809 656 1888 perspicitis,
686 1809 765 1870 istud
787 1827 906 1888 quoquc
928 1817 1129 1893 propterunos
1151 1814 1188 1868 et
1201 1823 1257 1886 pro

59 1905 246 1974 nobistantum
269 1911 476 1992 scriptumque
504 1929 589 1984 esse,
623 1920 656 1972 ut
687 1911 776 1972 bomo
805 1912 899 1971 laetus
929 1907 1074 1970 Dominus
1104 1925 1176 1980 nos,
1207 1907 1260 1986 qui

7 2031 13 2042 ·
58 2009 172 2072 mortales
193 2020 221 2075 et
243 2013 423 2093 temporales
445 2032 559 2084 sumus,
582 1997 764 2075 immortales
788 1995 925 2076 redderet
947 2019 1034 2090 atquc
1056 2010 1087 2071 in
1104 2019 1259 2072 aeternnm

60 2109 179 2174 caelorum
199 2133 322 2195 regnnm
346 2112 572 2177 introduceret?
614 2115 657 2175 An
680 2134 741 2176 nou
764 2113 956 2191 erubescitis,
988 2113 1040 2194 qui
1068 2111 1184 2174 diuinas
1205 2111 1256 2172 lit-

58 2217 119 2272 teras
138 2215 244 2278 audetis
267 2215 340 2278 laisa
363 2216 528 2278 adulterare
550 2211 818 2296 interpretatione?
853 2215 1011 2278 Enimvero
1031 2222 1188 2294 postquam
1203 2213 1258 2274 ad-

57 2313 120 2371 renit
138 2313 272 2378 dominus
287 2323 402 2390 ‚noster
425 2317 508 2379 lesus
537 2317 689 2393 Christus,
720 2337 776 2380 nos
806 2319 970 2398 quideme
1000 2326 1120 2396 peccato
1144 2313 1259 2376 liberati

57 2413 170 2478 meliores
191 2421 286 2481 allecti
310 2419 437 2493 luimus,
461 2421 525 2500 ipse
548 2429 644 2482 antem
667 2419 744 2483 ideut
769 2417 891 2484 omnino
915 2427 976 2492 est,
1001 2437 1056 2480 nec
1078 2416 1146 2498 quia
1168 2417 1258 2478 bomo

57 2521 91 2572 est
109 2517 190 2578 lactus
211 2521 293 2594 (uam
316 2521 395 2582 idem
417 2523 610 2600 repetendum
623 2529 696 2610 test),
719 2529 848 2587 mutatus
865 2531 921 2592 est,
944 2520 997 2582 sed
1013 2519 1099 2580 sicuti
1116 2517 1260 2596 scriptum

55 2623 102 2676 est:
125 2617 240 2684 tortum
263 2622 325 2694 Dm·
343 2633 444 2684 mouet
466 2627 496 2686 in
518 2636 684 2688 oeternum.
728 2621 865 2686 Proiecto
888 2621 1136 2701 quemadmodum
1157 2619 1261 2698 prius-

55 2731 124 2790 quam
144 2720 228 2783 bomo
250 2724 357 2806 lieret,¹
372 2731 510 2804 tanquam
532 2725 661 2786 Verbum
685 2725 827 2804 Spiritum
849 2721 885 2784 ut
904 2722 951 2784 sui
972 2720 1127 2802 proprium
1151 2717 1260 2780 sanctis

54 2815 284 2900 subministrabat,
309 2826 349 2887 ita
371 2826 459 2887 etiam
482 2827 573 2888 bomo
597 2825 689 2886 lactus
713 2825 825 2904 Spiritu
840 2837 956 2886 'omnes
980 2820 1141 2884 sanctificat
1163 2817 1261 2899 aitque

54 2915 198 3000 disciptdis:
221 2926 355 3008 decipite
377 2925 528 3008 Spiritum
550 2901 697 2989 sonetum.
742 2925 828 2988 Hune
850 2943 970 3004 quoque
990 2921 1071 2984 dedit
1085 2920 1151 3000 ipse
1168 2916 1261 2999 bloysi

53 3017 153 3100 aliisque
174 3028 371 3108 septuaginta,
394 3047 449 3107 per
470 3047 557 3108 quem
581 3037 610 3090 et
631 3027 721 3090 David
736 3027 856 3089 Patrem
877 3027 923 3088 bis
945 3025 1044 3087 verbis
1066 3021 1260 3103 precabatur:

54 3115 179 3198 Spiritum
199 3138 341 3191 eoactum
365 3141 450 3194 turem
472 3149 509 3192 ne
531 3131 657 3208 auferes
679 3148 697 3190 o
719 3149 776 3191 me.
820 3127 953 3206 Denique
974 3127 1065 3188 bomo
1085 3121 1345 3203 saetosam-nm.
1444 3157 1452 3172 ι

51 3217 101 3283 hat:
127 3225 239 3294 Mittam
263 3231 349 3294 vobis
371 3231 574 3304 Paracletum,
597 3231 748 3310 Spiritum
766 3233 925 3302 ‚veritatis
947 3247 1034 3309 quem
1057 3226 1158 3305 utique
1181 3219 1263 3285 misit

53 3337 122 3386 remu
141 3327 190 3391 llei
212 3332 354 3395 Verbum.
399 3332 500 3412 ltaque
522 3333 607 3396 lesnes
639 3333 779 3396 Christus
810 3333 878 3394 lteri
903 3341 932 3394 ιι
961 3331 1045 3392 bodie
1073 3330 1150 3390 idem
1180 3335 1208 3388 et
1230 3330 1263 3386 m

53 3429 165 3504 sororio,
191 3452 321 3495 manens
345 3433 553 3509 immutabilis,
581 3434 646 3514 ipse
670 3433 788 3514 estqui
812 3433 861 3496 dat
883 3431 983 3512 etqui
1005 3429 1127 3510 accipit3
1160 3427 1209 3488 dat
1230 3435 1263 3487 nt

51 3520 93 3584 llei
112 3529 249 3610 Verbum,
281 3535 387 3616 accipit
409 3544 440 3598 ιιι
461 3537 563 3600 bomo.
607 3536 672 3597 Non
695 3553 765 3616 ergo
787 3533 916 3597 Verbum
939 3541 971 3596 ut
992 3531 1121 3617 Verbum
1144 3531 1175 3591 in
1196 3547 1262 3590 mc-

53 3621 100 3686 lius
118 3635 235 3708 proficit.
283 3635 356 3698 Nam
380 3636 478 3698 omnia
500 3637 603 3698 babuit
625 3655 801 3718 semperque
817 3635 914 3698 habet.
952 3633 1010 3695 Sed
1026 3633 1165 3696 homines
1183 3635 1263 3700 suut,

53 3726 94 3804 lui
111 3729 137 3793 r'n
160 3735 211 3800 illo
242 3745 273 3800 et
293 3757 349 3818 per
379 3737 460 3803 illum
482 3738 593 3799 babent
614 3737 776 3818 aecipiendi
798 3737 924 3832 initium.
968 3735 1044 3796 llinc
1066 3734 1163 3806 enim,
1197 3745 1262 3790 cum

77 3881 95 3929 ‘¹-
112 3885 205 3947 sepner,
224 3887 265 3958 τῷ
283 3887 347 3955 θεῷ.
377 3890 625 3954 PtolopostSegner.
710 3907 731 3954 g.
751 3889 941 3952 SioSegoarian.
968 3881 1158 3950 reprendere.
1190 3879 1265 3958 llasile

48 3943 94 4025 fleg.
111 3953 203 4004 coorti.
230 3966 255 4007 n
273 3957 378 4008 aeream.
400 3959 421 4008 ι,
441 3943 483 4024 ἄρ’
504 3947 536 4006 ot
554 3957 623 4007 eea·
673 3953 1039 4024 sngrrc.rercnu1.s.nmmp.
1078 3951 1157 4003 ceren
1172 3947 1264 3997 eseam

49 4025 114 4092 ΨΜ
133 4011 175 4069 δ’*
191 4018 239 4071 “3
258 4023 339 4073 ¹⁰5f⁰
359 4015 392 4073 δι’
410 4017 482 4091 ἧμᾶι·
494 4019 540 4074 καὶ
555 4019 622 4092 bntp
673 4023 796 4085 Μιυῦσῆι·
813 4028 836 4074 ιι
848 4021 960 4083 Μωσῆς.
997 4022 1071 4072 Paulo
1090 4027 1146 4082 post
1165 4015 1269 4090 Segusa..

49 4079 118 4162 appia
152 4089 213 4140 satu
240 4097 265 4142 ιι
290 4093 330 4142 alii
349 4083 390 4160 ἄρ’
412 4087 623 4159 coloniarumque
673 4103 697 4144 ιι
716 4096 772 4156 trag.
795 4084 973 4160 nvedpcmw
996 4082 1027 4135 τὸ
1047 4079 1136 4151 ἅγιον.
1172 4078 1264 4134 lbidem

46 4161 81 4196 και
97 4165 146 4206 sne
164 4149 232 4225 ι’νπιρ
252 4151 339 4226 ἡμῶν.
444 4185 447 4194 ·
559 4169 568 4182 ·
674 4169 724 4208 σοι
742 4161 810 4210 anesi
828 4157 842 4208 ι
860 4159 958 4208 contar.
977 4155 1082 4206 stream,
1095 4151 1187 4225 aas.

68 4234 90 4292 ,b
107 4223 144 4292 Sic
160 4227 265 4286 Sernes.
291 4227 348 4290 [ιιι.
367 4236 390 4278 ιι
407 4227 514 4280 Felclsm.
533 4228 557 4280 b.
592 4232 637 4280 mi
705 4229 728 4276 b.
748 4227 790 4276 Sic
806 4229 906 4288 Seguer.
925 4227 981 4286 neg.
1001 4221 1098 4274 Goblnrv
1119 4229 1142 4270 ιι
1159 4219 1266 4297 l'elpiio.

49 4283 78 4332 ahi
95 4298 115 4338 ιι
128 4291 182 4342 editi
202 4283 249 4358 ἄρ’
267 4283 322 4344 aba.
673 4295 697 4346 t.
717 4303 740 4343 et
758 4295 783 4345 b.
817 4297 845 4342 tt
862 4291 902 4342 atii
927 4300 951 4341 ιι
969 4291 1042 4340 editio
1061 4287 1179 4339 Commel.
1198 4299 1265 4336 ono-

72 4353 140 4430 lSic
156 4359 262 4422 Segocr.
279 4369 304 4412 ut
322 4371 345 4413 et
362 4363 470 4426 sensu,
481 4363 514 4424 8.,
533 4363 572 4414 ubi
589 4365 622 4414 ita
674 4357 781 4420 ortum,
1239 4415 1246 4432 ,

49 4417 132 4480 barras:
150 4421 182 4475 τὸ
202 4423 233 4480 δὲ
270 4429 327 4495 ripa
343 4429 394 4480 τοῦ
411 4424 568 4498 ιιιὸἦμιῑν
598 4427 622 4482 l·
709 4433 723 4483 t.
751 4431 850 4491 Segner.
868 4421 913 4482 seri
938 4416 1020 4480 αὐτός
1042 4419 1118 4476 ἔστιν
1141 4417 1179 4478 εἷς
1200 4435 1266 4474 τους

49 4495 78 4564 ⁹⁸5
99 4485 134 4546 ab
155 4487 208 4543 τὸν
234 4497 328 4560 aare.
364 4499 428 4552 narrt
453 4509 477 4552 a
500 4501 540 4551 un
584 4513 623 4550 m·
675 4491 785 4550 atavae.
993 4490 1000 4504 ’
1143 4501 1151 4517 ·

47 4565 114 4614 lm
323 4633 328 4642 ¹
709 4567 731 4618 l.
750 4564 904 4627 Sieseguer.
929 4565 968 4613 ubi
995 4553 1013 4623 ἦ
1035 4544 1115 4628 prop}
1140 4557 1265 4612 scribitur.
