3048 5052
440 355 549 400 omno
564 355 586 400 r.
603 355 719 400 carran
733 355 867 400 amoos.
1207 343 1267 406 tls

72 527 126 570 eum
144 505 241 570 uuum
261 505 314 571 sed
335 506 456 568 bouem
477 505 576 568 Patris
598 505 708 568 dicere.
753 505 778 582 0
801 505 928 568 stolidos
956 505 1115 569 admodum
1143 515 1174 570 ct
1204 507 1354 571 liti-aue.

71 607 169 688 gioeosl
208 608 238 670 Si
260 609 337 670 euim
360 626 429 670 eum
451 607 488 670 ab
510 608 685 670 aeternitate
707 614 822 670 tantum
843 607 931 670 simul
948 607 1084 672 extitisse
1098 627 1167 672 cum
1181 607 1269 674 rou·

70 729 114 771 nec
130 709 226 772 libum
246 729 314 772 esse
341 727 599 782 asseveraremus,
632 709 742 788 aliquid
773 708 875 789 utique
901 709 1118 790 probabilitatis
1146 710 1270 774 baberet

71 809 183 872 simulata
203 810 318 873 illorum
339 809 456 890 religio.
488 809 541 872 Sin
563 818 662 872 autem
684 828 752 872 cum
774 829 842 873 cum
864 818 1018 872 aeternum
1033 812 1168 886 dicimus,
1191 831 1268 876 erm-

70 911 123 972 dem
141 912 306 976 eonfitemru
332 912 464 992 genitum
487 931 522 972 ex
544 911 631 974 Patre
654 910 775 986 Filium,
803 930 859 992 qua
881 930 992 992 quaeso
1013 913 1128 976 rabone
1149 915 1267 994 genitus

72 1011 188 1091 genitoris
209 1013 299 1076 irater
318 1014 419 1094 possit
440 1011 627 1074 existimari?
671 1013 703 1074 Si
725 1013 796 1075 item
819 1021 922 1076 nostra
943 1015 1018 1076 fides
1040 1023 1087 1078 est
1104 1016 1135 1076 in
1150 1017 1269 1082 Patrem

71 1114 214 1192 etlilium,
240 1133 385 1196 camenam
407 1115 486 1178 inter
507 1115 574 1178 illos
596 1114 753 1178 intercedit
774 1115 905 1178 lrntemo
926 1115 1087 1196 cognatio?
1119 1125 1170 1179 aut
1190 1137 1269 1199 quo-

70 1215 142 1278 nodo
159 1225 255 1298 potest
276 1215 406 1280 Verbum
428 1217 494 1278 eius
517 1215 574 1278 dici
596 1219 702 1290 lrater‚
732 1217 818 1280 nnus
846 1225 894 1280 est
914 1216 1066 1280 Verbum?
1109 1219 1171 1282 Nec
1198 1239 1268 1283 rero

69 1317 196 1380 bercillis
216 1319 315 1398 ignota
338 1326 386 1380 est
405 1320 616 1399 repugnantia,
646 1337 715 1380 uam
742 1319 897 1382 veritatem
925 1328 954 1380 et
980 1319 1039 1399 ipsi
1069 1321 1269 1400 perspiciuut3

68 1418 110 1478 sed
128 1421 170 1480 tot
189 1438 260 1484 sane
281 1421 399 1484 ludalca
421 1421 573 1483 excusatio
595 1429 626 1482 et
646 1420 816 1494 hominum,
846 1420 913 1500 qui,
942 1429 975 1482 ut
1003 1419 1043 1482 ait
1064 1420 1223 1496 Salomon,
1252 1442 1270 1486 a

66 1519 166 1583 neritus
186 1523 285 1585 solunt
308 1523 471 1588 discedere.
516 1522 618 1602 Neque
640 1523 719 1585 enim
742 1541 778 1584 ex
799 1523 898 1603 aliquo
919 1521 1067 1604 principio
1096 1522 1181 1603 prius
1204 1525 1269 1586 exi-

66 1629 146 1684 stente
164 1623 248 1686 Pater
269 1633 300 1686 ct
320 1624 413 1686 luins
437 1625 527 1704 geniti
550 1626 686 1698 luerunt,
715 1633 747 1686 ut
769 1631 947 1686 censeantur
968 1641 1037 1686 esse
1059 1626 1183 1700 tratres,
1215 1627 1269 1690 sed

66 1721 136 1784 Pater
154 1725 269 1804 quidem
291 1725 469 1806 principium
492 1734 522 1788 et
543 1727 662 1806 genitor
683 1733 730 1788 est
751 1725 834 1801 Filii,
855 1735 885 1788 et
905 1727 994 1788 Pater
1013 1735 1099 1808 pater
1119 1733 1180 1799 est,
1214 1745 1270 1790 nec

65 1823 167 1887 diunius
186 1828 240 1890 luit
260 1829 370 1902 Filiusp
392 1829 485 1890 Filius
507 1837 605 1890 autem
627 1827 704 1890 lilius
727 1835 784 1904 est,
808 1847 869 1890 nou
890 1829 989 1890 irater.
1033 1827 1064 1890 Si
1082 1828 1160 1890 idem
1175 1846 1267 1909 porro
1276 1845 1352 1892 anu.

65 1935 181 1990 aeternus
195 1928 293 1992 Patris
315 1933 393 1992 letus
415 1930 534 2004 dicitur,
556 1937 637 1992 recte
658 1929 782 1994 omnino
798 1929 916 1994 dicitnr.
945 1929 1018 1992 Nam
1034 1949 1095 1992 nou
1109 1930 1267 2012 aliquando

64 2026 209 2105 imperfecta
230 2032 288 2094 luit
308 2032 405 2094 Patris
428 2038 542 2105 natura,
564 2039 598 2094 ut
618 2031 697 2111 quod
719 2031 798 2093 illius
813 2030 968 2112 proprium
983 2039 1074 2107 esset,
1096 2031 1194 2094 eidem
1209 2051 1268 2114 po-

65 2136 115 2189 stea
132 2132 290 2207 accederet,
312 2151 409 2214 neque
431 2141 465 2195 ut
485 2133 576 2194 bomo
599 2151 637 2196 ex
657 2133 779 2194 bomine
801 2133 916 2212 genitus
939 2143 986 2196 cst
1006 2133 1109 2207 Filius,
1133 2144 1165 2196 ut
1182 2133 1268 2198 Patre

64 2230 181 2294 uiseret
200 2235 365 2314 posterior,
388 2234 441 2297 sed
465 2235 517 2296 llei
540 2238 617 2298 letus
639 2243 694 2308 est,
717 2233 768 2314 qui
791 2241 893 2314 utpote
914 2235 1054 2314 proprius
1073 2235 1127 2297 llei
1149 2253 1270 2318 semper

65 2329 194 2397 existentia
214 2335 309 2398 Filius
331 2335 369 2398 ab
392 2335 564 2398 aeternitate
586 2336 701 2416 etipse
723 2335 832 2398 existit
877 2321 1037 2400 Hominum
1054 2335 1173 2416 quidem
1194 2355 1268 2417 prn-

63 2432 142 2507 prinm
166 2445 210 2498 est
237 2438 272 2500 in
294 2447 428 2517 tempore
450 2437 571 2517 gignere
592 2445 717 2518 propter
739 2445 862 2498 naturae
884 2437 1045 2512 delectum,
1073 2447 1103 2500 at
1131 2447 1269 2501 aeternus

63 2541 98 2592 est
116 2533 161 2597 llei
181 2539 269 2613 letus,
294 2540 362 2618 quia
384 2557 504 2619 semper
525 2539 740 2618 perfectissima
761 2539 817 2600 luit
831 2537 884 2600 Dei
906 2547 1021 2601 natura.
1050 2539 1151 2618 ltaque
1166 2541 1193 2601 si
1209 2557 1270 2600 non

63 2645 99 2692 est
115 2635 208 2712 lilius,
230 2641 288 2702 sed
310 2660 327 2702 e
348 2640 442 2702 nihilo
465 2650 511 2702 est
532 2641 642 2712 lactus,
665 2639 696 2700 id
718 2640 846 2718 primum
868 2639 924 2716 ipsi
947 2639 1085 2718 probent,
1108 2659 1143 2702 ae
1163 2641 1270 2702 deinde

61 2731 131 2798 liceat
150 2739 203 2802 illis
225 2751 368 2822 tanquam
390 2741 426 2804 de
448 2761 481 2804 re
503 2744 578 2804 lacta
600 2741 763 2804 clamitare:
786 2739 854 2803 Fuit
868 2739 1025 2818 aliquando
1047 2758 1114 2800 cum
1135 2758 1196 2801 non
1219 2759 1270 2802 es-

61 2843 111 2909 set3
136 2859 181 2902 res
202 2844 315 2924 quippe
336 2861 410 2923 quae
432 2845 525 2905 lectae
547 2851 632 2916 sunt,
662 2849 748 2904 antea
770 2847 850 2902 certe
873 2858 933 2901 non
955 2847 1047 2902 erant
1094 2841 1154 2903 Sed
1177 2841 1203 2903 si
1225 2849 1272 2902 est

61 2933 135 3002 lilius
155 2943 207 3019 (uti
228 2945 319 3006 Pater
341 2951 467 3006 testetur
490 2953 520 3006 et
542 2943 714 3024 Scripturas
735 2941 933 3024 praedicant),
963 2941 1056 3004 l'ilius
1078 2949 1175 3004 autem
1198 2941 1272 3004 nibil

61 3037 124 3100 elul
144 3053 186 3105 est
206 3065 297 3128 quam
320 3046 399 3126 quod
421 3065 458 3108 ex
478 3047 567 3108 Patre
588 3045 726 3126 gignitur,
750 3045 838 3124 idque
860 3043 941 3123 quud
963 3063 998 3105 ex
1021 3043 1107 3105 Patre
1129 3044 1270 3124 gignitur,

62 3139 111 3202 eius
132 3153 175 3208 est
194 3146 327 3210 Verbum
349 3156 378 3208 et
400 3147 553 3228 Sapientia
573 3155 603 3209 et
623 3147 785 3227 splendor,
807 3145 877 3225 quid
899 3145 977 3208 aliud
1000 3145 1067 3208 inde
1089 3145 1270 3207 concluden-

62 3241 118 3304 dum
137 3255 189 3323 est,
212 3268 303 3330 quam
327 3267 390 3322 eos,
413 3249 463 3328 qul
485 3249 601 3310 dicunt:
624 3248 692 3310 Fuit
713 3247 879 3327 aliquando,
902 3265 969 3309 cum
991 3265 1053 3309 non
1070 3254 1153 3308 esset
1166 3246 1271 3316 Filius,

62 3343 125 3406 reiut
143 3349 222 3412 sures
245 3349 393 3430 quosdam
410 3349 536 3412 Verbum
559 3350 652 3411 allen
675 3349 841 3423 detrahere,
863 3359 1022 3430 aperteque
1044 3349 1188 3410 adversus
1203 3365 1271 3410 eum

62 3450 231 3526 mutendere,
255 3451 357 3532 ipsum
378 3453 473 3514 luisse
495 3451 651 3532 aliquando
674 3452 740 3514 sine
762 3451 884 3532 proprio
907 3471 963 3514 suo
977 3451 1072 3512 Verbo
1094 3459 1125 3514 et
1145 3450 1272 3530 Sapien-

62 3545 103 3618 tia,
121 3550 209 3615 lucem
233 3553 330 3616 luisse
351 3555 508 3634 aliquando
530 3554 595 3616 sine
617 3553 794 3633 splendore,
818 3555 929 3615 lentem
952 3553 1083 3615 sterilem
1106 3561 1137 3614 et
1157 3553 1272 3614 aridum

64 3649 138 3711 esset
177 3653 251 3718 llam
287 3657 404 3718 umetsi
426 3655 570 3736 temporis
593 3673 703 3717 nomen
724 3665 804 3717 metu
828 3655 857 3718 id
879 3656 935 3718 sibi
959 3653 1199 3735 exprobrantium
1221 3669 1273 3712 re-

63 3747 148 3826 ingere
168 3755 347 3820 simulantes
369 3759 516 3832 futentur,
546 3777 614 3820 eum
642 3766 710 3820 ante
738 3765 872 3837 tempora
902 3757 1053 3830 extitisse3
1088 3763 1184 3816 umen
1206 3750 1273 3830 quia

62 3853 185 3924 luendam
208 3858 357 3921 deliniunt
376 3859 539 3933 intervella,
562 3860 593 3921 in
615 3859 723 3939 quibus
744 3859 842 3939 ipsum
864 3877 925 3920 non
947 3858 1040 3920 luisse
1055 3855 1168 3926 volunt,
1190 3851 1274 3914 valde
1300 3941 1304 3950 .

88 4119 106 4167 g.
123 4106 325 4173 Segnerian.rtni
343 4105 472 4168 ὤςθιοῦ,
493 4121 518 4164 ut
536 4113 650 4180 etllan·x
721 4116 743 4164 l.
762 4115 802 4163 Sin
827 4113 967 4175 Segnerian.
996 4109 1053 4169 lleg.
1084 4103 1222 4182 Gobltritss·
1251 4113 1275 4155 θῑ

62 4173 183 4240 nioslegit.
221 4181 269 4230 tur
293 4189 316 4231 et
334 4183 391 4230 editi
409 4176 455 4230 reni
472 4179 548 4232 θεοῦ.
583 4182 635 4232 llox
686 4183 824 4232 Felclrnan.
843 4179 864 4229 l.
901 4179 962 4228 udin
987 4190 1043 4226 vero
1068 4181 1092 4223 et
1115 4172 1156 4222 alu
1179 4163 1208 4220 lx
1225 4171 1274 4222 τοῦ

62 4237 152 4294 letctn.
162 4247 186 4297 b.
205 4239 306 4302 mesos
322 4240 462 4318 ὑπάρχων,
686 4247 762 4299 θεοῦ·
1096 4309 1119 4320 ,,
1256 4261 1261 4272 “

87 4341 106 4391 ι.
123 4338 154 4394 ω’
687 4315 926 4436 ,prmus
941 4308 1273 4428 lucraretur&

89 4445 101 4490 i.
117 4438 158 4495 ὅτι
185 4449 256 4501 deest
276 4452 298 4502 in
317 4453 418 4514 Segner.
437 4453 584 4505 Gobleriano
612 4460 635 4503 at
690 4453 781 4502 lbidem
801 4448 898 4499 anler.
923 4455 947 4496 et
965 4445 1069 4497 Felclm.
1085 4445 1106 4496 l.
1126 4438 1175 4493 τὸν
1191 4437 1276 4510 λόγον

64 4505 184 4622 ιῙᾱιΙιιιιιΑ.
223 4519 278 4598 ltpx
295 4521 436 4600 Segoerion.
458 4515 492 4600 u}
508 4515 633 4585 γεννητᾰ.
687 4511 742 4568 ἀπὸ
760 4515 837 4600 obfui·
911 4580 923 4594 ,

84 4595 116 4628 en
132 4597 185 4636 nox
202 4599 288 4635 rouro
305 4602 361 4657 γαρ
381 4581 395 4636 ὃ
413 4603 513 4658 noeqp.
721 4601 753 4638 m·
772 4591 872 4647 belim·
890 4595 939 4642 ‘'l‘'
955 4577 1066 4649 θ’φῖαΐ·
