3106 5056
485 313 594 358 omrro
609 315 643 360 u.
660 315 777 360 oosrm
789 317 926 362 munos.
1246 303 1309 372 43³

67 460 187 536 diberi,
218 479 348 542 roreque
369 461 401 525 io
422 471 598 544 perpetuum
619 473 845 544 permanerent,
879 465 1098 531 immortalitate
1122 475 1152 530 et
1173 469 1396 534 insono-rma.

88 563 189 642 ptioue
225 571 385 643 postquam
421 565 659 628 resurrexissent
689 567 793 628 induti.
836 567 968 648 Namque
1001 577 1156 650 postquam
1184 571 1313 636 Verbum

88 683 204 726 carnem
225 663 337 739 induit,
353 674 400 736 ,ut
421 684 512 748 saepe
533 667 645 732 dictum
667 677 729 742 est,
752 667 788 730 cb
811 688 846 732 ec
868 669 1013 734 extinctus
1035 671 1155 751 penitus
1177 679 1224 735 est
1244 689 1311 736 ser·

86 765 184 844 pontis
205 783 342 841 morsus,
366 775 396 828 et
417 767 556 848 quicquid
578 767 646 830 mali
669 769 859 832 exoriebatur
880 787 917 832 ex
937 771 1035 836 mauis
1058 772 1200 848 motibus,
1222 791 1313 854 prae-

87 868 179 930 eisurn
207 867 329 930 omnino
359 877 421 942 est,
453 888 488 930 ac
509 869 637 949 denique
666 871 732 951 ipsa
760 889 844 934 mors
876 872 989 952 peceati
1017 891 1117 936 eomes
1146 873 1202 936 fuit
1223 873 1311 936 simui

85 969 250 1042 interemta,
272 977 306 1031 ut
326 969 393 1050 ipse
406 969 550 1034 Dominus
572 971 744 1034 huiusmodi
766 972 866 1036 uerbis
889 973 1032 1038 declarat:
1058 973 1143 1038 Vertit
1163 973 1311 1056 Prr'neepr

86 1071 174 1134 buius
196 1073 304 1134 mundi
323 1082 354 1135 et
374 1072 454 1136 stibii
473 1077 506 1135 in
528 1093 573 1136 nte
594 1078 725 1148 inuenit,
755 1082 800 1138 et:
834 1076 872 1138 In
900 1076 954 1140 doc
976 1079 1056 1140 sorbo
1077 1079 1240 1158 apperuit,
1263 1073 1311 1141 uti

84 1173 204 1253 scripsit
223 1172 365 1248 loannes,
395 1185 430 1236 ut
453 1174 601 1238 discolori
624 1193 718 1258 opero
739 1175 860 1242 diodoli.
904 1177 958 1240 liis
979 1185 1076 1240 autem
1099 1195 1186 1240 carne
1208 1177 1310 1238 disso-

85 1272 173 1348 lutis,
204 1287 308 1336 omuss
329 1281 453 1354 propter
474 1274 572 1338 cornis
595 1275 800 1356 cognationem
822 1277 938 1340 liberati
966 1297 1086 1353 sumus,
1114 1278 1231 1357 musque
1253 1295 1311 1340 nos

84 1375 174 1436 etiam
201 1393 267 1438 ctum
296 1374 393 1438 Verbo
422 1375 551 1454 copulati
578 1377 701 1443 [mutus.
745 1379 842 1442 Porro
877 1399 944 1444 urm
970 1380 1033 1444 Deo
1068 1379 1218 1444 coniuncti
1248 1397 1311 1443 uon

84 1475 209 1557 amplius
229 1476 260 1536 in
281 1483 360 1538 terra
382 1476 618 1552 remanebimus,
652 1479 706 1570 sed
730 1487 763 1542 ut
783 1481 848 1560 ipse
869 1481 959 1556 dixit,
991 1480 1043 1546 ubi
1071 1481 1119 1544 ille
1147 1481 1220 1556 erit,
1252 1498 1310 1542 nos

82 1593 204 1658 quoque
224 1577 348 1652 erimus,
370 1596 426 1640 nco
447 1587 618 1658 serpentem
640 1580 767 1660 amplius
782 1601 887 1646 sumus
901 1583 1099 1646 formidaturi.
1132 1581 1311 1662 Prodiqstus

81 1679 160 1741 eninr
184 1677 233 1740 iile
255 1686 302 1741 est
322 1697 339 1740 a
361 1677 514 1744 deatore
542 1699 610 1744 eum
636 1682 669 1744 io
697 1699 753 1744 sua
780 1701 869 1748 earne
897 1692 1095 1766 persequente
1123 1701 1157 1746 ac
1179 1683 1310 1746 dicente:

84 1780 160 1844 Vnde
179 1791 253 1860 post
274 1801 334 1854 ote,
362 1791 488 1854 rotano,
517 1791 605 1862 atque
626 1782 668 1844 ita
690 1791 772 1846 extra
793 1785 962 1863 paradisum
984 1784 1135 1864 inignem
1158 1793 1312 1848 aeternum

80 1890 127 1943 est
148 1881 293 1944 deiectus.
330 1881 392 1944 Nec
413 1883 501 1945 etiam
525 1883 600 1946 ullae
622 1883 756 1948 mulieris
773 1884 928 1948 illecebrae
943 1885 1089 1948 esreudae
1104 1885 1193 1948 nobis
1209 1892 1311 1948 erunt:

78 1984 116 2048 iu
144 1989 376 2048 resurrectione
408 1990 489 2048 eninr
515 2003 568 2048 nec
599 1986 720 2052 nubunt
752 2005 808 2050 nec
840 1988 1015 2058 nubuntur,
1048 1987 1101 2051 sed
1131 1996 1205 2050 sunt
1232 1989 1312 2050 sieut

66 2087 196 2166 ,nepotc
240 2084 278 2146 Et
299 2090 332 2148 in
356 2085 477 2149 Christo
500 2086 568 2150 iesu
590 2105 672 2152 novo
695 2098 840 2152 creature
862 2089 935 2164 erit,
964 2107 1059 2170 neque
1080 2087 1234 2150 mmcuiru
1257 2095 1312 2150 out

75 2167 210 2269 (micio,
239 2189 292 2250 red
313 2189 414 2250 omnio
435 2200 464 2251 ct
485 2191 519 2251 in
541 2188 679 2254 omnibus
702 2190 758 2251 erit
782 2190 933 2254 Gloriatur.
976 2189 1033 2252 Ubi
1054 2197 1152 2252 cutem
1174 2187 1311 2264 Christus

77 2289 175 2362 adest,
199 2288 265 2368 quis
289 2288 378 2350 timor
400 2288 446 2350 rel
467 2289 537 2369 quid
558 2289 683 2370 periculi
704 2289 804 2369 possit
825 2288 981 2354 accidere?
1244 2346 1262 2386 ⁸

163 2593 217 2654 tu.
261 2588 294 2651 id
325 2597 422 2652 autem
455 2590 563 2653 iscium
595 2589 718 2652 minime
750 2591 872 2664 suisset,
906 2589 932 2652 si
961 2589 1032 2670 quid
1065 2599 1195 2652 erectum
1228 2595 1312 2650 essct

73 2691 219 2755 Verbum.
264 2691 337 2754 usn
367 2689 520 2766 diabolus,
554 2691 603 2771 qui
634 2699 663 2752 et
691 2691 756 2771 ipse
786 2698 919 2754 creatura
948 2699 1010 2764 est,
1043 2698 1220 2771 perpetuum
1242 2705 1310 2752 cum

70 2805 213 2858 creatura
235 2791 383 2874 gessisset
410 2792 535 2868 belium,
565 2800 595 2854 et
621 2791 731 2863 bomo,
764 2777 941 2872 quicumque
968 2791 1076 2860 ruisset
1102 2790 1310 2866 intermedius,

70 2897 167 2958 morti
191 2913 312 2976 semper
333 2893 483 2957 subiectus
513 2895 636 2969 fuisset,
670 2893 780 2974 quippe
808 2893 858 2974 qui
881 2892 954 2956 nihil
975 2892 1115 2967 baberet,
1142 2892 1175 2954 iu
1197 2911 1256 2972 quo
1279 2899 1309 2954 et

67 3017 127 3078 per
157 2995 242 3078 quod
274 3015 340 3058 cum
368 2995 431 3058 Deo
460 2996 637 3058 coniunctus
658 2995 734 3058 liber
755 2995 841 3058 fieret
862 2993 898 3056 ab
921 2995 1001 3059 omui
1024 3001 1116 3058 ructu.
1162 2993 1308 3068 Quocirca
1336 3065 1341 3074 ⁶

68 3099 141 3180 ipss
165 3099 277 3160 veritas
307 3083 453 3172 ostendit,
485 3093 614 3160 Verbum
636 3115 698 3160 non
720 3115 827 3159 essee
854 3095 939 3159 iactis
967 3077 1073 3170 rebus,
1108 3095 1162 3158 sed
1190 3096 1307 3160 iliarum

64 3203 179 3280 potius
202 3217 271 3261 esse
293 3207 454 3260 auctorem.
487 3197 532 3259 lta
555 3198 634 3260 enim
657 3217 767 3278 corpus
789 3200 897 3261 facturn
920 3206 951 3260 et
970 3198 1134 3260 humanum
1155 3197 1308 3274 assumsit,

65 3309 101 3362 ut
124 3297 202 3362 iilud
226 3307 364 3378 tauquam
387 3297 484 3379 opifex
505 3299 642 3361 reficeret
664 3309 694 3362 et
715 3299 847 3362 divinum
871 3299 904 3362 in
924 3299 1026 3379 seipso
1048 3298 1196 3374 redderet,
1219 3307 1308 3380 atque

64 3402 129 3464 boc
152 3409 244 3481 pacto
272 3419 330 3462 nos
359 3417 463 3462 omues
493 3401 529 3462 sd
556 3400 635 3464 iilius
663 3399 885 3464 similitudinem
907 3401 938 3464 in
961 3400 1074 3464 caelum
1095 3399 1307 3464 introduceret.

63 3502 160 3582 Atqui
184 3501 278 3562 bomo
302 3519 368 3562 oum
383 3518 416 3562 re
431 3509 528 3564 creata
549 3503 725 3564 coniunctus
748 3520 809 3563 non
830 3501 979 3583 potuisset
999 3501 1117 3565 divinus
1139 3502 1226 3577 effici,
1249 3500 1392 3564 bisinus

62 3603 165 3666 Filius
191 3620 280 3664 verus
302 3601 381 3664 Deus
404 3609 496 3676 esset,
517 3621 612 3682 neque
634 3605 724 3666 bomo
741 3623 775 3665 se
789 3604 870 3666 Patri
892 3604 1001 3665 sistere
1022 3621 1113 3664 susus
1136 3608 1226 3674 essct,
1248 3603 1308 3664 nisi

61 3705 103 3778 is,
129 3703 189 3784 qui
211 3721 322 3783 corpus
344 3703 448 3779 induit,
471 3706 604 3767 naturaie
627 3713 657 3768 ct
678 3723 780 3768 verum
796 3705 860 3768 eius
876 3710 959 3767 esset
973 3703 1113 3766 Verbum.
1145 3703 1187 3766 Ac
1201 3720 1307 3782 quem-

96 3941 120 3989 ι.
143 3924 259 3975 Fcteim.
271 3923 295 3974 b.
314 3916 351 3976 oio·
367 3915 395 3971 oi
411 3914 529 3988 ἄγγελοι.
752 3935 784 3972 m.
795 3922 963 3974 Theodoretus
977 3922 1077 3984 bisiopo
1088 3921 1121 3980 2.,
1139 3921 1180 3984 qui
1192 3909 1245 3966 cic'

94 4013 120 4059 b.
144 4009 254 4068 Sequor.
273 4007 371 4060 Gobier.
389 4007 493 4056 retatus.
507 4007 562 4058 bet
580 4008 604 4058 4.
623 4007 667 4058 sd·
718 4003 766 4042 ¹⁰⁵⁸
783 3990 807 4040 id
822 3998 859 4062 “i
875 3993 1011 4054 imiimi
1028 3989 1177 4068 Ῑΰξθῐῑῧῑῑῦῐν
1190 3987 1309 4064 Ρΰῐξῌ·

58 4079 122 4126 dont
144 4067 241 4130 ἔσται,
261 4075 325 4140 quod
346 4077 368 4124 iu
388 4075 441 4124 siiis
459 4083 483 4124 et
501 4076 571 4124 editis
590 4075 666 4125 deest.
719 4073 773 4108 ⁰⁰¹⁰
798 4059 869 4108 ΜΘΗ
892 4072 946 4108 ⁰⁰²¹
974 4059 1021 4109 ¹²⁰⁶
1044 4057 1129 4106 ⁸¹¹¹¹¹⁰²
1154 4067 1202 4102 Μ’
1227 4066 1309 4116 “7‘0'1

93 4165 110 4210 i.
139 4161 192 4212 Sic
216 4173 274 4208 mss.
309 4161 338 4208 tt
361 4159 433 4208 editio
458 4157 574 4209 commei.
598 4152 667 4227 nqis
714 4115 880 4202 'da-mim
894 4116 1053 4204 ιιπωικόπου
1067 4113 1265 4238 ῗῃεανῗράῗ
1280 4112 1310 4169 ‘²

54 4225 114 4296 rc
135 4221 250 4291 ...2
268 4215 308 4274 ..
325 4219 370 4274 o
388 4219 402 4272 ι
421 4217 554 4290 o...
717 4201 920 4310 caster
937 4187 1308 4308 isso..⁰rt...tts.:t

91 4316 118 4366 ἵ·
138 4311 243 4372 mlii·
260 4301 413 4376 WV'V‘W‘·
446 4349 449 4362 ·
718 4334 786 4391 parts
805 4273 828 4376 ὃς.
847 4275 899 4390 cip.
921 4324 944 4375 i.
963 4324 1083 4390 predii.
1103 4331 1241 4390 postremae
1255 4325 1308 4376 edi-

92 4400 108 4448 Ι.
138 4398 254 4456 segnes.
279 4395 352 4444 basii.
376 4393 432 4457 ch.
451 4394 542 4457 dnqiic.
568 4394 666 4447 Goblcr.
717 4394 800 4453 tionis,
818 4393 858 4442 ubi
876 4394 1007 4454 accessum
1026 4393 1179 4444 inscribitur:
1197 4391 1309 4472 rodpa-

53 4467 175 4514 Feiebm.
193 4459 216 4510 i.
235 4469 258 4511 et
276 4462 300 4511 4.
319 4452 404 4510 atros
420 4452 509 4528 de'yor.
546 4461 625 4514 Ceteri
644 4470 668 4512 st
717 4455 815 4527 supino
835 4451 1001 4509 Ἀθανασίου
1023 4453 1052 4512 ἐκ
1075 4459 1125 4510 τοῦ
1148 4453 1218 4510 κατὰ
1236 4454 1309 4526 utpi-

53 4535 116 4585 editi
138 4520 236 4580 advos
255 4521 269 4578 d
286 4523 375 4596 λόγος.
718 4541 790 4578 usur
806 4521 897 4594 λόγου.

90 4623 239 4664 Arnusru
253 4627 305 4662 urr-
319 4627 390 4661 uuus.
404 4629 454 4661 sut.
1070 4611 1120 4664 ῃ.
