<?xml version="1.0" encoding="UTF-8"?>
<!DOCTYPE html PUBLIC "-//W3C//DTD XHTML 1.0 Transitional//EN"
    "http://www.w3.org/TR/xhtml1/DTD/xhtml1-transitional.dtd">
<html xmlns="http://www.w3.org/1999/xhtml" xml:lang="en" lang="en">
 <head>
  <title>
</title>
<meta http-equiv="Content-Type" content="text/html;charset=utf-8" />
  <meta name='ocr-system' content='tesseract 3.04.00' />
  <meta name='ocr-capabilities' content='ocr_page ocr_carea ocr_par ocr_line ocrx_word'/>
</head>
<body>
  <div class='ocr_page' id='page_1' title='image "./sanctiathanasii01athagoog_0210.png"; bbox 0 0 3048 5052; ppageno 0'>
   <div class='ocr_carea' id='block_1_1' title="bbox 474 339 1300 403">
    <p class='ocr_par' dir='ltr' id='par_1_1' title="bbox 474 339 1300 403">
     <span class='ocr_line' id='line_1_1' title="bbox 474 339 1300 403; baseline 0 -8"><span class='ocrx_word' id='word_1_1' title='bbox 474 350 583 396; x_wconf 78' lang='lat' dir='ltr'>ourro</span> <span class='ocrx_word' id='word_1_2' title='bbox 600 351 620 394; x_wconf 89' lang='grc' dir='ltr'><strong>ι.</strong></span> <span class='ocrx_word' id='word_1_3' title='bbox 637 350 752 396; x_wconf 75' lang='lat' dir='ltr'>corrue</span> <span class='ocrx_word' id='word_1_4' title='bbox 766 351 903 396; x_wconf 79' lang='grc' dir='ltr'><strong>ιιιιιιοε.</strong></span> <span class='ocrx_word' id='word_1_5' title='bbox 1240 339 1300 403; x_wconf 84' lang='grc'>163</span> 
     </span>
    </p>
   </div>
   <div class='ocr_carea' id='block_1_2' title="bbox 77 500 1389 3408">
    <p class='ocr_par' dir='ltr' id='par_1_2' title="bbox 77 500 1389 3408">
     <span class='ocr_line' id='line_1_2' title="bbox 87 500 1389 582; baseline 0.002 -19"><span class='ocrx_word' id='word_1_6' title='bbox 87 501 189 572; x_wconf 74' lang='lat' dir='ltr'>dimi</span> <span class='ocrx_word' id='word_1_7' title='bbox 208 508 315 581; x_wconf 72' lang='lat' dir='ltr'>quanto</span> <span class='ocrx_word' id='word_1_8' title='bbox 337 500 423 580; x_wconf 81' lang='lat' dir='ltr'>bpeu</span> <span class='ocrx_word' id='word_1_9' title='bbox 444 501 617 576; x_wconf 84' lang='lat' dir='ltr'>ceciderint,</span> <span class='ocrx_word' id='word_1_10' title='bbox 639 511 728 582; x_wconf 87' lang='lat' dir='ltr'>atque</span> <span class='ocrx_word' id='word_1_11' title='bbox 749 501 791 564; x_wconf 83' lang='lat' dir='ltr'>ita</span> <span class='ocrx_word' id='word_1_12' title='bbox 811 501 918 566; x_wconf 87' lang='lat' dir='ltr'>deinde</span> <span class='ocrx_word' id='word_1_13' title='bbox 933 502 1101 582; x_wconf 83' lang='lat' dir='ltr'>loquentur.</span> <span class='ocrx_word' id='word_1_14' title='bbox 1133 505 1212 578; x_wconf 85' lang='lat' dir='ltr'><strong>Quid</strong></span> <span class='ocrx_word' id='word_1_15' title='bbox 1226 517 1389 568; x_wconf 73' lang='lat' dir='ltr'>vererere</span> 
     </span>
     <span class='ocr_line' id='line_1_3' title="bbox 87 601 1301 684; baseline 0.005 -20"><span class='ocrx_word' id='word_1_16' title='bbox 87 601 198 682; x_wconf 87' lang='lat' dir='ltr'>amplius</span> <span class='ocrx_word' id='word_1_17' title='bbox 219 620 255 664; x_wconf 82' lang='lat' dir='ltr'>ex</span> <span class='ocrx_word' id='word_1_18' title='bbox 275 601 324 666; x_wconf 78' lang='lat' dir='ltr'>ille</span> <span class='ocrx_word' id='word_1_19' title='bbox 344 601 502 666; x_wconf 70' lang='lat' dir='ltr'>nannum</span> <span class='ocrx_word' id='word_1_20' title='bbox 523 603 663 679; x_wconf 75' lang='lat' dir='ltr'>babeam,</span> <span class='ocrx_word' id='word_1_21' title='bbox 684 621 773 684; x_wconf 71' lang='grc' dir='ltr'><strong>ᾳιιιιι</strong></span> <span class='ocrx_word' id='word_1_22' title='bbox 795 603 867 666; x_wconf 87' lang='lat' dir='ltr'>ista:</span> <span class='ocrx_word' id='word_1_23' title='bbox 890 603 979 678; x_wconf 88' lang='lat' dir='ltr'>„Nou</span> <span class='ocrx_word' id='word_1_24' title='bbox 1001 623 1121 684; x_wconf 88' lang='lat' dir='ltr'>semper</span> <span class='ocrx_word' id='word_1_25' title='bbox 1142 605 1223 670; x_wconf 83' lang='lat' dir='ltr'>Deus</span> <span class='ocrx_word' id='word_1_26' title='bbox 1245 607 1301 670; x_wconf 88' lang='lat' dir='ltr'>luit</span> 
     </span>
     <span class='ocr_line' id='line_1_4' title="bbox 87 703 1301 794; baseline 0.004 -31"><span class='ocrx_word' id='word_1_27' title='bbox 87 703 203 794; x_wconf 64' lang='lat' dir='ltr'>„Psteq⁸</span> <span class='ocrx_word' id='word_1_28' title='bbox 217 703 269 766; x_wconf 78' lang='grc' dir='ltr'>εει</span> <span class='ocrx_word' id='word_1_29' title='bbox 289 711 394 784; x_wconf 82' lang='lat' dir='ltr'>postea</span> <span class='ocrx_word' id='word_1_30' title='bbox 415 706 511 766; x_wconf 85' lang='lat' dir='ltr'>lectus</span> <span class='ocrx_word' id='word_1_31' title='bbox 532 715 588 768; x_wconf 78' lang='grc' dir='ltr'>εει</span> <span class='ocrx_word' id='word_1_32' title='bbox 633 705 700 768; x_wconf 88' lang='lat' dir='ltr'>Nou</span> <span class='ocrx_word' id='word_1_33' title='bbox 722 723 841 785; x_wconf 79' lang='lat' dir='ltr'><strong>semper</strong></span> <span class='ocrx_word' id='word_1_34' title='bbox 861 704 918 766; x_wconf 87' lang='lat' dir='ltr'>luit</span> <span class='ocrx_word' id='word_1_35' title='bbox 939 705 1043 780; x_wconf 85' lang='lat' dir='ltr'>Filius,</span> <span class='ocrx_word' id='word_1_36' title='bbox 1065 725 1122 768; x_wconf 89' lang='lat' dir='ltr'>uec</span> <span class='ocrx_word' id='word_1_37' title='bbox 1143 707 1224 770; x_wconf 87' lang='lat' dir='ltr'>enirn</span> <span class='ocrx_word' id='word_1_38' title='bbox 1245 707 1301 770; x_wconf 85' lang='lat' dir='ltr'>luit</span> 
     </span>
     <span class='ocr_line' id='line_1_5' title="bbox 87 805 1300 888; baseline 0.007 -24"><span class='ocrx_word' id='word_1_39' title='bbox 87 813 251 884; x_wconf 86' lang='lat' dir='ltr'>„auteqcam</span> <span class='ocrx_word' id='word_1_40' title='bbox 274 814 361 868; x_wconf 80' lang='lat' dir='ltr'>nutus</span> <span class='ocrx_word' id='word_1_41' title='bbox 384 814 441 868; x_wconf 87' lang='lat' dir='ltr'>est.</span> <span class='ocrx_word' id='word_1_42' title='bbox 485 805 552 868; x_wconf 87' lang='lat' dir='ltr'>Non</span> <span class='ocrx_word' id='word_1_43' title='bbox 575 815 622 868; x_wconf 87' lang='lat' dir='ltr'>est</span> <span class='ocrx_word' id='word_1_44' title='bbox 645 827 680 869; x_wconf 83' lang='lat' dir='ltr'>ex</span> <span class='ocrx_word' id='word_1_45' title='bbox 702 806 805 880; x_wconf 87' lang='lat' dir='ltr'>Patre,</span> <span class='ocrx_word' id='word_1_46' title='bbox 834 807 888 869; x_wconf 79' lang='lat' dir='ltr'>secl</span> <span class='ocrx_word' id='word_1_47' title='bbox 915 807 979 887; x_wconf 85' lang='lat' dir='ltr'>ipse</span> <span class='ocrx_word' id='word_1_48' title='bbox 1007 826 1126 888; x_wconf 87' lang='lat' dir='ltr'>quoquc</span> <span class='ocrx_word' id='word_1_49' title='bbox 1148 827 1182 872; x_wconf 82' lang='grc' dir='ltr'>ει</span> <span class='ocrx_word' id='word_1_50' title='bbox 1203 809 1300 872; x_wconf 84' lang='lat' dir='ltr'><strong>nihilo</strong></span> 
     </span>
     <span class='ocr_line' id='line_1_6' title="bbox 86 906 1298 989; baseline 0.007 -23"><span class='ocrx_word' id='word_1_51' title='bbox 86 906 220 980; x_wconf 76' lang='lat' dir='ltr'>„essunt</span> <span class='ocrx_word' id='word_1_52' title='bbox 263 907 331 970; x_wconf 83' lang='lat' dir='ltr'>lion</span> <span class='ocrx_word' id='word_1_53' title='bbox 354 907 494 989; x_wconf 84' lang='lat' dir='ltr'>proprius</span> <span class='ocrx_word' id='word_1_54' title='bbox 517 917 564 972; x_wconf 86' lang='grc' dir='ltr'>εει</span> <span class='ocrx_word' id='word_1_55' title='bbox 584 918 706 970; x_wconf 87' lang='lat' dir='ltr'>naturae</span> <span class='ocrx_word' id='word_1_56' title='bbox 727 909 836 980; x_wconf 87' lang='lat' dir='ltr'>Patris,</span> <span class='ocrx_word' id='word_1_57' title='bbox 859 927 927 970; x_wconf 86' lang='lat' dir='ltr'>uam</span> <span class='ocrx_word' id='word_1_58' title='bbox 950 919 981 970; x_wconf 90' lang='lat' dir='ltr'>et</span> <span class='ocrx_word' id='word_1_59' title='bbox 1002 917 1118 972; x_wconf 82' lang='lat' dir='ltr'>meatus</span> <span class='ocrx_word' id='word_1_60' title='bbox 1134 919 1181 972; x_wconf 88' lang='grc' dir='ltr'>εει</span> <span class='ocrx_word' id='word_1_61' title='bbox 1202 919 1233 974; x_wconf 88' lang='grc' dir='ltr'>ει</span> <span class='ocrx_word' id='word_1_62' title='bbox 1253 912 1298 974; x_wconf 87' lang='lat' dir='ltr'>le-</span> 
     </span>
     <span class='ocr_line' id='line_1_7' title="bbox 87 1008 1299 1093; baseline 0.004 -23"><span class='ocrx_word' id='word_1_63' title='bbox 87 1018 174 1080; x_wconf 78' lang='lat' dir='ltr'>„etue</span> <span class='ocrx_word' id='word_1_64' title='bbox 216 1008 353 1072; x_wconf 84' lang='lat' dir='ltr'>Christus</span> <span class='ocrx_word' id='word_1_65' title='bbox 376 1027 436 1071; x_wconf 87' lang='lat' dir='ltr'>nou</span> <span class='ocrx_word' id='word_1_66' title='bbox 461 1019 507 1072; x_wconf 90' lang='lat' dir='ltr'>est</span> <span class='ocrx_word' id='word_1_67' title='bbox 528 1029 617 1073; x_wconf 84' lang='lat' dir='ltr'>verns</span> <span class='ocrx_word' id='word_1_68' title='bbox 638 1011 734 1084; x_wconf 82' lang='lat' dir='ltr'>Deus,</span> <span class='ocrx_word' id='word_1_69' title='bbox 763 1010 816 1072; x_wconf 77' lang='grc' dir='ltr'>εει</span> <span class='ocrx_word' id='word_1_70' title='bbox 831 1009 903 1090; x_wconf 89' lang='lat' dir='ltr'>ipse</span> <span class='ocrx_word' id='word_1_71' title='bbox 925 1009 1013 1072; x_wconf 86' lang='lat' dir='ltr'>etiarn</span> <span class='ocrx_word' id='word_1_72' title='bbox 1035 1011 1155 1072; x_wconf 89' lang='lat' dir='ltr'>nonnisi</span> <span class='ocrx_word' id='word_1_73' title='bbox 1176 1012 1299 1093; x_wconf 84' lang='lat' dir='ltr'>pertici·</span> 
     </span>
     <span class='ocr_line' id='line_1_8' title="bbox 86 1093 1300 1206; baseline 0.004 -36"><span class='ocrx_word' id='word_1_74' title='bbox 86 1109 215 1187; x_wconf 77' lang='lat' dir='ltr'>„panone</span> <span class='ocrx_word' id='word_1_75' title='bbox 235 1109 317 1172; x_wconf 87' lang='lat' dir='ltr'>Deus</span> <span class='ocrx_word' id='word_1_76' title='bbox 345 1112 467 1174; x_wconf 80' lang='lat' dir='ltr'>elieotae</span> <span class='ocrx_word' id='word_1_77' title='bbox 496 1121 552 1174; x_wconf 85' lang='grc' dir='ltr'>εει</span> <span class='ocrx_word' id='word_1_78' title='bbox 595 1112 689 1174; x_wconf 82' lang='lat' dir='ltr'>Filius</span> <span class='ocrx_word' id='word_1_79' title='bbox 718 1113 837 1174; x_wconf 87' lang='lat' dir='ltr'>Patrem</span> <span class='ocrx_word' id='word_1_80' title='bbox 860 1093 928 1174; x_wconf 80' lang='lat' dir='ltr'>¹non</span> <span class='ocrx_word' id='word_1_81' title='bbox 955 1111 1039 1174; x_wconf 84' lang='lat' dir='ltr'>norit</span> <span class='ocrx_word' id='word_1_82' title='bbox 1065 1121 1216 1206; x_wconf 77' lang='lat' dir='ltr'>qceurate,</span> <span class='ocrx_word' id='word_1_83' title='bbox 1243 1131 1300 1176; x_wconf 89' lang='lat' dir='ltr'>nec</span> 
     </span>
     <span class='ocr_line' id='line_1_9' title="bbox 84 1209 1300 1292; baseline 0.005 -22"><span class='ocrx_word' id='word_1_84' title='bbox 84 1255 100 1282; x_wconf 92' lang='lat'><strong>„</strong></span> <span class='ocrx_word' id='word_1_85' title='bbox 108 1209 224 1272; x_wconf 77' lang='lat' dir='ltr'>Verbum</span> <span class='ocrx_word' id='word_1_86' title='bbox 245 1213 378 1292; x_wconf 82' lang='lat' dir='ltr'>perlecto</span> <span class='ocrx_word' id='word_1_87' title='bbox 398 1212 516 1276; x_wconf 84' lang='lat' dir='ltr'>Patrem</span> <span class='ocrx_word' id='word_1_88' title='bbox 539 1212 636 1285; x_wconf 63' lang='lat' dir='ltr'>virleu</span> <span class='ocrx_word' id='word_1_89' title='bbox 658 1233 714 1276; x_wconf 87' lang='lat' dir='ltr'>nec</span> <span class='ocrx_word' id='word_1_90' title='bbox 735 1213 806 1274; x_wconf 91' lang='lat' dir='ltr'>item</span> <span class='ocrx_word' id='word_1_91' title='bbox 828 1232 931 1276; x_wconf 86' lang='lat' dir='ltr'>rerum</span> <span class='ocrx_word' id='word_1_92' title='bbox 954 1221 985 1274; x_wconf 93' lang='lat' dir='ltr'>et</span> <span class='ocrx_word' id='word_1_93' title='bbox 1005 1213 1125 1276; x_wconf 89' lang='lat' dir='ltr'>unicum</span> <span class='ocrx_word' id='word_1_94' title='bbox 1142 1214 1300 1276; x_wconf 83' lang='lat' dir='ltr'>estPatris</span> 
     </span>
     <span class='ocr_line' id='line_1_10' title="bbox 84 1311 1300 1395; baseline -0.002 -15"><span class='ocrx_word' id='word_1_95' title='bbox 84 1355 100 1382; x_wconf 61' lang='lat' dir='ltr'>a</span> <span class='ocrx_word' id='word_1_96' title='bbox 108 1311 239 1387; x_wconf 77' lang='lat' dir='ltr'>Verbum,</span> <span class='ocrx_word' id='word_1_97' title='bbox 263 1314 317 1376; x_wconf 78' lang='grc' dir='ltr'>εει</span> <span class='ocrx_word' id='word_1_98' title='bbox 339 1314 405 1376; x_wconf 88' lang='lat' dir='ltr'>solo</span> <span class='ocrx_word' id='word_1_99' title='bbox 427 1315 550 1377; x_wconf 90' lang='lat' dir='ltr'>nomine</span> <span class='ocrx_word' id='word_1_100' title='bbox 571 1315 699 1378; x_wconf 85' lang='lat' dir='ltr'>Verbum</span> <span class='ocrx_word' id='word_1_101' title='bbox 722 1315 830 1378; x_wconf 86' lang='lat' dir='ltr'>dieitur</span> <span class='ocrx_word' id='word_1_102' title='bbox 852 1325 882 1376; x_wconf 91' lang='grc' dir='ltr'>ει</span> <span class='ocrx_word' id='word_1_103' title='bbox 904 1315 1070 1395; x_wconf 78' lang='lat' dir='ltr'>Sapientia,</span> <span class='ocrx_word' id='word_1_104' title='bbox 1093 1316 1186 1395; x_wconf 80' lang='lat' dir='ltr'>gratia</span> <span class='ocrx_word' id='word_1_105' title='bbox 1207 1313 1300 1378; x_wconf 83' lang='lat' dir='ltr'>Filius</span> 
     </span>
     <span class='ocr_line' id='line_1_11' title="bbox 82 1412 1299 1496; baseline 0.004 -23"><span class='ocrx_word' id='word_1_106' title='bbox 82 1421 131 1484; x_wconf 90' lang='lat' dir='ltr'>„et</span> <span class='ocrx_word' id='word_1_107' title='bbox 149 1412 238 1478; x_wconf 81' lang='lat' dir='ltr'>virtus</span> <span class='ocrx_word' id='word_1_108' title='bbox 261 1417 436 1496; x_wconf 87' lang='lat' dir='ltr'>appellatur.</span> <span class='ocrx_word' id='word_1_109' title='bbox 480 1417 547 1478; x_wconf 91' lang='lat' dir='ltr'>Nou</span> <span class='ocrx_word' id='word_1_110' title='bbox 570 1425 616 1478; x_wconf 89' lang='lat' dir='ltr'>est</span> <span class='ocrx_word' id='word_1_111' title='bbox 638 1416 829 1478; x_wconf 89' lang='lat' dir='ltr'>immutabilis</span> <span class='ocrx_word' id='word_1_112' title='bbox 852 1425 885 1480; x_wconf 92' lang='lat' dir='ltr'>ut</span> <span class='ocrx_word' id='word_1_113' title='bbox 906 1416 1004 1488; x_wconf 85' lang='lat' dir='ltr'>Peter,</span> <span class='ocrx_word' id='word_1_114' title='bbox 1026 1415 1080 1480; x_wconf 70' lang='lat' dir='ltr'>seul</span> <span class='ocrx_word' id='word_1_115' title='bbox 1103 1420 1210 1480; x_wconf 81' lang='lat' dir='ltr'>natura</span> <span class='ocrx_word' id='word_1_116' title='bbox 1230 1435 1299 1479; x_wconf 93' lang='lat' dir='ltr'>mu-</span> 
     </span>
     <span class='ocr_line' id='line_1_12' title="bbox 82 1513 1299 1600; baseline 0.005 -26"><span class='ocrx_word' id='word_1_117' title='bbox 82 1513 191 1600; x_wconf 72' lang='lat' dir='ltr'>,uuus</span> <span class='ocrx_word' id='word_1_118' title='bbox 212 1527 261 1581; x_wconf 87' lang='grc' dir='ltr'>εει</span> <span class='ocrx_word' id='word_1_119' title='bbox 283 1518 370 1581; x_wconf 86' lang='lat' dir='ltr'>sicuti</span> <span class='ocrx_word' id='word_1_120' title='bbox 393 1537 441 1580; x_wconf 89' lang='lat' dir='ltr'>res</span> <span class='ocrx_word' id='word_1_121' title='bbox 465 1528 599 1590; x_wconf 77' lang='lat' dir='ltr'>creatae,</span> <span class='ocrx_word' id='word_1_122' title='bbox 622 1519 739 1599; x_wconf 80' lang='lat' dir='ltr'>ipsique</span> <span class='ocrx_word' id='word_1_123' title='bbox 761 1519 866 1593; x_wconf 87' lang='lat' dir='ltr'>deest,</span> <span class='ocrx_word' id='word_1_124' title='bbox 890 1519 969 1598; x_wconf 86' lang='lat' dir='ltr'>quod</span> <span class='ocrx_word' id='word_1_125' title='bbox 987 1519 1028 1582; x_wconf 77' lang='lat' dir='ltr'>ed</span> <span class='ocrx_word' id='word_1_126' title='bbox 1051 1518 1299 1600; x_wconf 88' lang='lat' dir='ltr'>comprehensio-</span> 
     </span>
     <span class='ocr_line' id='line_1_13' title="bbox 80 1619 1298 1701; baseline 0.005 -24"><span class='ocrx_word' id='word_1_127' title='bbox 80 1635 163 1688; x_wconf 89' lang='lat' dir='ltr'>,‚uem</span> <span class='ocrx_word' id='word_1_128' title='bbox 190 1629 219 1681; x_wconf 91' lang='lat' dir='ltr'>ct</span> <span class='ocrx_word' id='word_1_129' title='bbox 243 1623 406 1701; x_wconf 72' lang='lat' dir='ltr'>perfectam</span> <span class='ocrx_word' id='word_1_130' title='bbox 429 1621 525 1683; x_wconf 87' lang='lat' dir='ltr'>Patris</span> <span class='ocrx_word' id='word_1_131' title='bbox 554 1621 754 1700; x_wconf 81' lang='lat' dir='ltr'>cognitionem</span> <span class='ocrx_word' id='word_1_132' title='bbox 777 1619 990 1700; x_wconf 78' lang='lat' dir='ltr'>requirituri“</span> <span class='ocrx_word' id='word_1_133' title='bbox 1034 1619 1106 1682; x_wconf 85' lang='lat' dir='ltr'>llira</span> <span class='ocrx_word' id='word_1_134' title='bbox 1130 1637 1203 1682; x_wconf 88' lang='lat' dir='ltr'>sene</span> <span class='ocrx_word' id='word_1_135' title='bbox 1224 1619 1298 1684; x_wconf 81' lang='lat' dir='ltr'>bae·</span> 
     </span>
     <span class='ocr_line' id='line_1_14' title="bbox 81 1707 1299 1801; baseline 0.006 -24"><span class='ocrx_word' id='word_1_136' title='bbox 81 1718 155 1794; x_wconf 85' lang='lat' dir='ltr'>rosis,</span> <span class='ocrx_word' id='word_1_137' title='bbox 176 1741 251 1800; x_wconf 87' lang='lat' dir='ltr'>quae</span> <span class='ocrx_word' id='word_1_138' title='bbox 274 1707 347 1784; x_wconf 90' lang='lat' dir='ltr'>nibil</span> <span class='ocrx_word' id='word_1_139' title='bbox 370 1722 503 1785; x_wconf 89' lang='lat' dir='ltr'>continet</span> <span class='ocrx_word' id='word_1_140' title='bbox 524 1721 674 1794; x_wconf 80' lang='lat' dir='ltr'>credibile,</span> <span class='ocrx_word' id='word_1_141' title='bbox 698 1721 751 1784; x_wconf 90' lang='lat' dir='ltr'>sed</span> <span class='ocrx_word' id='word_1_142' title='bbox 774 1741 852 1795; x_wconf 89' lang='lat' dir='ltr'>eum,</span> <span class='ocrx_word' id='word_1_143' title='bbox 875 1722 925 1801; x_wconf 93' lang='lat' dir='ltr'>qui</span> <span class='ocrx_word' id='word_1_144' title='bbox 948 1730 1004 1794; x_wconf 90' lang='lat' dir='ltr'>est,</span> <span class='ocrx_word' id='word_1_145' title='bbox 1031 1740 1092 1782; x_wconf 91' lang='lat' dir='ltr'>non</span> <span class='ocrx_word' id='word_1_146' title='bbox 1116 1740 1185 1784; x_wconf 87' lang='lat' dir='ltr'>esse</span> <span class='ocrx_word' id='word_1_147' title='bbox 1205 1721 1299 1801; x_wconf 76' lang='lat' dir='ltr'>fingit,</span> 
     </span>
     <span class='ocr_line' id='line_1_15' title="bbox 79 1820 1299 1904; baseline 0 -20"><span class='ocrx_word' id='word_1_148' title='bbox 79 1831 268 1903; x_wconf 83' lang='lat' dir='ltr'>perpetuoque</span> <span class='ocrx_word' id='word_1_149' title='bbox 297 1841 352 1902; x_wconf 93' lang='lat' dir='ltr'>pro</span> <span class='ocrx_word' id='word_1_150' title='bbox 381 1821 517 1886; x_wconf 86' lang='lat' dir='ltr'>laudibus</span> <span class='ocrx_word' id='word_1_151' title='bbox 547 1825 662 1904; x_wconf 80' lang='lat' dir='ltr'>proicit</span> <span class='ocrx_word' id='word_1_152' title='bbox 690 1821 854 1884; x_wconf 87' lang='lat' dir='ltr'>maledicta.</span> <span class='ocrx_word' id='word_1_153' title='bbox 905 1821 938 1884; x_wconf 87' lang='lat' dir='ltr'>Si</span> <span class='ocrx_word' id='word_1_154' title='bbox 965 1820 1031 1901; x_wconf 84' lang='lat' dir='ltr'>quis</span> <span class='ocrx_word' id='word_1_155' title='bbox 1058 1821 1148 1902; x_wconf 76' lang='lat' dir='ltr'>igitur</span> <span class='ocrx_word' id='word_1_156' title='bbox 1176 1831 1299 1901; x_wconf 80' lang='lat' dir='ltr'>utruque</span> 
     </span>
     <span class='ocr_line' id='line_1_16' title="bbox 80 1921 1299 2012; baseline 0.003 -32"><span class='ocrx_word' id='word_1_157' title='bbox 80 1923 229 1986; x_wconf 81' lang='lat' dir='ltr'>examinata</span> <span class='ocrx_word' id='word_1_158' title='bbox 251 1923 403 1986; x_wconf 87' lang='lat' dir='ltr'>sententie</span> <span class='ocrx_word' id='word_1_159' title='bbox 425 1933 558 2004; x_wconf 75' lang='lat' dir='ltr'>rogetur,</span> <span class='ocrx_word' id='word_1_160' title='bbox 580 1943 725 2012; x_wconf 85' lang='lat' dir='ltr'>quueuam</span> <span class='ocrx_word' id='word_1_161' title='bbox 751 1925 825 2002; x_wconf 75' lang='lat' dir='ltr'>lidos</span> <span class='ocrx_word' id='word_1_162' title='bbox 849 1921 906 1984; x_wconf 90' lang='lat' dir='ltr'>sibi</span> <span class='ocrx_word' id='word_1_163' title='bbox 929 1922 1064 1986; x_wconf 85' lang='lat' dir='ltr'>rideatur</span> <span class='ocrx_word' id='word_1_164' title='bbox 1085 1923 1230 2004; x_wconf 69' lang='lat' dir='ltr'>eligenda,</span> <span class='ocrx_word' id='word_1_165' title='bbox 1252 1924 1299 1985; x_wconf 88' lang='lat' dir='ltr'>rel</span> 
     </span>
     <span class='ocr_line' id='line_1_17' title="bbox 81 2022 1297 2106; baseline 0.005 -24"><span class='ocrx_word' id='word_1_166' title='bbox 81 2022 219 2088; x_wconf 79' lang='lat' dir='ltr'>quosnam</span> <span class='ocrx_word' id='word_1_167' title='bbox 239 2045 333 2090; x_wconf 77' lang='lat' dir='ltr'>voces</span> <span class='ocrx_word' id='word_1_168' title='bbox 355 2027 417 2090; x_wconf 82' lang='lat' dir='ltr'>neo</span> <span class='ocrx_word' id='word_1_169' title='bbox 441 2027 535 2106; x_wconf 77' lang='lat' dir='ltr'>magis</span> <span class='ocrx_word' id='word_1_170' title='bbox 558 2026 716 2088; x_wconf 82' lang='lat' dir='ltr'>convenire</span> <span class='ocrx_word' id='word_1_171' title='bbox 739 2025 909 2098; x_wconf 76' lang='lat' dir='ltr'>arbitretur,</span> <span class='ocrx_word' id='word_1_172' title='bbox 933 2026 994 2087; x_wconf 92' lang='lat' dir='ltr'>imo</span> <span class='ocrx_word' id='word_1_173' title='bbox 1016 2045 1088 2088; x_wconf 88' lang='lat' dir='ltr'>rero</span> <span class='ocrx_word' id='word_1_174' title='bbox 1104 2025 1223 2106; x_wconf 79' lang='lat' dir='ltr'>eclipsi</span> <span class='ocrx_word' id='word_1_175' title='bbox 1238 2025 1297 2088; x_wconf 91' lang='lat' dir='ltr'>im·</span> 
     </span>
     <span class='ocr_line' id='line_1_18' title="bbox 79 2123 1297 2208; baseline 0.008 -25"><span class='ocrx_word' id='word_1_176' title='bbox 79 2123 183 2202; x_wconf 84' lang='lat' dir='ltr'>pietatis</span> <span class='ocrx_word' id='word_1_177' title='bbox 210 2137 420 2192; x_wconf 76' lang='lat' dir='ltr'>assentatores</span> <span class='ocrx_word' id='word_1_178' title='bbox 450 2128 564 2202; x_wconf 84' lang='lat' dir='ltr'>dicant,</span> <span class='ocrx_word' id='word_1_179' title='bbox 597 2128 667 2208; x_wconf 87' lang='lat' dir='ltr'>quid</span> <span class='ocrx_word' id='word_1_180' title='bbox 695 2128 733 2189; x_wconf 84' lang='lat' dir='ltr'>rle</span> <span class='ocrx_word' id='word_1_181' title='bbox 761 2127 823 2190; x_wconf 86' lang='lat' dir='ltr'>lleo</span> <span class='ocrx_word' id='word_1_182' title='bbox 852 2132 932 2200; x_wconf 87' lang='lat' dir='ltr'>(nam</span> <span class='ocrx_word' id='word_1_183' title='bbox 953 2127 1036 2190; x_wconf 78' lang='lat' dir='ltr'>Deus</span> <span class='ocrx_word' id='word_1_184' title='bbox 1065 2141 1134 2192; x_wconf 84' lang='lat' dir='ltr'>erat</span> <span class='ocrx_word' id='word_1_185' title='bbox 1159 2127 1297 2204; x_wconf 78' lang='lat' dir='ltr'>Verbum)</span> 
     </span>
     <span class='ocr_line' id='line_1_19' title="bbox 79 2228 1297 2310; baseline 0.004 -23"><span class='ocrx_word' id='word_1_186' title='bbox 79 2229 229 2308; x_wconf 84' lang='lat' dir='ltr'>quempiam</span> <span class='ocrx_word' id='word_1_187' title='bbox 253 2230 469 2310; x_wconf 75' lang='lat' dir='ltr'>interrogatum</span> <span class='ocrx_word' id='word_1_188' title='bbox 492 2230 595 2292; x_wconf 84' lang='lat' dir='ltr'>deccat</span> <span class='ocrx_word' id='word_1_189' title='bbox 616 2229 809 2309; x_wconf 83' lang='lat' dir='ltr'>respondere.</span> <span class='ocrx_word' id='word_1_190' title='bbox 852 2230 925 2291; x_wconf 89' lang='lat' dir='ltr'>lude</span> <span class='ocrx_word' id='word_1_191' title='bbox 940 2229 1020 2292; x_wconf 90' lang='lat' dir='ltr'>enim</span> <span class='ocrx_word' id='word_1_192' title='bbox 1043 2228 1191 2292; x_wconf 87' lang='lat' dir='ltr'>sententia</span> <span class='ocrx_word' id='word_1_193' title='bbox 1212 2237 1297 2292; x_wconf 85' lang='lat' dir='ltr'>utre-</span> 
     </span>
     <span class='ocr_line' id='line_1_20' title="bbox 79 2330 1300 2412; baseline 0.002 -22"><span class='ocrx_word' id='word_1_194' title='bbox 79 2347 127 2407; x_wconf 85' lang='lat' dir='ltr'>que</span> <span class='ocrx_word' id='word_1_195' title='bbox 145 2332 301 2412; x_wconf 87' lang='lat' dir='ltr'>proposita</span> <span class='ocrx_word' id='word_1_196' title='bbox 334 2332 456 2394; x_wconf 88' lang='lat' dir='ltr'>omnino</span> <span class='ocrx_word' id='word_1_197' title='bbox 486 2331 650 2406; x_wconf 81' lang='lat' dir='ltr'>constabit,</span> <span class='ocrx_word' id='word_1_198' title='bbox 680 2331 751 2412; x_wconf 90' lang='lat' dir='ltr'>quid</span> <span class='ocrx_word' id='word_1_199' title='bbox 780 2331 965 2410; x_wconf 86' lang='lat' dir='ltr'>respondere</span> <span class='ocrx_word' id='word_1_200' title='bbox 993 2330 1163 2405; x_wconf 75' lang='lat' dir='ltr'>conveniat3</span> <span class='ocrx_word' id='word_1_201' title='bbox 1191 2347 1300 2410; x_wconf 81' lang='lat' dir='ltr'>nempe</span> 
     </span>
     <span class='ocr_line' id='line_1_21' title="bbox 80 2431 1301 2513; baseline 0.003 -25"><span class='ocrx_word' id='word_1_202' title='bbox 80 2433 209 2494; x_wconf 78' lang='lat' dir='ltr'>eratrel*</span> <span class='ocrx_word' id='word_1_203' title='bbox 231 2451 296 2496; x_wconf 90' lang='lat' dir='ltr'>uon</span> <span class='ocrx_word' id='word_1_204' title='bbox 320 2441 393 2506; x_wconf 87' lang='lat' dir='ltr'>eret,</span> <span class='ocrx_word' id='word_1_205' title='bbox 416 2451 536 2512; x_wconf 89' lang='lat' dir='ltr'>semper</span> <span class='ocrx_word' id='word_1_206' title='bbox 557 2431 602 2493; x_wconf 89' lang='lat' dir='ltr'>rel</span> <span class='ocrx_word' id='word_1_207' title='bbox 625 2443 782 2513; x_wconf 88' lang='lat' dir='ltr'>antequam</span> <span class='ocrx_word' id='word_1_208' title='bbox 804 2440 890 2494; x_wconf 84' lang='lat' dir='ltr'>natas</span> <span class='ocrx_word' id='word_1_209' title='bbox 914 2439 970 2504; x_wconf 90' lang='lat' dir='ltr'>est,</span> <span class='ocrx_word' id='word_1_210' title='bbox 994 2439 1146 2496; x_wconf 82' lang='lat' dir='ltr'>ueternum</span> <span class='ocrx_word' id='word_1_211' title='bbox 1170 2451 1239 2494; x_wconf 88' lang='lat' dir='ltr'>csse</span> <span class='ocrx_word' id='word_1_212' title='bbox 1254 2431 1301 2494; x_wconf 88' lang='lat' dir='ltr'>vel</span> 
     </span>
     <span class='ocr_line' id='line_1_22' title="bbox 78 2532 1299 2615; baseline 0.002 -24"><span class='ocrx_word' id='word_1_213' title='bbox 78 2549 161 2611; x_wconf 85' lang='lat' dir='ltr'>equo</span> <span class='ocrx_word' id='word_1_214' title='bbox 182 2543 212 2596; x_wconf 90' lang='lat' dir='ltr'>et</span> <span class='ocrx_word' id='word_1_215' title='bbox 233 2555 271 2598; x_wconf 83' lang='lat' dir='ltr'>ex</span> <span class='ocrx_word' id='word_1_216' title='bbox 295 2553 371 2615; x_wconf 91' lang='lat' dir='ltr'>quo,</span> <span class='ocrx_word' id='word_1_217' title='bbox 399 2553 502 2596; x_wconf 82' lang='lat' dir='ltr'>rerum</span> <span class='ocrx_word' id='word_1_218' title='bbox 525 2553 595 2596; x_wconf 86' lang='lat' dir='ltr'>esse</span> <span class='ocrx_word' id='word_1_219' title='bbox 616 2535 662 2596; x_wconf 85' lang='lat' dir='ltr'>rel</span> <span class='ocrx_word' id='word_1_220' title='bbox 684 2533 860 2613; x_wconf 88' lang='lat' dir='ltr'>adoptione,</span> <span class='ocrx_word' id='word_1_221' title='bbox 889 2532 1114 2613; x_wconf 81' lang='lat' dir='ltr'>participatione</span> <span class='ocrx_word' id='word_1_222' title='bbox 1136 2542 1167 2595; x_wconf 90' lang='grc' dir='ltr'>ει</span> <span class='ocrx_word' id='word_1_223' title='bbox 1188 2551 1299 2596; x_wconf 85' lang='lat' dir='ltr'>secun-</span> 
     </span>
     <span class='ocr_line' id='line_1_23' title="bbox 78 2632 1299 2716; baseline 0.001 -23"><span class='ocrx_word' id='word_1_224' title='bbox 78 2633 137 2696; x_wconf 82' lang='lat' dir='ltr'>dum</span> <span class='ocrx_word' id='word_1_225' title='bbox 156 2636 389 2716; x_wconf 80' lang='lat' dir='ltr'>cogitationem,</span> <span class='ocrx_word' id='word_1_226' title='bbox 412 2655 503 2698; x_wconf 90' lang='lat' dir='ltr'>unum</span> <span class='ocrx_word' id='word_1_227' title='bbox 525 2655 593 2698; x_wconf 88' lang='lat' dir='ltr'>enm</span> <span class='ocrx_word' id='word_1_228' title='bbox 615 2653 651 2698; x_wconf 82' lang='lat' dir='ltr'>ex</span> <span class='ocrx_word' id='word_1_229' title='bbox 673 2636 756 2697; x_wconf 89' lang='lat' dir='ltr'>lactis</span> <span class='ocrx_word' id='word_1_230' title='bbox 779 2633 869 2695; x_wconf 85' lang='lat' dir='ltr'>rebus</span> <span class='ocrx_word' id='word_1_231' title='bbox 892 2632 1049 2694; x_wconf 88' lang='lat' dir='ltr'>dicendum</span> <span class='ocrx_word' id='word_1_232' title='bbox 1072 2651 1142 2694; x_wconf 88' lang='lat' dir='ltr'>esse</span> <span class='ocrx_word' id='word_1_233' title='bbox 1163 2632 1209 2694; x_wconf 85' lang='lat' dir='ltr'>vel</span> <span class='ocrx_word' id='word_1_234' title='bbox 1232 2651 1299 2694; x_wconf 87' lang='lat' dir='ltr'>cum</span> 
     </span>
     <span class='ocr_line' id='line_1_24' title="bbox 78 2731 1299 2818; baseline -0.002 -22"><span class='ocrx_word' id='word_1_235' title='bbox 78 2735 153 2800; x_wconf 77' lang='lat' dir='ltr'>Patre</span> <span class='ocrx_word' id='word_1_236' title='bbox 173 2738 434 2818; x_wconf 79' lang='lat' dir='ltr'>coniungendam,</span> <span class='ocrx_word' id='word_1_237' title='bbox 462 2739 561 2818; x_wconf 87' lang='lat' dir='ltr'>ipsum</span> <span class='ocrx_word' id='word_1_238' title='bbox 583 2737 663 2798; x_wconf 88' lang='lat' dir='ltr'>Patri</span> <span class='ocrx_word' id='word_1_239' title='bbox 686 2736 850 2798; x_wconf 84' lang='lat' dir='ltr'>secundum</span> <span class='ocrx_word' id='word_1_240' title='bbox 872 2743 1007 2796; x_wconf 77' lang='lat' dir='ltr'>naturam</span> <span class='ocrx_word' id='word_1_241' title='bbox 1030 2751 1099 2794; x_wconf 86' lang='lat' dir='ltr'>esse</span> <span class='ocrx_word' id='word_1_242' title='bbox 1122 2731 1299 2794; x_wconf 86' lang='lat' dir='ltr'>dissimilem</span> 
     </span>
     <span class='ocr_line' id='line_1_25' title="bbox 78 2833 1300 2920; baseline 0.001 -25"><span class='ocrx_word' id='word_1_243' title='bbox 78 2838 115 2898; x_wconf 84' lang='lat' dir='ltr'>rel</span> <span class='ocrx_word' id='word_1_244' title='bbox 134 2840 227 2902; x_wconf 85' lang='lat' dir='ltr'>Patris</span> <span class='ocrx_word' id='word_1_245' title='bbox 250 2840 382 2904; x_wconf 89' lang='lat' dir='ltr'>similem</span> <span class='ocrx_word' id='word_1_246' title='bbox 405 2849 437 2901; x_wconf 88' lang='lat' dir='ltr'>et</span> <span class='ocrx_word' id='word_1_247' title='bbox 457 2840 613 2920; x_wconf 91' lang='lat' dir='ltr'>proprium</span> <span class='ocrx_word' id='word_1_248' title='bbox 636 2857 716 2910; x_wconf 88' lang='lat' dir='ltr'>esse,</span> <span class='ocrx_word' id='word_1_249' title='bbox 740 2855 803 2900; x_wconf 87' lang='lat' dir='ltr'>rem</span> <span class='ocrx_word' id='word_1_250' title='bbox 826 2844 954 2898; x_wconf 87' lang='lat' dir='ltr'>creatam</span> <span class='ocrx_word' id='word_1_251' title='bbox 977 2853 1046 2896; x_wconf 88' lang='lat' dir='ltr'>esse</span> <span class='ocrx_word' id='word_1_252' title='bbox 1067 2833 1114 2896; x_wconf 91' lang='lat' dir='ltr'>rel</span> <span class='ocrx_word' id='word_1_253' title='bbox 1133 2833 1300 2914; x_wconf 89' lang='lat' dir='ltr'>peripsum</span> 
     </span>
     <span class='ocr_line' id='line_1_26' title="bbox 77 2935 1299 3015; baseline -0.002 -14"><span class='ocrx_word' id='word_1_254' title='bbox 77 2955 119 3001; x_wconf 86' lang='lat' dir='ltr'>res</span> <span class='ocrx_word' id='word_1_255' title='bbox 137 2951 250 3006; x_wconf 78' lang='lat' dir='ltr'>mentes</span> <span class='ocrx_word' id='word_1_256' title='bbox 273 2943 367 3004; x_wconf 86' lang='lat' dir='ltr'>lactes</span> <span class='ocrx_word' id='word_1_257' title='bbox 389 2941 499 3015; x_wconf 87' lang='lat' dir='ltr'>inisse,</span> <span class='ocrx_word' id='word_1_258' title='bbox 528 2961 596 3003; x_wconf 89' lang='lat' dir='ltr'>eum</span> <span class='ocrx_word' id='word_1_259' title='bbox 624 2959 693 3002; x_wconf 88' lang='lat' dir='ltr'>esse</span> <span class='ocrx_word' id='word_1_260' title='bbox 720 2940 818 3001; x_wconf 84' lang='lat' dir='ltr'>Patris</span> <span class='ocrx_word' id='word_1_261' title='bbox 845 2937 973 3000; x_wconf 81' lang='lat' dir='ltr'>Verbum</span> <span class='ocrx_word' id='word_1_262' title='bbox 1000 2935 1046 2998; x_wconf 86' lang='lat' dir='ltr'>vel</span> <span class='ocrx_word' id='word_1_263' title='bbox 1074 2936 1202 2998; x_wconf 86' lang='lat' dir='ltr'>alterum</span> <span class='ocrx_word' id='word_1_264' title='bbox 1229 2954 1299 2998; x_wconf 87' lang='lat' dir='ltr'>esse</span> 
     </span>
     <span class='ocr_line' id='line_1_27' title="bbox 78 3037 1296 3123; baseline -0.004 -20"><span class='ocrx_word' id='word_1_265' title='bbox 78 3053 183 3117; x_wconf 80' lang='lat' dir='ltr'>preour</span> <span class='ocrx_word' id='word_1_266' title='bbox 202 3043 315 3115; x_wconf 85' lang='lat' dir='ltr'>istum,</span> <span class='ocrx_word' id='word_1_267' title='bbox 337 3043 496 3123; x_wconf 87' lang='lat' dir='ltr'>ipsumque</span> <span class='ocrx_word' id='word_1_268' title='bbox 517 3061 572 3122; x_wconf 87' lang='lat' dir='ltr'>per</span> <span class='ocrx_word' id='word_1_269' title='bbox 593 3042 663 3104; x_wconf 91' lang='lat' dir='ltr'>illud</span> <span class='ocrx_word' id='word_1_270' title='bbox 686 3041 766 3104; x_wconf 81' lang='lat' dir='ltr'>uliud</span> <span class='ocrx_word' id='word_1_271' title='bbox 789 3039 917 3102; x_wconf 81' lang='lat' dir='ltr'>Verbum</span> <span class='ocrx_word' id='word_1_272' title='bbox 938 3048 968 3100; x_wconf 92' lang='lat' dir='ltr'>et</span> <span class='ocrx_word' id='word_1_273' title='bbox 989 3056 1043 3118; x_wconf 92' lang='lat' dir='ltr'>per</span> <span class='ocrx_word' id='word_1_274' title='bbox 1065 3037 1152 3100; x_wconf 87' lang='lat' dir='ltr'>aliam</span> <span class='ocrx_word' id='word_1_275' title='bbox 1174 3037 1296 3118; x_wconf 81' lang='lat' dir='ltr'>sapien-</span> 
     </span>
     <span class='ocr_line' id='line_1_28' title="bbox 78 3138 1385 3223; baseline -0.005 -19"><span class='ocrx_word' id='word_1_276' title='bbox 78 3139 137 3204; x_wconf 79' lang='lat' dir='ltr'>llam</span> <span class='ocrx_word' id='word_1_277' title='bbox 157 3145 267 3208; x_wconf 86' lang='lat' dir='ltr'>iactum</span> <span class='ocrx_word' id='word_1_278' title='bbox 290 3163 378 3217; x_wconf 85' lang='lat' dir='ltr'>esse,</span> <span class='ocrx_word' id='word_1_279' title='bbox 401 3145 530 3207; x_wconf 85' lang='lat' dir='ltr'>eundem</span> <span class='ocrx_word' id='word_1_280' title='bbox 551 3145 678 3223; x_wconf 85' lang='lat' dir='ltr'>denique</span> <span class='ocrx_word' id='word_1_281' title='bbox 700 3143 819 3204; x_wconf 89' lang='lat' dir='ltr'>nomine</span> <span class='ocrx_word' id='word_1_282' title='bbox 842 3140 1045 3203; x_wconf 76' lang='lat' dir='ltr'>urrtnmmodo</span> <span class='ocrx_word' id='word_1_283' title='bbox 1068 3138 1248 3220; x_wconf 81' lang='lat' dir='ltr'>Sapientiam</span> <span class='ocrx_word' id='word_1_284' title='bbox 1269 3147 1385 3202; x_wconf 75' lang='lat' dir='ltr'>etrus</span> 
     </span>
     <span class='ocr_line' id='line_1_29' title="bbox 79 3241 1299 3328; baseline 0 -24"><span class='ocrx_word' id='word_1_285' title='bbox 79 3241 192 3308; x_wconf 80' lang='lat' dir='ltr'>Verbum</span> <span class='ocrx_word' id='word_1_286' title='bbox 214 3255 353 3310; x_wconf 83' lang='lat' dir='ltr'>ruentum</span> <span class='ocrx_word' id='word_1_287' title='bbox 368 3263 447 3320; x_wconf 87' lang='lat' dir='ltr'>esse,</span> <span class='ocrx_word' id='word_1_288' title='bbox 469 3245 605 3325; x_wconf 87' lang='lat' dir='ltr'>illiusque</span> <span class='ocrx_word' id='word_1_289' title='bbox 621 3245 783 3325; x_wconf 87' lang='lat' dir='ltr'>sapientiae</span> <span class='ocrx_word' id='word_1_290' title='bbox 797 3243 970 3328; x_wconf 81' lang='lat' dir='ltr'>participem</span> <span class='ocrx_word' id='word_1_291' title='bbox 986 3253 1014 3304; x_wconf 91' lang='grc' dir='ltr'>ει</span> <span class='ocrx_word' id='word_1_292' title='bbox 1029 3241 1193 3304; x_wconf 86' lang='lat' dir='ltr'>secundum</span> <span class='ocrx_word' id='word_1_293' title='bbox 1206 3241 1299 3304; x_wconf 83' lang='lat' dir='ltr'>luisse</span> 
     </span>
     <span class='ocr_line' id='line_1_30' title="bbox 78 3345 181 3408; baseline 0.039 -3"><span class='ocrx_word' id='word_1_294' title='bbox 78 3345 181 3408; x_wconf 82' lang='lat' dir='ltr'>bebrua.</span> 
     </span>
    </p>
   </div>
   <div class='ocr_carea' id='block_1_3' title="bbox 135 3693 1040 3767">
    <p class='ocr_par' dir='ltr' id='par_1_3' title="bbox 135 3693 1040 3767">
     <span class='ocr_line' id='line_1_31' title="bbox 135 3693 1040 3767; baseline -0.004 -15"><span class='ocrx_word' id='word_1_295' title='bbox 135 3695 238 3766; x_wconf 74' lang='lat' dir='ltr'>¹&#39;[lluie</span> <span class='ocrx_word' id='word_1_296' title='bbox 256 3702 295 3751; x_wconf 82' lang='lat' dir='ltr'>rel</span> <span class='ocrx_word' id='word_1_297' title='bbox 314 3703 401 3766; x_wconf 74' lang='lat' dir='ltr'>puriter</span> <span class='ocrx_word' id='word_1_298' title='bbox 419 3707 488 3766; x_wconf 83' lang='lat' dir='ltr'>etque</span> <span class='ocrx_word' id='word_1_299' title='bbox 507 3703 654 3766; x_wconf 77' lang='lat' dir='ltr'>sequentibus</span> <span class='ocrx_word' id='word_1_300' title='bbox 671 3702 813 3767; x_wconf 80' lang='lat' dir='ltr'>praestiterit</span> <span class='ocrx_word' id='word_1_301' title='bbox 832 3702 971 3750; x_wconf 77' lang='lat' dir='ltr'>substituere</span> <span class='ocrx_word' id='word_1_302' title='bbox 989 3693 1040 3764; x_wconf 84' lang='lat' dir='ltr'>an]</span> 
     </span>
    </p>
   </div>
   <div class='ocr_carea' id='block_1_4' title="bbox 78 3805 1295 4022">
    <p class='ocr_par' dir='ltr' id='par_1_4' title="bbox 78 3805 1295 4022">
     <span class='ocr_line' id='line_1_32' title="bbox 78 3805 1295 3915; baseline -0.007 -31"><span class='ocrx_word' id='word_1_303' title='bbox 78 3825 125 3898; x_wconf 68' lang='lat' dir='ltr'>riq</span> <span class='ocrx_word' id='word_1_304' title='bbox 140 3829 254 3888; x_wconf 65' lang='lat' dir='ltr'>scireut.</span> <span class='ocrx_word' id='word_1_305' title='bbox 284 3805 328 3888; x_wconf 73' lang='lat' dir='ltr'>itii</span> <span class='ocrx_word' id='word_1_306' title='bbox 347 3845 372 3914; x_wconf 78' lang='lat' dir='ltr'>et</span> <span class='ocrx_word' id='word_1_307' title='bbox 389 3836 445 3886; x_wconf 83' lang='lat' dir='ltr'>editi</span> <span class='ocrx_word' id='word_1_308' title='bbox 458 3825 512 3882; x_wconf 74' lang='lat' dir='ltr'>cirri</span> <span class='ocrx_word' id='word_1_309' title='bbox 526 3827 581 3914; x_wconf 66' lang='lat' dir='ltr'>reip</span> <span class='ocrx_word' id='word_1_310' title='bbox 594 3829 657 3912; x_wconf 67' lang='lat' dir='ltr'>rcri-</span> <span class='ocrx_word' id='word_1_311' title='bbox 707 3830 853 3915; x_wconf 49' lang='grc' dir='ltr'><strong>γενέσθαι,</strong></span> <span class='ocrx_word' id='word_1_312' title='bbox 890 3824 906 3894; x_wconf 80' lang='grc' dir='ltr'><em>ἢ</em></span> <span class='ocrx_word' id='word_1_313' title='bbox 934 3828 967 3882; x_wconf 81' lang='grc' dir='ltr'>τὸ</span> <span class='ocrx_word' id='word_1_314' title='bbox 998 3823 1104 3888; x_wconf 62' lang='lat' dir='ltr'>iiiior,</span> <span class='ocrx_word' id='word_1_315' title='bbox 1138 3823 1153 3890; x_wconf 82' lang='grc' dir='ltr'><strong><em>ἢ</em></strong></span> <span class='ocrx_word' id='word_1_316' title='bbox 1181 3823 1212 3877; x_wconf 82' lang='grc' dir='ltr'>τὸ</span> <span class='ocrx_word' id='word_1_317' title='bbox 1242 3817 1295 3893; x_wconf 77' lang='lat' dir='ltr'>eip&#39;</span> 
     </span>
     <span class='ocr_line' id='line_1_33' title="bbox 79 3901 804 4022; baseline 0.008 -78"><span class='ocrx_word' id='word_1_318' title='bbox 79 3911 125 3948; x_wconf 83' lang='grc' dir='ltr'><strong>ιιι.</strong></span> <span class='ocrx_word' id='word_1_319' title='bbox 166 3905 225 3954; x_wconf 84' lang='lat' dir='ltr'>ltem</span> <span class='ocrx_word' id='word_1_320' title='bbox 256 3906 420 4022; x_wconf 63' lang='lat' dir='ltr'>sepnerrunne</span> <span class='ocrx_word' id='word_1_321' title='bbox 447 3901 608 3954; x_wconf 84' lang='lat' dir='ltr'>Goblerrnnne</span> <span class='ocrx_word' id='word_1_322' title='bbox 635 3911 658 3952; x_wconf 91' lang='grc' dir='ltr'>ει</span> <span class='ocrx_word' id='word_1_323' title='bbox 710 3917 742 3950; x_wconf 84' lang='lat' dir='ltr'>on</span> <span class='ocrx_word' id='word_1_324' title='bbox 760 3911 804 3953; x_wconf 88' lang='lat' dir='ltr'>ete.</span> 
     </span>
    </p>
   </div>
   <div class='ocr_carea' id='block_1_5' title="bbox 78 3950 1301 4685">
    <p class='ocr_par' dir='ltr' id='par_1_5' title="bbox 78 3950 1301 4685">
     <span class='ocr_line' id='line_1_34' title="bbox 78 3950 1298 4038; baseline -0.007 -22"><span class='ocrx_word' id='word_1_325' title='bbox 78 3967 201 4022; x_wconf 72' lang='lat' dir='ltr'>uertunt</span> <span class='ocrx_word' id='word_1_326' title='bbox 216 3965 283 4021; x_wconf 70' lang='lat' dir='ltr'>leur</span> <span class='ocrx_word' id='word_1_327' title='bbox 298 3969 423 4036; x_wconf 75' lang='lat' dir='ltr'>perrecin</span> <span class='ocrx_word' id='word_1_328' title='bbox 435 3965 656 4038; x_wconf 70' lang='grc' dir='ltr'>προβληθέντων.</span> <span class='ocrx_word' id='word_1_329' title='bbox 744 3972 761 4020; x_wconf 86' lang='lat' dir='ltr'>i.</span> <span class='ocrx_word' id='word_1_330' title='bbox 780 3969 920 4030; x_wconf 75' lang='lat' dir='ltr'>Sequerirn.</span> <span class='ocrx_word' id='word_1_331' title='bbox 938 3967 997 4029; x_wconf 76' lang='lat' dir='ltr'>llep.</span> <span class='ocrx_word' id='word_1_332' title='bbox 1023 3972 1047 4014; x_wconf 85' lang='lat' dir='ltr'>et</span> <span class='ocrx_word' id='word_1_333' title='bbox 1065 3963 1169 4014; x_wconf 80' lang='lat' dir='ltr'>Felelm.</span> <span class='ocrx_word' id='word_1_334' title='bbox 1189 3961 1213 4011; x_wconf 80' lang='lat' dir='ltr'>b.</span> <span class='ocrx_word' id='word_1_335' title='bbox 1233 3950 1298 4008; x_wconf 75' lang='grc' dir='ltr'>ἂνὸ-</span> 
     </span>
     <span class='ocr_line' id='line_1_35' title="bbox 79 4019 1297 4105; baseline -0.004 -23"><span class='ocrx_word' id='word_1_336' title='bbox 79 4034 131 4084; x_wconf 77' lang='lat' dir='ltr'>lirliti</span> <span class='ocrx_word' id='word_1_337' title='bbox 154 4047 176 4088; x_wconf 87' lang='grc' dir='ltr'>ει</span> <span class='ocrx_word' id='word_1_338' title='bbox 199 4041 242 4090; x_wconf 83' lang='lat' dir='ltr'>ulii</span> <span class='ocrx_word' id='word_1_339' title='bbox 267 4033 405 4105; x_wconf 71' lang='lat' dir='ltr'>insculpere</span> <span class='ocrx_word' id='word_1_340' title='bbox 422 4036 479 4085; x_wconf 73' lang='grc' dir='ltr'>τῶν</span> <span class='ocrx_word' id='word_1_341' title='bbox 501 4030 657 4104; x_wconf 70' lang='grc' dir='ltr'><strong><em>προβλημά-</em></strong></span> <span class='ocrx_word' id='word_1_342' title='bbox 708 4051 793 4104; x_wconf 80' lang='lat' dir='ltr'>proteu</span> <span class='ocrx_word' id='word_1_343' title='bbox 821 4027 914 4084; x_wconf 72' lang='grc' dir='ltr'><strong><em>αὐτόν.</em></strong></span> <span class='ocrx_word' id='word_1_344' title='bbox 958 4033 985 4082; x_wconf 90' lang='lat' dir='ltr'>ln</span> <span class='ocrx_word' id='word_1_345' title='bbox 1009 4032 1080 4081; x_wconf 87' lang='lat' dir='ltr'>editis</span> <span class='ocrx_word' id='word_1_346' title='bbox 1108 4019 1193 4077; x_wconf 73' lang='grc' dir='ltr'><em>αὐτόν</em></span> <span class='ocrx_word' id='word_1_347' title='bbox 1220 4028 1297 4078; x_wconf 81' lang='lat' dir='ltr'>deest.</span> 
     </span>
     <span class='ocr_line' id='line_1_36' title="bbox 80 4095 1296 4177; baseline -0.001 -30"><span class='ocrx_word' id='word_1_348' title='bbox 80 4115 133 4153; x_wconf 76' lang='lat' dir='ltr'>rer.</span> <span class='ocrx_word' id='word_1_349' title='bbox 166 4107 218 4157; x_wconf 86' lang='lat' dir='ltr'>lbid</span> <span class='ocrx_word' id='word_1_350' title='bbox 238 4109 382 4170; x_wconf 72' lang='lat' dir='ltr'>sapuerim.</span> <span class='ocrx_word' id='word_1_351' title='bbox 401 4101 429 4154; x_wconf 81' lang='lat' dir='ltr'>ei</span> <span class='ocrx_word' id='word_1_352' title='bbox 445 4100 543 4171; x_wconf 80' lang='grc' dir='ltr'><strong>πρέπει</strong></span> <span class='ocrx_word' id='word_1_353' title='bbox 559 4100 656 4170; x_wconf 70' lang='lat' dir='ltr'>uren,</span> <span class='ocrx_word' id='word_1_354' title='bbox 711 4107 763 4154; x_wconf 83' lang='lat' dir='ltr'>llox</span> <span class='ocrx_word' id='word_1_355' title='bbox 781 4105 812 4154; x_wconf 79' lang='lat' dir='ltr'>Se</span> <span class='ocrx_word' id='word_1_356' title='bbox 830 4119 881 4154; x_wconf 88' lang='lat' dir='ltr'>ner.</span> <span class='ocrx_word' id='word_1_357' title='bbox 900 4103 957 4162; x_wconf 72' lang='lat' dir='ltr'>lieu.</span> <span class='ocrx_word' id='word_1_358' title='bbox 973 4099 1087 4177; x_wconf 32' lang='grc' dir='ltr'>ιιίιιιιει..Ι</span> <span class='ocrx_word' id='word_1_359' title='bbox 1100 4096 1253 4176; x_wconf 35' lang='grc' dir='ltr'><strong>ειῶιειιιιι.</strong></span> <span class='ocrx_word' id='word_1_360' title='bbox 1274 4095 1296 4146; x_wconf 88' lang='grc'>1.</span> 
     </span>
     <span class='ocr_line' id='line_1_37' title="bbox 78 4149 1293 4238; baseline -0.016 -9"><span class='ocrx_word' id='word_1_361' title='bbox 78 4164 105 4217; x_wconf 68' lang='lat'>13</span> <span class='ocrx_word' id='word_1_362' title='bbox 121 4157 160 4232; x_wconf 63' lang='lat' dir='ltr'>ir,</span> <span class='ocrx_word' id='word_1_363' title='bbox 178 4167 195 4234; x_wconf 80' lang='lat' dir='ltr'>r&#39;r&#39;</span> <span class='ocrx_word' id='word_1_364' title='bbox 214 4169 248 4223; x_wconf 74' lang='grc' dir='ltr'>τὸ</span> <span class='ocrx_word' id='word_1_365' title='bbox 268 4165 318 4224; x_wconf 72' lang='grc' dir='ltr'>οἷα</span> <span class='ocrx_word' id='word_1_366' title='bbox 336 4160 382 4234; x_wconf 70' lang='grc' dir='ltr'>ἦν·</span> <span class='ocrx_word' id='word_1_367' title='bbox 401 4167 432 4222; x_wconf 80' lang='grc' dir='ltr'>τὸ</span> <span class='ocrx_word' id='word_1_368' title='bbox 452 4165 505 4228; x_wconf 75' lang='grc' dir='ltr'><strong>ἀεὶ,</strong></span> <span class='ocrx_word' id='word_1_369' title='bbox 525 4164 540 4232; x_wconf 80' lang='grc' dir='ltr'><em>ἢ</em></span> <span class='ocrx_word' id='word_1_370' title='bbox 550 4165 582 4221; x_wconf 81' lang='grc' dir='ltr'>τὸ</span> <span class='ocrx_word' id='word_1_371' title='bbox 593 4167 658 4238; x_wconf 79' lang='grc' dir='ltr'>πρὶν</span> <span class='ocrx_word' id='word_1_372' title='bbox 711 4165 812 4222; x_wconf 76' lang='lat' dir='ltr'>ieiunus</span> <span class='ocrx_word' id='word_1_373' title='bbox 842 4185 878 4217; x_wconf 84' lang='grc' dir='ltr'><strong>αι</strong></span> <span class='ocrx_word' id='word_1_374' title='bbox 917 4169 978 4218; x_wconf 82' lang='lat' dir='ltr'>Editr</span> <span class='ocrx_word' id='word_1_375' title='bbox 1001 4173 1025 4214; x_wconf 87' lang='lat' dir='ltr'>et</span> <span class='ocrx_word' id='word_1_376' title='bbox 1048 4165 1087 4213; x_wconf 86' lang='lat' dir='ltr'>alu</span> <span class='ocrx_word' id='word_1_377' title='bbox 1107 4157 1199 4214; x_wconf 75' lang='grc' dir='ltr'><strong>αιδιιν</strong></span> <span class='ocrx_word' id='word_1_378' title='bbox 1216 4149 1293 4213; x_wconf 76' lang='grc' dir='ltr'><strong>εἶναι.</strong></span> 
     </span>
     <span class='ocr_line' id='line_1_38' title="bbox 78 4225 1296 4307; baseline -0.005 -21"><span class='ocrx_word' id='word_1_379' title='bbox 78 4235 212 4298; x_wconf 69' lang='lat' dir='ltr'>poteent-</span> <span class='ocrx_word' id='word_1_380' title='bbox 231 4235 265 4291; x_wconf 79' lang='grc' dir='ltr'>τὸ</span> <span class='ocrx_word' id='word_1_381' title='bbox 284 4235 384 4298; x_wconf 73' lang='grc' dir='ltr'><strong>ἀΐδιον,</strong></span> <span class='ocrx_word' id='word_1_382' title='bbox 404 4233 420 4302; x_wconf 77' lang='grc' dir='ltr'><strong><em>ἢ</em></strong></span> <span class='ocrx_word' id='word_1_383' title='bbox 437 4233 471 4288; x_wconf 79' lang='grc' dir='ltr'>τὸ</span> <span class='ocrx_word' id='word_1_384' title='bbox 490 4231 545 4307; x_wconf 74' lang='grc' dir='ltr'>ἀφ’</span> <span class='ocrx_word' id='word_1_385' title='bbox 566 4225 656 4292; x_wconf 72' lang='lat' dir='ltr'>ubete.</span> <span class='ocrx_word' id='word_1_386' title='bbox 744 4255 765 4303; x_wconf 75' lang='lat' dir='ltr'>p.</span> <span class='ocrx_word' id='word_1_387' title='bbox 786 4238 927 4300; x_wconf 76' lang='lat' dir='ltr'>sequerian.</span> <span class='ocrx_word' id='word_1_388' title='bbox 944 4228 993 4282; x_wconf 79' lang='lat' dir='ltr'>eui</span> <span class='ocrx_word' id='word_1_389' title='bbox 1015 4233 1112 4281; x_wconf 88' lang='lat' dir='ltr'>omittit.</span> <span class='ocrx_word' id='word_1_390' title='bbox 1147 4233 1213 4282; x_wconf 84' lang='lat' dir='ltr'>ldem</span> <span class='ocrx_word' id='word_1_391' title='bbox 1234 4247 1296 4290; x_wconf 82' lang='lat' dir='ltr'>mox,</span> 
     </span>
     <span class='ocr_line' id='line_1_39' title="bbox 80 4297 1298 4374; baseline -0.013 -13"><span class='ocrx_word' id='word_1_392' title='bbox 80 4305 121 4368; x_wconf 64' lang='lat' dir='ltr'>bap</span> <span class='ocrx_word' id='word_1_393' title='bbox 144 4311 243 4362; x_wconf 82' lang='lat' dir='ltr'>anler.</span> <span class='ocrx_word' id='word_1_394' title='bbox 262 4319 286 4362; x_wconf 82' lang='lat' dir='ltr'>et</span> <span class='ocrx_word' id='word_1_395' title='bbox 305 4311 409 4362; x_wconf 77' lang='lat' dir='ltr'>Felclrm.</span> <span class='ocrx_word' id='word_1_396' title='bbox 425 4311 447 4359; x_wconf 95' lang='lat' dir='ltr'>l.</span> <span class='ocrx_word' id='word_1_397' title='bbox 466 4303 495 4356; x_wconf 77' lang='lat' dir='ltr'>e‘t&#39;</span> <span class='ocrx_word' id='word_1_398' title='bbox 511 4305 607 4374; x_wconf 78' lang='grc' dir='ltr'><strong>πρέπει</strong></span> <span class='ocrx_word' id='word_1_399' title='bbox 618 4304 658 4358; x_wconf 79' lang='grc' dir='ltr'>λέ-</span> <span class='ocrx_word' id='word_1_400' title='bbox 710 4307 784 4358; x_wconf 81' lang='lat' dir='ltr'>lircil.</span> <span class='ocrx_word' id='word_1_401' title='bbox 802 4305 942 4358; x_wconf 86' lang='lat' dir='ltr'>Geblerian.</span> <span class='ocrx_word' id='word_1_402' title='bbox 961 4299 1065 4350; x_wconf 79' lang='lat' dir='ltr'>l&#39;eleltm.</span> <span class='ocrx_word' id='word_1_403' title='bbox 1078 4299 1100 4349; x_wconf 91' lang='lat' dir='ltr'>l.</span> <span class='ocrx_word' id='word_1_404' title='bbox 1119 4308 1143 4350; x_wconf 89' lang='lat' dir='ltr'>et</span> <span class='ocrx_word' id='word_1_405' title='bbox 1155 4300 1179 4350; x_wconf 84' lang='lat' dir='ltr'>b.</span> <span class='ocrx_word' id='word_1_406' title='bbox 1199 4297 1298 4348; x_wconf 77' lang='grc' dir='ltr'><em>τοῦτον</em></span> 
     </span>
     <span class='ocr_line' id='line_1_40' title="bbox 79 4360 1299 4442; baseline -0.016 -11"><span class='ocrx_word' id='word_1_407' title='bbox 79 4385 143 4432; x_wconf 70' lang='lat' dir='ltr'>rw,</span> <span class='ocrx_word' id='word_1_408' title='bbox 161 4363 209 4436; x_wconf 70' lang='grc' dir='ltr'>ἦν,</span> <span class='ocrx_word' id='word_1_409' title='bbox 240 4369 257 4438; x_wconf 80' lang='grc' dir='ltr'><em>ἢ</em></span> <span class='ocrx_word' id='word_1_410' title='bbox 275 4373 308 4426; x_wconf 80' lang='lat' dir='ltr'>ri</span> <span class='ocrx_word' id='word_1_411' title='bbox 326 4371 376 4427; x_wconf 80' lang='grc' dir='ltr'>οὒκ</span> <span class='ocrx_word' id='word_1_412' title='bbox 393 4364 440 4438; x_wconf 74' lang='lat' dir='ltr'>riu·</span> <span class='ocrx_word' id='word_1_413' title='bbox 460 4370 493 4423; x_wconf 78' lang='lat' dir='ltr'>eri</span> <span class='ocrx_word' id='word_1_414' title='bbox 512 4368 554 4426; x_wconf 78' lang='lat' dir='ltr'>risi</span> <span class='ocrx_word' id='word_1_415' title='bbox 572 4361 621 4438; x_wconf 73' lang='grc' dir='ltr'>ἢν,</span> <span class='ocrx_word' id='word_1_416' title='bbox 645 4369 657 4388; x_wconf 86' lang='grc'><strong>“</strong></span> <span class='ocrx_word' id='word_1_417' title='bbox 709 4373 829 4442; x_wconf 74' lang='grc' dir='ltr'>μέτοχον</span> <span class='ocrx_word' id='word_1_418' title='bbox 845 4365 891 4421; x_wconf 79' lang='grc' dir='ltr'>καὶ</span> <span class='ocrx_word' id='word_1_419' title='bbox 903 4360 1037 4434; x_wconf 77' lang='grc' dir='ltr'><strong>δεύτερον.</strong></span> <span class='ocrx_word' id='word_1_420' title='bbox 1061 4367 1182 4430; x_wconf 71' lang='lat' dir='ltr'>inplicen.</span> <span class='ocrx_word' id='word_1_421' title='bbox 1197 4365 1299 4415; x_wconf 77' lang='grc' dir='ltr'><em>τοῦτον</em></span> 
     </span>
     <span class='ocr_line' id='line_1_41' title="bbox 81 4431 1301 4511; baseline -0.002 -28"><span class='ocrx_word' id='word_1_422' title='bbox 81 4433 106 4486; x_wconf 85' lang='lat' dir='ltr'>ri</span> <span class='ocrx_word' id='word_1_423' title='bbox 120 4437 186 4508; x_wconf 68' lang='lat' dir='ltr'>rupit</span> <span class='ocrx_word' id='word_1_424' title='bbox 200 4442 343 4511; x_wconf 66' lang='lat' dir='ltr'>pertesus,</span> <span class='ocrx_word' id='word_1_425' title='bbox 363 4437 505 4500; x_wconf 62' lang='lat' dir='ltr'>abirem,</span> <span class='ocrx_word' id='word_1_426' title='bbox 527 4435 586 4505; x_wconf 68' lang='grc' dir='ltr'>ἢτὸ</span> <span class='ocrx_word' id='word_1_427' title='bbox 601 4437 644 4510; x_wconf 76' lang='grc' dir='ltr'>ἀφ</span> <span class='ocrx_word' id='word_1_428' title='bbox 711 4436 847 4508; x_wconf 70' lang='lat' dir='ltr'>debesque.</span> <span class='ocrx_word' id='word_1_429' title='bbox 886 4438 947 4488; x_wconf 74' lang='lat' dir='ltr'>etin</span> <span class='ocrx_word' id='word_1_430' title='bbox 968 4434 1069 4484; x_wconf 77' lang='grc' dir='ltr'><em>τοῦτον</em></span> <span class='ocrx_word' id='word_1_431' title='bbox 1084 4431 1205 4502; x_wconf 72' lang='grc' dir='ltr'>μέτοχον</span> <span class='ocrx_word' id='word_1_432' title='bbox 1221 4445 1301 4510; x_wconf 53' lang='lat' dir='ltr'>pere:</span> 
     </span>
     <span class='ocr_line' id='line_1_42' title="bbox 82 4491 1300 4582; baseline -0.015 -19"><span class='ocrx_word' id='word_1_433' title='bbox 82 4491 162 4582; x_wconf 64' lang='lat' dir='ltr'>pirre.</span> <span class='ocrx_word' id='word_1_434' title='bbox 197 4517 242 4563; x_wconf 76' lang='lat' dir='ltr'>lbi</span> <span class='ocrx_word' id='word_1_435' title='bbox 269 4525 293 4566; x_wconf 82' lang='lat' dir='ltr'>rt</span> <span class='ocrx_word' id='word_1_436' title='bbox 316 4517 373 4566; x_wconf 77' lang='lat' dir='ltr'>sliri</span> <span class='ocrx_word' id='word_1_437' title='bbox 399 4508 430 4562; x_wconf 79' lang='lat' dir='ltr'>el</span> <span class='ocrx_word' id='word_1_438' title='bbox 445 4526 465 4561; x_wconf 83' lang='lat' dir='ltr'>rr</span> <span class='ocrx_word' id='word_1_439' title='bbox 484 4507 542 4563; x_wconf 79' lang='grc' dir='ltr'><strong>ἐπει</strong></span> <span class='ocrx_word' id='word_1_440' title='bbox 560 4509 657 4578; x_wconf 74' lang='grc' dir='ltr'><strong>λέγειν,</strong></span> <span class='ocrx_word' id='word_1_441' title='bbox 710 4509 822 4571; x_wconf 65' lang='grc' dir='ltr'><strong>νεῖσθαι.</strong></span> <span class='ocrx_word' id='word_1_442' title='bbox 849 4496 1300 4569; x_wconf 67' lang='grc' dir='ltr'><strong>8οςιειὶιι.ριι1οριιιθιολιγιι</strong></span> 
     </span>
     <span class='ocr_line' id='line_1_43' title="bbox 83 4525 1095 4685; baseline -0.007 -55"><span class='ocrx_word' id='word_1_443' title='bbox 83 4569 166 4630; x_wconf 65' lang='lat' dir='ltr'>tries</span> <span class='ocrx_word' id='word_1_444' title='bbox 184 4571 234 4630; x_wconf 76' lang='lat' dir='ltr'>urit</span> <span class='ocrx_word' id='word_1_445' title='bbox 253 4567 302 4642; x_wconf 78' lang='grc' dir='ltr'>ἢν,</span> <span class='ocrx_word' id='word_1_446' title='bbox 321 4575 337 4644; x_wconf 80' lang='grc' dir='ltr'><strong><em>ἢ</em></strong></span> <span class='ocrx_word' id='word_1_447' title='bbox 355 4575 388 4632; x_wconf 83' lang='lat' dir='ltr'>ri</span> <span class='ocrx_word' id='word_1_448' title='bbox 408 4525 520 4644; x_wconf 60' lang='lat' dir='ltr'>leil»-</span> <span class='ocrx_word' id='word_1_449' title='bbox 544 4575 577 4630; x_wconf 79' lang='grc' dir='ltr'>τὸ</span> <span class='ocrx_word' id='word_1_450' title='bbox 594 4573 661 4648; x_wconf 70' lang='grc' dir='ltr'>πρὶν</span> <span class='ocrx_word' id='word_1_451' title='bbox 711 4571 757 4628; x_wconf 76' lang='grc' dir='ltr'>καὶ</span> <span class='ocrx_word' id='word_1_452' title='bbox 774 4571 903 4626; x_wconf 74' lang='grc' dir='ltr'><strong>δείκνυσι.</strong></span> <span class='ocrx_word' id='word_1_453' title='bbox 1080 4651 1095 4685; x_wconf 37' lang='lat' dir='ltr'><strong>t</strong></span> 
     </span>
    </p>
   </div>
   <div class='ocr_carea' id='block_1_6' title="bbox 0 0 1528 5052">
    <p class='ocr_par' dir='ltr' id='par_1_6' title="bbox 0 0 1528 5052">
     <span class='ocr_line' id='line_1_44' title="bbox 0 0 1528 5052; baseline 0 0"><span class='ocrx_word' id='word_1_454' title='bbox 0 0 1528 5052; x_wconf 95' lang='lat' dir='ltr'> </span> 
     </span>
    </p>
   </div>
  </div>
 </body>
</html>
