3106 5056
499 347 607 394 enarro
622 347 653 393 n.
670 347 933 394 eunominianos.
1267 337 1330 400 445

105 499 194 580 aptati
223 474 254 562 et
282 497 409 580 colligati
436 498 584 562 invirum
606 501 770 579 perfectum
798 517 1004 574 occurremus,
1037 499 1280 581 immortalesque
1301 511 1416 565 stimi.

103 602 267 682 incorrupti
290 619 472 663 maneamus.
1134 607 1138 616 ’

191 706 242 767 75.
286 702 380 764 Nemo
413 719 484 764 vere
517 701 566 762 iris
599 701 687 764 etiam
715 701 855 780 loquendi
883 702 980 764 modis
1009 703 1217 766 conturbetur:
1255 707 1331 770 Ante

103 823 211 868 cerum
233 812 262 866 et
280 807 462 884 priusquam
490 815 606 866 terrore
632 803 748 882 [cerret
770 811 800 864 et
821 816 981 885 anteponor
1000 817 1117 868 mentes
1140 806 1330 870 collocaren-

104 919 168 969 tur.
212 904 302 966 Recte
337 903 415 964 enim
449 904 506 964 ista
542 903 696 966 coniunxit
731 923 797 966 cum
834 905 933 968 verbis
965 906 1109 985 fundauit
1142 915 1172 968 et
1205 912 1328 971 creauit.

102 1007 236 1086 Namque
257 1005 331 1068 hoec
346 1005 410 1066 eius
426 1004 591 1066 secundum
613 1023 733 1068 carnem
755 1006 1008 1086 dispensationem
1031 1015 1176 1086 spectent.
1212 1008 1329 1070 Etenim

103 1108 213 1188 gratim
235 1124 310 1186 quae
332 1105 420 1167 nubis
442 1125 459 1168 a
481 1106 633 1168 servatore
654 1106 762 1170 donate
785 1115 845 1181 est,
868 1108 959 1168 modd
982 1108 1101 1187 quidem
1123 1108 1272 1187 apparuit,
1297 1117 1329 1173 ut

102 1210 143 1271 ait
165 1205 529 1288 Apostolus„cxortaquc
551 1216 600 1268 est
620 1216 779 1288 postquam
800 1207 865 1288 ipse
887 1208 1019 1283 aduenit,
1049 1227 1150 1270 remur
1172 1218 1328 1288 antequem
1382 1282 1386 1289 ¹

101 1327 161 1372 nos
181 1325 382 1381 nasceremur,
405 1307 451 1368 rel
472 1308 574 1387 potius
596 1317 666 1371 ante
687 1309 789 1371 mundi
810 1309 1053 1372 constitutionem
1075 1317 1248 1390 praeparate
1262 1309 1328 1383 init,

103 1413 187 1474 cuius
208 1409 282 1472 haec
303 1425 392 1470 causa
415 1417 445 1470 et
465 1417 546 1471 recta
567 1418 616 1472 est
637 1417 667 1470 et
688 1408 868 1472 admirande.
905 1410 998 1472 Deum
1015 1409 1051 1472 de
1065 1409 1153 1472 nohis
1176 1410 1327 1490 posterius
1336 1428 1415 1474 nors

102 1511 265 1574 deliberare
287 1509 409 1572 minime
433 1509 569 1583 decebat,
598 1528 637 1571 ne
663 1528 714 1572 res
736 1518 857 1572 nostras
878 1511 1197 1590 ignorarerideretur.
1242 1511 1327 1584 Quc-

101 1615 178 1676 c'rca
201 1630 266 1674 cum
288 1629 345 1672 noe
367 1628 468 1674 rerum
491 1611 696 1674 universarum
711 1610 790 1673 Deus
812 1629 867 1690 per
884 1613 1038 1690 proprium
1054 1611 1182 1675 Verbum
1204 1621 1328 1686 crearet,

101 1722 130 1776 et
154 1731 205 1787 ea,
228 1729 303 1792 quae
324 1712 360 1773 ed
383 1729 439 1774 nos
461 1711 620 1792 pertinent,
644 1729 734 1791 supra
756 1729 813 1772 nus
835 1713 1037 1790 prospiceret,
1059 1722 1329 1794 praenosceretquc

99 1833 176 1889 nos,
198 1821 356 1894 postquam
378 1811 448 1873 boni
470 1811 538 1874 iacti
561 1812 737 1886 fuissemus,
767 1812 862 1892 legem
884 1812 1046 1876 violaturos
1068 1822 1156 1894 atque
1178 1814 1288 1876 idcirco
1312 1833 1329 1876 e

98 1916 241 1996 paradiso
264 1912 469 1993 expellendum
490 1913 550 1987 ilie,
573 1914 623 1994 qui
644 1914 846 1993 perhumanus
870 1922 900 1975 ct
913 1913 1059 1994 benignus
1081 1924 1136 1988 est,
1159 1914 1328 1995 inproprie

98 2016 210 2088 Verbo,
232 2033 287 2096 per
308 2012 387 2092 quod
410 2031 465 2075 nos
488 2016 607 2090 crearit,
629 2023 752 2078 nostram
768 2014 871 2077 salutis
890 2015 1327 2098 dispensationenpraspere-

98 2117 155 2190 rit,
179 2125 212 2178 ut
232 2113 384 2188 videlicet,
417 2115 532 2178 etiamsi
555 2117 740 2196 contingeret
761 2126 793 2178 ut
814 2134 830 2177 a
852 2116 1003 2179 daemone
1024 2117 1215 2180 circumventi
1237 2117 1327 2180 cade-

96 2235 211 2292 remus,
234 2234 273 2278 ne
293 2216 541 2296 mortuipenitue
564 2235 804 2292 remaneremus,
827 2219 880 2280 sed
902 2227 936 2279 ut
956 2218 1170 2280 redemtionem
1193 2227 1223 2280 st
1245 2218 1328 2282 seiu-

3 2335 5 2344 ’
97 2327 158 2381 tem
174 2318 205 2379 in
221 2315 318 2378 Verbo
341 2315 429 2379 nobis
450 2325 635 2408 preparatam
656 2317 801 2380 habentes
822 2317 1068 2381 revivisceremus
1091 2328 1121 2381 et
1141 2319 1326 2382 immorteies
1365 2341 1367 2346 ·

96 2437 252 2492 essemus,
280 2425 438 2498 postquem
461 2419 527 2498 ipse
549 2437 604 2498 pro
626 2417 714 2480 nubis
737 2418 913 2503 principium
936 2420 1051 2482 riarum
1073 2429 1120 2481 est
1141 2427 1274 2494 creatus,
1298 2428 1330 2482 et

96 2521 146 2601 qui
170 2526 323 2583 creaturas
344 2519 559 2598 primogenitus
589 2527 650 2592 est,
684 2522 808 2582 fratrum
837 2521 931 2582 sactus
959 2520 1014 2584 suit
1034 2521 1268 2600 primogenitus,
1298 2525 1360 2582 et·

95 2623 162 2702 ipse
184 2630 373 2682 mortuorum
395 2620 543 2700 primitiae
564 2620 680 2682 revixit
724 2621 805 2683 Haec
831 2621 894 2700 ipsa
918 2629 965 2682 est
985 2621 1063 2682 beati
1086 2621 1221 2700 Apostoli
1243 2619 1327 2682 Pauli

95 2723 248 2796 doctrina,
277 2721 326 2802 qui
354 2719 403 2783 illa
424 2721 655 2784 Proverbiorum
677 2721 765 2783 verba
787 2734 857 2784 unte
879 2739 988 2783 aeuum
1010 2728 1040 2782 et
1061 2733 1220 2802 antequem
1242 2729 1328 2782 terro

93 2825 186 2904 fieret
207 2823 248 2886 ita
269 2821 404 2902 Epistula
425 2823 462 2885 ed
491 2823 681 2886 Timotheum
711 2822 936 2902 interpretatur:
971 2819 1133 2884 Coiiudoru
1162 2819 1328 2900 Evnupeiio

94 2926 261 2988 seeundum
287 2923 346 2986 Dei
376 2929 536 2996 virtuter,
570 2929 623 3005 ptri
647 2923 751 2986 selues
780 2941 835 2986 nos
862 2923 937 3002 fecit
964 2932 994 2984 et
1022 2925 1140 2984 cornert
1169 2924 1328 2984 erectione
1368 2907 1371 2916 ’

92 3035 213 3097 sanctu,
237 3043 300 3088 oon
322 3017 484 3088 remendare
507 3043 601 3108 opero
623 3035 743 3094 nestro,
766 3025 819 3086 sed
839 3025 1003 3086 secondum
1022 3026 1188 3104 preprium
1207 3039 1327 3103 propu-

92 3132 189 3191 situm
211 3135 240 3188 et
260 3131 408 3206 pretinm,
437 3145 511 3208 punc
539 3127 626 3190 nodis
657 3127 728 3188 duta
751 3135 795 3188 est
816 3129 849 3186 in
873 3124 993 3188 Cirirtc
1015 3123 1179 3187 leniente
1201 3135 1336 3213 aeterno·

93 3238 252 3308 recepero,
286 3237 315 3288 et
341 3244 423 3290 nanc
455 3231 601 3308 apperuit
631 3245 688 3308 per
721 3227 883 3291 educerum
915 3223 1090 3288 Sulcatorr's
1122 3227 1226 3288 nestri
1256 3223 1328 3288 Iesu

94 3329 227 3400 Cirr'str',
258 3332 310 3410 pei
330 3329 458 3390 morieris
480 3328 595 3408 peridem
617 3329 786 3400 destruait,
815 3333 909 3391 vitum
930 3337 1030 3389 curem
1050 3325 1246 3390 r'ilunuircvit.
1290 3325 1329 3387 Et

92 3430 131 3490 ad
154 3426 321 3508 Ephesios:
358 3421 539 3492 Benedictus
561 3429 644 3492 Deus
668 3442 698 3493 et
719 3429 813 3493 Pater
835 3428 960 3492 Domini
978 3432 1083 3492 nostri
1102 3427 1173 3490 Iera
1204 3427 1327 3498 Christi,

92 3535 148 3610 par·
169 3530 323 3594 benedicit
350 3528 437 3591 nobis
466 3533 499 3590 in
528 3535 611 3592 omni
637 3531 838 3594 benedictione
861 3529 1021 3611 spirituali
1041 3533 1072 3592 ie
1095 3527 1273 3590 coelestidus
1294 3529 1329 3588 in

93 3631 217 3696 Christo
241 3629 322 3703 iesu,
347 3631 427 3693 rime
448 3628 536 3710 clepit
557 3649 612 3694 nor
634 3634 668 3694 in
689 3635 754 3712 ipro
774 3642 847 3702 onte
867 3631 974 3694 mundi
994 3633 1271 3698 contristationem,
1292 3635 1328 3688 ert

125 3881 150 3930 d.
169 3881 274 3932 Feieim.
294 3881 317 3932 5.
337 3874 368 3930 ἐν
384 3883 480 3934 emittit
515 3881 566 3933 nox
585 3883 685 3944 sepner.
735 3873 861 3947 paredus
884 3875 954 3947 φησὶ
978 3879 1112 3947 Tapro-ispi.
1150 3880 1238 3942 Regino
1256 3871 1327 3944 φησί

89 3949 155 4026 Rea..
170 3949 269 4027 (iu-bier.
284 3948 391 4002 isicius.
411 3951 432 4032 ¹1·
452 3959 477 4028 a!
492 3950 516 4001 4.
532 3942 615 4030 piperis,
637 3943 686 4010 τὴν
736 3941 872 4014 aspiretis
890 3941 1035 4030 Τιμόθεον.
1124 4016 1128 4025 Ι
1228 4003 1237 4025 ‚
1313 3989 1331 4024 ς,

87 4009 686 4164 {titt}mittite,ttttt‘tttttitt
736 4016 1060 4150 ,idttttit'ttd
1080 4023 1239 4144 mittit
1253 4025 1328 4128 titt

86 4165 173 4216 ημων
190 4148 355 4232 οιιιονομιόιςἱ
391 4153 451 4202 inid.
470 4155 569 4216 Segner.
586 4153 685 4232 prier..
737 4152 835 4230 Sfssner.
861 4152 959 4202 Gcbter.
981 4151 1085 4201 Feicitm.
1107 4149 1129 4200 i.
1148 4149 1213 4226 eid.
1239 4149 1328 4226 hadent

86 4219 200 4350 iiiii·
216 4220 282 4340 idi
295 4221 320 4338 {i
333 4215 685 4348 33ῗὲἶῖῧὲἰὲρὲκῖἶέ
738 4229 848 4348 “isit
862 4218 1136 4348 stttff'itt'ttt
1150 4229 1214 4335 tt:
1229 4224 1326 4336 titt

85 4367 265 4504 “wichten
284 4432 308 4473 et
325 4424 479 4476 Frictmanni
499 4421 522 4474 1.
540 4425 652 4474 omittunt
670 4415 685 4470 ὅ
737 4354 984 4480 sciripiiurirarioteaxii'st
1001 4435 1015 4471 ι
1033 4421 1133 4483 sepner.
1152 4428 1176 4470 et
1192 4420 1326 4484 Scriptura.

82 4499 227 4556 μακαριος
250 4485 410 4546 miserior.
447 4493 522 4542 tidem
542 4507 596 4543 mox
614 4485 684 4558 desp·
705 4515 711 4532 ι
735 4487 789 4538 iiux
806 4489 906 4552 Seguer.
918 4489 1015 4540 Gobier.
1034 4487 1139 4538 Felcirm.
1160 4487 1181 4538 l.
1193 4495 1216 4538 et
1228 4487 1251 4536 d.
1271 4501 1326 4536 cum

368 4584 376 4598 ·
623 4559 635 4584 '
737 4555 861 4620 Scriptura
880 4549 911 4607 tr
928 4547 1010 4623 αὐτῷ.
1045 4555 1107 4608 Editi
1125 4564 1150 4608 et
1167 4556 1208 4608 elii
1225 4550 1314 4607 {curri
