3072 5056
343 352 487 398 nrrsrcus
502 355 540 398 nn
555 353 700 398 nannenus
717 355 860 398 arctante
876 355 992 400 srnunr.
1240 340 1282 404 53

74 525 153 586 snpra
173 503 335 578 retulimus,
357 505 455 566 futiles
480 515 510 566 et
530 523 620 567 ranae
643 505 764 568 rocnlae
787 507 867 568 omni
889 523 1016 585 prorsus
1038 513 1108 568 sunt
1129 506 1368 588 impietnternnt.

73 609 176 687 plenae,
203 607 245 668 uti
274 616 360 668 antea
389 617 418 666 et
441 607 532 666 modo
544 616 656 668 'nostra
681 607 815 668 oratione
839 608 1035 668 ostendimus.
1080 608 1112 670 si
1135 589 1202 688 quis
1225 627 1280 671 au-

73 719 122 768 tem
142 727 182 780 ea,
204 725 277 787 quae
300 717 402 769 contra
425 707 492 768 illos
513 727 529 768 a
552 709 672 787 Synodu
696 708 803 788 scripta
827 716 858 769 et
879 708 996 769 decreta
1018 717 1102 782 suut,
1125 709 1283 788 diligenter

74 809 261 889 perpenderit,
295 808 368 870 nihil
391 808 450 869 uisi
473 827 584 870 meram
607 809 761 870 veritatem
785 807 815 870 in
838 809 897 870 illis
922 809 1067 870 contineri
1089 810 1167 872 baud
1190 810 1280 874 dubie

74 912 197 990 reperiet,
226 912 352 972 maxime
381 911 407 970 si
436 911 572 971 studiose
595 909 665 972 velit
686 910 858 989 inquirere,
892 928 980 988 quam
1000 911 1170 1033 &cessaria
1191 911 1281 974 luerit

73 1015 217 1075 causatius
238 1031 328 1074 voces
350 1010 518 1085 adhibendi,
543 1030 618 1091 quae
639 1012 759 1091 quidem
781 1012 854 1072 baec
874 1010 939 1074 tuit

146 1219 191 1280 19.
233 1215 307 1277 Cum
330 1213 417 1276 vellet
438 1215 575 1295 synodus
596 1215 686 1294 impia
707 1213 883 1275 Arianorum
906 1213 1048 1276 vocabula
1080 1213 1223 1294 abrogare
1250 1223 1281 1277 et

73 1327 153 1378 certas
179 1337 211 1379 ac
236 1317 392 1379 conlessas
415 1316 634 1396 Scripturarum
662 1334 750 1378 voces
772 1315 928 1389 adbibere,
958 1333 1064 1395 nempe
1086 1316 1165 1394 quod
1186 1315 1280 1378 Filius

73 1417 180 1479 nonsit
199 1437 232 1480 er
255 1418 348 1480 uibilo
370 1417 433 1479 sive
456 1435 492 1478 cx
515 1435 576 1478 non
600 1416 806 1491 existentibus,
829 1415 881 1502 seri
904 1435 940 1478 ex
961 1416 1034 1490 beo,
1057 1417 1136 1495 quod
1149 1415 1278 1478 Verbum

73 1519 131 1579 item
151 1521 187 1580 sit
208 1529 236 1580 et
258 1519 420 1599 Sapientia,
444 1536 504 1579 uon
527 1537 598 1579 vcro
621 1537 671 1578 res
694 1527 790 1580 creata
814 1527 864 1580 aut
885 1519 970 1590 lacta,
994 1519 1047 1579 sed
1062 1517 1203 1597 proprius
1218 1517 1277 1578 Pe-

71 1619 117 1680 tris
137 1621 224 1694 ictus3
253 1619 413 1682 Eusebiani
441 1638 531 1699 prava
559 1637 612 1680 sua
635 1617 794 1680 inveterata
817 1617 957 1698 opinione
979 1617 1114 1698 impulsi,
1137 1618 1218 1680 istut
1240 1635 1279 1680 eat

71 1719 125 1782 lieo
143 1721 226 1783 nobis
248 1739 406 1782 commune
428 1739 507 1794 esse,
531 1719 663 1798 nihilque
684 1719 739 1781 hac
760 1719 790 1779 in
811 1737 845 1780 re
867 1739 883 1782 a
906 1721 992 1782 nobis
1015 1719 1136 1780 ‹lillerre
1150 1718 1279 1781 Verbum

71 1821 114 1881 bei
134 1821 274 1895 volebant,
297 1823 408 1884 idcireo
431 1817 661 1900 scilicet‚'quod
684 1820 828 1902 scriptum
849 1820 903 1882 sit:
933 1821 1015 1882 Urius
1039 1821 1136 1892 neoc,
1159 1838 1198 1881 co
1219 1838 1286 1900 quo,

70 1928 171 1999 cunio,
199 1923 370 1984 etiterum:
406 1923 510 1986 Vetera
539 1928 749 1996 trunsr'erorrt;
781 1941 844 1984 ecce
865 1923 949 2002 [octo
972 1931 1044 1984 sunt
1067 1925 1167 1984 omnia
1187 1937 1278 1983 noua.

72 2023 165 2086 Omnia
184 2035 284 2089 uetera
306 2043 344 2086 ecc
366 2023 438 2086 Deo.
485 2025 548 2096 Qua
570 2023 687 2084 illorum
710 2023 817 2085 astutia
828 2031 857 2084 ct
867 2024 956 2103 impia
969 2021 1102 2084 callidute
1112 2029 1277 2102 perspecta,

69 2123 157 2186 Patres
172 2125 277 2186 clarius
300 2125 445 2205 explicare
468 2124 561 2186 coacti
585 2131 664 2197 sunt,
687 2123 755 2203 qnid
777 2143 954 2204 perronem
977 2143 1016 2186 cn
1030 2123 1093 2186 Deo
1109 2121 1277 2202 intelligen-

70 2223 128 2286 dum
158 2234 245 2287 esset.
292 2227 436 2299 Quocirca
471 2225 635 2305 scripsere,
665 2224 771 2286 Filium
801 2209 868 2286 esse
897 2243 934 2285 ex
955 2224 1006 2286 Dei
1031 2222 1212 2296 substantie,
1245 2229 1279 2283 ut

70 2343 162 2408 nempe
188 2327 258 2388 illud
288 2347 326 2389 ec
347 2327 410 2390 Deo
433 2346 494 2388 non
516 2344 673 2388 commuue
695 2325 761 2387 Filii
784 2333 812 2386 et
835 2343 934 2388 rerum
957 2327 1097 2388 laetarum
1120 2342 1190 2386 esse
1211 2322 1277 2384 eri·
1352 2403 1354 2406 Ι

71 2429 232 2500 stimaretur,
256 2429 310 2488 sed
332 2436 366 2488 ut
388 2428 567 2500 crederetur,
591 2434 689 2487 cetera
710 2427 829 2506 quidem
852 2426 951 2488 omnia
969 2435 1065 2488 creata
1078 2444 1156 2497 esse,
1179 2423 1278 2487 solum

70 2529 289 2590 autcml'erbum
312 2546 379 2590 esse
401 2547 437 2589 ex
458 2528 555 2589 Patre.
599 2527 672 2588 Nam
694 2527 763 2588 licet
785 2529 884 2589 omnia
905 2547 940 2590 ex
955 2528 1018 2588 Deo
1040 2546 1108 2589 esse
1130 2526 1277 2598 dicantur,

72 2645 156 2690 rerum
178 2631 234 2691 alio
257 2629 379 2692 omnino
402 2628 492 2690 modo
515 2647 601 2708 qoam
623 2627 664 2688 sit
684 2627 785 2690 Filius.
831 2627 907 2700 Quia
929 2627 1006 2688 enirn
1019 2645 1071 2704 res
1087 2634 1201 2688 creatae
1217 2643 1279 2686 non

71 2746 128 2790 casu
149 2740 177 2790 et
197 2739 306 2810 sponte
329 2749 384 2790 scu
408 2748 443 2789 cx
464 2729 572 2808 seipsis
596 2729 741 2802 existunt,
764 2746 819 2788 nec
841 2727 994 2788 fortuitum
1018 2737 1114 2788 ortum
1136 2725 1277 2799 habuere,

70 2831 224 2910 etquidem
248 2830 398 2910 putabant,
422 2830 471 2909 qni
494 2849 527 2890 ex
551 2837 718 2890 atomorum
741 2827 950 2890 coniunctione
972 2836 1002 2888 et
1022 2845 1056 2888 ex
1072 2823 1278 2890 consimilibus

71 2931 154 2991 onnia
176 2951 241 2992 esse
265 2933 368 2992 clienta
391 2931 551 3003 docebant,
580 2931 646 3010 quia
669 2929 756 2990 etiam
779 2929 868 2990 alium
889 2947 949 2989 non
971 2927 1082 2990 babent
1103 2933 1277 2999 creatorem,

71 3037 97 3088 ut
114 3031 226 3109 quidam
249 3051 371 3094 sensere
394 3031 551 3105 baeretici,
581 3030 707 3110 denique
735 3029 803 3108 quia
825 3048 895 3103 uec,
924 3037 956 3091 ut
977 3029 1043 3092 aliis
1065 3028 1213 3109 placebat,
1240 3027 1277 3089 ab

73 3129 175 3209 ungeris
204 3133 379 3212 quibusdam
409 3132 506 3194 omnia
529 3133 602 3193 lacta
626 3140 696 3193 sunt
717 3139 747 3192 et
768 3130 945 3204 constituta,
973 3130 1025 3192 sed
1049 3131 1117 3211 quia
1139 3130 1238 3192 omnia
1260 3147 1366 3196 arms.

71 3227 129 3306 beo,
151 3233 198 3312 qui
221 3253 290 3296 vere
313 3241 370 3306 cst,
393 3251 458 3295 curn
482 3241 567 3294 antea
590 3251 652 3294 nnn
674 3240 790 3304 essent,
814 3230 1016 3310 perverbum
1039 3232 1221 3306 factasunt,
1244 3239 1279 3292 ut

71 3343 170 3396 orent:
192 3335 302 3396 idcirco
326 3353 362 3394 ex
377 3333 449 3394 Deo·
462 3333 508 3394 illa
531 3351 598 3394 esse
621 3333 730 3394 dictum
753 3340 808 3393 est.
852 3331 889 3394 bt
903 3332 1043 3406 Verbum,
1065 3333 1133 3412 quia
1154 3340 1280 3394 nonest

72 3433 127 3508 quid
154 3443 298 3510 meatum,
328 3434 425 3496 solum
456 3433 556 3512 utique
585 3441 615 3494 et
643 3451 712 3494 esse
738 3433 845 3494 dicitur
873 3441 902 3492 et
923 3451 1024 3494 revera
1048 3442 1094 3494 est
1116 3452 1152 3495 ex
1174 3433 1278 3507 Patre3

72 3539 145 3611 atque
169 3537 198 3596 id
227 3535 325 3615 ipsum
355 3535 549 3614 significatur,
580 3553 646 3595 curn
675 3533 797 3606 dicitur,
827 3533 933 3596 Filium
963 3553 1031 3596 esse
1053 3552 1088 3594 ex
1112 3533 1279 3596 substantia

72 3629 170 3720 intrim¹
197 3637 226 3697 id
254 3637 333 3698 euim
355 3635 427 3698 nulli
449 3636 493 3696 rei
515 3637 608 3697 iactae
629 3643 729 3713 potest
750 3653 923 3713 congruere.
969 3634 1047 3696 Saue
1067 3634 1193 3708 Paulus,
1227 3634 1278 3712 qui

73 3735 154 3796 onnia
175 3755 210 3798 ox
231 3737 294 3798 Deo
318 3755 387 3799 esse
409 3736 488 3808 dicit,
511 3755 580 3798 mox
604 3735 740 3800 subiicit:
763 3735 801 3800 br
823 3755 903 3798 unns
919 3735 1069 3798 Dominus
1085 3735 1170 3797 lesus
1188 3735 1279 3797 Cleri-

73 3843 139 3904 tlttt,
157 3857 213 3918 per
235 3857 321 3920 prtem
344 3843 459 3912 omnim
482 3857 589 3918 nempe
610 3832 644 3899 ut'
664 3845 786 3898 cunctos
809 3837 945 3909 doceret,
969 3835 1075 3898 Filium
1096 3835 1184 3897 alium
1208 3851 1277 3894 esse

73 3931 101 3992 ab
120 3939 266 4012 omuibus,
296 3957 372 4019 quae
402 3957 437 4000 ex
460 3939 521 4001 Deo
544 3941 618 4000 iacta
641 3945 720 3998 sunt.
764 3937 838 3998 Nam
860 3957 935 4016 quae
958 3955 993 3998 ex
1015 3936 1076 3998 Deo
1100 3937 1174 3996 lacte
1196 3942 1278 4006 sunt,

73 4049 116 4107 per
133 4037 233 4100 Filium
256 4048 328 4100 sunt
348 4041 433 4100 lacta.
479 4038 526 4100 Ob
553 4037 732 4100 creationem
755 4039 861 4118 igitur,
890 4037 972 4100 cuius
994 4036 1073 4097 licus
1095 4037 1277 4104 auctorest,

72 4130 131 4194 baec
158 4137 203 4198 ille
235 4139 325 4213 dixit,
357 4157 419 4200 non
448 4157 518 4201 vero
547 4137 626 4218 quod
655 4139 753 4202 omnio
783 4139 844 4200 sint
865 4156 900 4198 ex
921 4135 1025 4206 Patre,
1053 4140 1086 4194 ut
1108 4139 1154 4193 est
1174 4130 1278 4194 Filius.
1370 4158 1373 4164 ¹

99 4352 281 4408 tttuoonine
314 4366 339 4407 er
370 4357 519 4418 ueniebant,
555 4358 640 4408 Simon
692 4347 920 4416 τῆςοῦσίαςτοῦ
937 4347 1043 4419 πατρός
1070 4353 1157 4403 desunt
1175 4353 1198 4402 ln
1218 4349 1277 4400 etit.

72 4413 146 4481 Ἂιιιι,
163 4423 297 4486 blenanrier,
315 4425 462 4475 Saturninus
482 4425 579 4489 aliique.
693 4423 810 4474 Commel.
822 4421 879 4471 et'l.
898 4435 943 4470 ms.
963 4421 1068 4472 Felclrm.
1105 4421 1130 4469 ln
1149 4419 1202 4468 aliis
1220 4431 1277 4466 vero

99 4501 116 4533 e.
134 4489 191 4540 llaec
208 4493 277 4542 rerba
303 4491 352 4552 τῆς
377 4487 408 4540 δὲ
431 4483 559 4551 τοιαύτης
582 4486 641 4540 δια·
694 4493 821 4549 babentor,
839 4503 915 4553 eaque
934 4489 1044 4552 legarunt
1061 4488 1168 4540 Nouniur
1187 4493 1210 4534 et
1221 4484 1279 4531 Am·

73 4545 134 4605 reice
154 4551 308 4625 γνώρισμα,
330 4553 362 4608 τὸ
381 4547 452 4608 εἶναι
469 4553 519 4607 τὸν
536 4553 597 4608 oibr
613 4552 641 4608 irc
693 4559 759 4608 bros.
778 4557 885 4608 Cameli.
