3072 5056
475 366 583 408 enarro
599 366 620 409 1.
636 367 750 410 conans
765 367 901 411 animos.
1238 356 1297 416 tlt

87 523 166 588 ment,
187 521 271 596 atque
292 514 493 578 detestandam
515 515 662 578 baeresim
677 516 825 598 appellent
838 517 977 594 bonam);
1000 519 1085 582 robis
1107 520 1296 584 hortantibus
1307 537 1385 580 ram.

85 616 271 680 necessarium
299 617 368 678 dani
401 617 530 679 thoracis
552 618 695 682 netandae
716 618 839 680 huiusce
868 618 999 681 haeresis
1028 621 1111 684 sinus
1141 623 1296 702 explicare,

85 729 160 798 atqm
180 718 244 782 eius
265 716 405 780 stultitiae
425 720 590 796 patefacere
613 722 770 792 foetorem,
794 730 826 781 ut
848 719 895 798 qu'
919 721 1021 799 procul
1043 721 1079 782 ab
1102 741 1136 786 ea
1151 733 1223 786 suut
1244 745 1295 788 re-

85 821 158 894 moti,
179 839 242 883 eam
264 819 357 899 magis
379 819 474 882 adhuc
496 819 617 900 lugiunt.
640 821 690 900 qui
714 827 811 882 autem
833 819 870 880 ab
949 821 1063 900 decepti
1085 825 1221 898 luerunt,
1244 845 1295 888 re·

85 923 211 1001 sipisoeat
240 921 410 1002 apertisque
432 921 531 983 cordis
554 921 648 984 oculis
670 922 849 1002 intelligant,
880 923 1127 1000 quemadmodum
1157 925 1296 990 tenebrae
1352 955 1359 976 ι

85 1042 137 1084 non
155 1032 220 1088 sunt
240 1023 291 1086 lux
314 1041 369 1086 nec
390 1024 574 1086 mendacium
597 1024 713 1098 veritas,
737 1024 775 1085 ita
791 1024 928 1086 Arianam
951 1023 1098 1086 haeresim
1114 1025 1221 1088 bonam
1236 1027 1382 1090 miram.

83 1127 150 1186 nime
170 1145 255 1196 esse.
284 1127 376 1188 immo
398 1145 468 1188 vcro
491 1145 562 1199 eos,
593 1127 643 1205 qui
664 1127 791 1188 Arianos
815 1125 999 1187 Christianos
1022 1135 1142 1198 vocant,
1172 1129 1294 1190 multum
1371 1188 1378 1205 ,

80 1229 198 1306 prolecto
220 1229 366 1308 valdeque
387 1247 496 1302 amare,
518 1235 656 1308 tanquam
678 1228 728 1306 qui
751 1246 806 1289 neo
820 1227 989 1307 Scripturas
1011 1227 1136 1308 legerint
1157 1248 1211 1290 uec
1226 1231 1297 1310 quid

79 1329 113 1390 sit
131 1329 373 1394 illuistianismus
396 1339 426 1392 et
446 1327 632 1392 Christianae
653 1329 805 1410 religionis
829 1329 902 1391 tues
926 1331 1049 1391 omnino
1071 1331 1175 1392 sciant.

150 1637 178 1698 2.
223 1634 305 1710 uota
333 1633 411 1696 enim
439 1633 536 1696 simile
563 1632 712 1696 haeresim
739 1633 818 1694 inter
846 1641 876 1693 et
903 1643 1012 1696 rectam
1039 1635 1177 1714 piamque
1205 1634 1295 1696 fidem

76 1735 352 1809 animaduerterunt,
375 1746 407 1798 ut
427 1736 583 1815 nugatorie
605 1743 791 1805 assererent,
821 1733 893 1796 nihil
915 1734 981 1796 illos
1004 1734 1071 1796 mali
1094 1735 1218 1798 dicere?
1263 1737 1294 1798 Si

75 1837 107 1897 ita
127 1849 183 1910 est,
211 1837 272 1900 illis
300 1855 375 1899 sane
403 1836 489 1899 liceat
510 1836 651 1916 Caipham
673 1835 874 1898 Christianum
896 1853 1082 1916 nuncupare,
1111 1839 1296 1918 proditorem

74 1937 163 2000 ludam
189 1939 271 2001 inter
291 1938 454 2020 Apostolos
482 1955 654 2008 numerare,
683 1937 863 1999 contendere
894 1937 968 1999 nihil
996 1957 1050 2000 eos
1078 1939 1146 2002 mali
1174 1940 1294 2013 iecisse,

73 2042 114 2119 qui
137 2041 304 2104 barabbam
332 2059 406 2120 prae
435 2039 588 2102 Salvatore
617 2039 783 2118 petierunt,
811 2038 1012 2119 Hymenaeum
1040 2050 1070 2104 et
1096 2040 1294 2104 Alexandmm

74 2151 196 2223 unquam
225 2152 313 2205 recte
340 2143 502 2204 sentientes
531 2142 754 2214 commendare,
787 2141 991 2221 alllrmareque
1017 2143 1193 2222 Apostolum
1221 2144 1293 2206 salsa

73 2245 120 2306 illis
139 2245 305 2308 effinxisse.
350 2245 457 2304 l'erum
473 2261 560 2306 nemu
576 2243 762 2306 Christianus
785 2243 842 2304 ista
864 2244 909 2304 rel
930 2243 1032 2306 audire
1045 2245 1181 2318 uoluerit,
1203 2263 1293 2307 nemo

73 2365 139 2420 cnm,
160 2349 209 2428 qui
232 2347 312 2410 baec
333 2345 413 2408 ausit
433 2345 541 2414 dicere,
564 2362 635 2406 sana
657 2355 757 2407 mente
778 2363 848 2406 esse
868 2347 1024 2424 putaverit.
1062 2347 1220 2410 Enimvero
1235 2366 1291 2428 pro

73 2447 174 2512 Christo
195 2449 292 2512 Arius
315 2445 373 2508 illis
395 2455 450 2520 est,
474 2448 516 2508 uti
539 2446 717 2508 llanicbaeis
732 2446 930 2508 Manichacus.
964 2447 1106 2509 Simihter
1121 2467 1176 2527 pro
1191 2449 1293 2527 hlopsc

72 2549 158 2613 aliisue
177 2551 251 2612 airis
278 2549 395 2610 Sanctis
418 2549 520 2611 nescio
543 2567 630 2628 quem
646 2547 796 2620 Sotadem,
819 2549 869 2627 qui
887 2548 961 2627 ipsis
977 2549 1143 2610 Gentilibus
1165 2548 1293 2610 ludibrio

71 2662 122 2724 est,
151 2663 181 2714 et
201 2653 298 2714 tiliam
322 2649 500 2712 Herodiadis
521 2659 707 2730 repererunt.
751 2650 884 2728 Namque
912 2657 942 2710 et
962 2649 1042 2710 illius
1064 2651 1175 2709 tractos
1198 2650 1293 2708 elioe-

69 2753 246 2834 minatosqne
272 2769 375 2814 mores
397 2751 482 2814 Arius
505 2751 624 2813 Thaliae
646 2769 763 2831 quoque
791 2751 858 2830 ipse
886 2749 1045 2810 scribendo
1075 2747 1207 2808 imitatus
1236 2755 1294 2820 est,

70 2865 94 2914 ct
112 2855 195 2918 huius
218 2853 385 2917 saltatricis
408 2853 594 2915 saltationem
617 2854 681 2916 suis
704 2853 733 2914 in
749 2851 907 2914 Dominum
928 2847 1092 2910 maledictis
1114 2845 1248 2910 saltando
1264 2855 1295 2907 et

69 2953 185 3019 ludendo
208 2966 259 3020 est
285 2953 460 3028 aemulatus,
486 2953 561 3016 adeo
582 2954 687 3034 utqui
709 2954 739 3016 in
761 2951 933 3016 huiusmodi
954 2950 1102 3013 haeresim
1125 2947 1293 3020 inciderint,

71 3065 157 3119 mente
179 3055 402 3120 conturbentur
424 3063 454 3116 et
474 3055 637 3136 desipiant,
666 3065 697 3117 et
722 3073 833 3117 nomen
854 3053 971 3116 llomini
993 3052 1104 3133 gloriae
1126 3061 1241 3114 mutent
1262 3051 1292 3112 in

70 3159 288 3222 similitudinem
311 3155 448 3236 imaginis
469 3158 671 3238 corruptibilis
693 3157 841 3230 hominis,
864 3174 898 3218 ac
919 3155 1047 3235 denique
1068 3174 1123 3234 pro
1145 3153 1292 3216 Christia-

70 3259 111 3318 nis
130 3261 229 3322 hmani
249 3257 466 3331 nominentur,
496 3259 610 3339 hocque
639 3277 711 3320 suae
732 3257 892 3337 impietatis
914 3256 1042 3318 babeant
1062 3255 1188 3334 insigne.
1231 3254 1293 3316 Nec

71 3360 139 3422 anim
160 3361 285 3442 seipsos
309 3367 455 3421 conentur
476 3360 651 3432 defendere,
686 3379 741 3422 nec
767 3360 846 3439 quod
875 3359 933 3421 illis
964 3357 1077 3438 probro
1105 3365 1152 3419 est
1180 3355 1210 3417 in
1239 3375 1292 3418 eos

71 3573 181 3632 ἑκοῦσαι.
217 3583 274 3632 llos
293 3581 386 3642 tnglic.
415 3579 486 3629 basil.
506 3581 610 3630 Fetetrm.
630 3580 653 3630 2.
706 3577 755 3641 dqc
772 3574 854 3648 Κρής,
875 3573 1069 3660 Μαρωνείτης,
1089 3569 1288 3643 δαιμονισθείς.

74 3657 94 3694 et
109 3651 129 3698 5.
153 3647 245 3715 λέγειν
273 3647 374 3703 τοῦτο,
403 3640 537 3711 ὑγιαίνειν
561 3641 596 3695 ἄν
613 3663 654 3702 τις
706 3641 901 3715 ιἰεμβογράᾳος
917 3651 1023 3725 εγςαψε
1041 3637 1164 3710 aphricana
1182 3637 1292 3703 ἧιοικι-

75 3714 160 3764 τοῦτον
175 3717 239 3770 ταῖς
258 3709 365 3782 φρεσὶν
381 3708 521 3778 ὑπολάβοι.
546 3717 652 3767 Sicitem
705 3713 815 3769 vuidone
833 3709 962 3778 druisaaqa
977 3705 1090 3779 Ἶωναῇ.
1126 3713 1222 3762 Sotades
1237 3711 1291 3760 Cre-

73 3785 158 3834 Gobter.
177 3795 201 3835 et
220 3787 333 3835 l'elclrm.
355 3783 375 3832 l.
403 3784 446 3832 scd
464 3781 565 3831 τοῦτον
582 3788 653 3834 omit·
706 3789 792 3846 tensis,
813 3785 942 3842 aaronita,
962 3784 1143 3840 bonromaeus,
1164 3781 1291 3830 lumborum

72 3859 124 3900 tent.
156 3856 261 3914 Segner.
277 3849 360 3898 tadeo
377 3845 473 3930 Mysia,
492 3843 655 3916 ὁγιαίνειᾶν
705 3856 804 3918 scriptor
821 3855 948 3914 comparuit
966 3851 1076 3910 l’hlpacaa
1095 3851 1129 3906 tid
1139 3856 1172 3896 ert
1188 3851 1292 3902 actumst

71 3930 106 3970 ²¹5
121 3921 178 3974 wls
195 3913 305 4002 φρεσὶν
322 3911 462 3982 ὕπολαροι.
498 3921 555 3980 lleg.
566 3915 655 3984 λέγειν
707 3925 754 3970 elec
773 3921 886 3969 sicardus
905 3921 970 3970 loreia
989 3918 1097 3966 dialecto,
1134 3915 1167 3964 ue
1187 3915 1233 3962 isto
1252 3913 1291 3962 nl·

71 3977 494 4118 aqiafr,2aq}raire¹ridririodrcv
510 3987 572 4066 qaia
589 4001 654 4068 qps·
706 3999 764 4038 tama
788 4002 873 4104 ιετἯὲ
895 3987 1061 4117 Ιιίοιὴὶιιῖιιπ.
1096 3978 1235 4048 [Praeterea
1254 3981 1292 4030 ed.

72 4064 174 4103 ursona
229 4067 268 4103 os.
343 4063 367 4103 ru
404 4067 655 4120 γειντουτονυγι·
705 4071 778 4120 supra
798 4071 821 4119 p.
876 4069 951 4104 .no.
988 4089 993 4100 .

71 4121 149 4198 atrata
165 4117 200 4171 ἄν
218 4136 264 4175 rac
282 4119 344 4174 ταῖς
360 4115 462 4186 qpaeir
478 4115 619 4186 ὑπολάβοι.
739 4141 760 4189 ι,
781 4139 921 4188 gffipmq.
938 4129 1085 4201 γενόμενος
1108 4140 1131 4181 et
1154 4133 1201 4181 stin
1220 4146 1292 4183 maun

100 4207 114 4238 ι.
132 4193 231 4254 Segusa.
260 4189 360 4241 Gabler.
385 4199 409 4239 et
427 4190 533 4240 l'elckm.
555 4191 652 4240 hlu-
703 4200 864 4273 γελώμενος,
899 4205 991 4266 Angue,
1009 4193 1171 4268 γενόμενος.

70 4249 149 4371 Γίττῃ.
185 4261 227 4309 Sic
254 4258 327 4306 etiam
353 4260 505 4308 emendatum
525 4260 653 4340 legitarin
739 4292 756 4341 Ι,
774 4293 874 4354 scm
893 4289 991 4340 ‘3⁰qu
1011 4295 1033 4336 οι
1044 4285 1148 4336 felem
1161 4285 1183 4334 1·
1200 4281 1293 4352 Wg.

87 4327 199 4386 ugttcana.
238 4327 317 4375 Parra
336 4325 398 4374 dnos
416 4331 500 4390 patras
519 4327 590 4377 barus
608 4341 653 4378 ao-

73 4393 134 4441 niuu
152 4393 438 4451 commemorarsmuus,
455 4393 582 4458 dequibus
594 4395 654 4445 baec

74 4456 150 4511 hahet:
163 4453 302 4518 torridus
316 4449 468 4520 haarnac,
477 4455 597 4528 κωμικὸς
604 4461 654 4523 τῆς
739 4477 771 4512 m.
790 4461 847 4522 ueg.
865 4451 1057 4524 dlucttttss'fltr·
1084 4455 1135 4506 llo!
1149 4455 1292 4532 ngnerlty·

73 4523 145 4588 μέσης
166 4522 326 4596 κωμῳδίας,
371 4530 469 4580 Sotades
498 4531 651 4590 Atheniensis,
703 4531 796 4590 loglia.
821 4527 919 4577 Gohler.
944 4535 968 4575 et
991 4525 1097 4574 l‘elckm.
1117 4525 1140 4574 l.
1156 4536 1208 4570 τον
1223 4527 1293 4568 reor

75 4603 131 4652 parta
154 4601 258 4648 eenricus
277 4597 366 4648 medias
384 4599 524 4650 comoediae.
558 4591 655 4648 zott-
702 4589 748 4644 καὶ
766 4593 883 4662 φρονεῖν
900 4584 963 4659 παρ’
985 4583 1061 4641 ‘a'dsi
1076 4589 1201 4657 φρονεῖν.

1036 4674 1089 4727 ld*

704 4373 750 4408 rat
769 4367 793 4409 et
812 4373 865 4408 mox
884 4351 1003 4408 θαλείας.
