<?xml version="1.0" encoding="UTF-8"?>
<!DOCTYPE html PUBLIC "-//W3C//DTD XHTML 1.0 Transitional//EN"
    "http://www.w3.org/TR/xhtml1/DTD/xhtml1-transitional.dtd">
<html xmlns="http://www.w3.org/1999/xhtml" xml:lang="en" lang="en">
 <head>
  <title>
</title>
<meta http-equiv="Content-Type" content="text/html;charset=utf-8" />
  <meta name='ocr-system' content='tesseract 3.04.00' />
  <meta name='ocr-capabilities' content='ocr_page ocr_carea ocr_par ocr_line ocrx_word'/>
</head>
<body>
  <div class='ocr_page' id='page_1' title='image "./sanctiathanasii01athagoog_0696.png"; bbox 0 0 3158 5050; ppageno 0'>
   <div class='ocr_carea' id='block_1_1' title="bbox 547 357 1362 424">
    <p class='ocr_par' dir='ltr' id='par_1_1' title="bbox 547 357 1362 424">
     <span class='ocr_line' id='line_1_1' title="bbox 547 357 1362 424; baseline 0.01 -8"><span class='ocrx_word' id='word_1_1' title='bbox 547 371 656 417; x_wconf 78' lang='lat' dir='ltr'>oasam</span> <span class='ocrx_word' id='word_1_2' title='bbox 673 371 712 416; x_wconf 79' lang='lat' dir='ltr'>rr.</span> <span class='ocrx_word' id='word_1_3' title='bbox 729 373 845 416; x_wconf 81' lang='lat' dir='ltr'>conrnu</span> <span class='ocrx_word' id='word_1_4' title='bbox 860 372 996 416; x_wconf 74' lang='lat' dir='ltr'>intonas.</span> <span class='ocrx_word' id='word_1_5' title='bbox 1302 357 1362 424; x_wconf 77' lang='lat' dir='ltr'>cst</span> 
     </span>
    </p>
   </div>
   <div class='ocr_carea' id='block_1_2' title="bbox 50 523 1489 3960">
    <p class='ocr_par' dir='ltr' id='par_1_2' title="bbox 129 523 1489 1319">
     <span class='ocr_line' id='line_1_2' title="bbox 131 523 1452 606; baseline 0.004 -18"><span class='ocrx_word' id='word_1_6' title='bbox 131 525 177 588; x_wconf 91' lang='lat' dir='ltr'>hil</span> <span class='ocrx_word' id='word_1_7' title='bbox 197 525 248 587; x_wconf 78' lang='lat' dir='ltr'>laic</span> <span class='ocrx_word' id='word_1_8' title='bbox 277 543 456 606; x_wconf 88' lang='lat' dir='ltr'>corporeum</span> <span class='ocrx_word' id='word_1_9' title='bbox 483 523 705 605; x_wconf 87' lang='lat' dir='ltr'>intelligendum</span> <span class='ocrx_word' id='word_1_10' title='bbox 735 533 792 588; x_wconf 90' lang='lat' dir='ltr'>est.</span> <span class='ocrx_word' id='word_1_11' title='bbox 837 523 949 604; x_wconf 82' lang='lat' dir='ltr'>Nempe</span> <span class='ocrx_word' id='word_1_12' title='bbox 977 543 1044 588; x_wconf 88' lang='lat' dir='ltr'>mos</span> <span class='ocrx_word' id='word_1_13' title='bbox 1073 533 1118 588; x_wconf 86' lang='lat' dir='ltr'>cst</span> <span class='ocrx_word' id='word_1_14' title='bbox 1145 523 1262 590; x_wconf 79' lang='lat' dir='ltr'>divinae</span> <span class='ocrx_word' id='word_1_15' title='bbox 1284 525 1452 593; x_wconf 73' lang='lat' dir='ltr'>Scri-oms.</span> 
     </span>
     <span class='ocr_line' id='line_1_3' title="bbox 132 626 1366 709; baseline 0.002 -21"><span class='ocrx_word' id='word_1_16' title='bbox 132 635 251 708; x_wconf 88' lang='lat' dir='ltr'>pturse,</span> <span class='ocrx_word' id='word_1_17' title='bbox 276 645 320 698; x_wconf 87' lang='lat' dir='ltr'>ea,</span> <span class='ocrx_word' id='word_1_18' title='bbox 343 645 418 706; x_wconf 87' lang='lat' dir='ltr'>quse</span> <span class='ocrx_word' id='word_1_19' title='bbox 441 645 531 707; x_wconf 83' lang='lat' dir='ltr'>supra</span> <span class='ocrx_word' id='word_1_20' title='bbox 553 627 706 689; x_wconf 88' lang='lat' dir='ltr'>hominem</span> <span class='ocrx_word' id='word_1_21' title='bbox 729 633 809 695; x_wconf 86' lang='lat' dir='ltr'>sunt,</span> <span class='ocrx_word' id='word_1_22' title='bbox 832 626 963 688; x_wconf 88' lang='lat' dir='ltr'>humano</span> <span class='ocrx_word' id='word_1_23' title='bbox 985 645 1069 688; x_wconf 91' lang='lat' dir='ltr'>more</span> <span class='ocrx_word' id='word_1_24' title='bbox 1092 627 1198 692; x_wconf 86' lang='lat' dir='ltr'>ellerro</span> <span class='ocrx_word' id='word_1_25' title='bbox 1220 635 1250 692; x_wconf 89' lang='lat' dir='ltr'>et</span> <span class='ocrx_word' id='word_1_26' title='bbox 1271 630 1366 709; x_wconf 90' lang='lat' dir='ltr'>signi-</span> 
     </span>
     <span class='ocr_line' id='line_1_4' title="bbox 130 727 1369 809; baseline 0.004 -19"><span class='ocrx_word' id='word_1_27' title='bbox 130 730 234 791; x_wconf 82' lang='lat' dir='ltr'>lirare.</span> <span class='ocrx_word' id='word_1_28' title='bbox 278 727 354 790; x_wconf 87' lang='lat' dir='ltr'>Hinc</span> <span class='ocrx_word' id='word_1_29' title='bbox 382 729 419 790; x_wconf 90' lang='lat' dir='ltr'>de</span> <span class='ocrx_word' id='word_1_30' title='bbox 447 729 597 790; x_wconf 74' lang='lat' dir='ltr'>creatione</span> <span class='ocrx_word' id='word_1_31' title='bbox 625 728 669 792; x_wconf 91' lang='lat' dir='ltr'>sic</span> <span class='ocrx_word' id='word_1_32' title='bbox 695 728 841 808; x_wconf 83' lang='lat' dir='ltr'>loquitur:</span> <span class='ocrx_word' id='word_1_33' title='bbox 876 727 986 791; x_wconf 83' lang='lat' dir='ltr'>Manus</span> <span class='ocrx_word' id='word_1_34' title='bbox 1016 739 1086 793; x_wconf 85' lang='lat' dir='ltr'>tuae</span> <span class='ocrx_word' id='word_1_35' title='bbox 1112 731 1252 809; x_wconf 73' lang='lat' dir='ltr'>fecerunt</span> <span class='ocrx_word' id='word_1_36' title='bbox 1272 751 1318 796; x_wconf 90' lang='lat' dir='ltr'>mc</span> <span class='ocrx_word' id='word_1_37' title='bbox 1340 743 1369 795; x_wconf 89' lang='lat' dir='ltr'>et</span> 
     </span>
     <span class='ocr_line' id='line_1_5' title="bbox 129 830 1489 914; baseline 0.001 -21"><span class='ocrx_word' id='word_1_38' title='bbox 129 832 353 910; x_wconf 74' lang='lat' dir='ltr'>formaverunt</span> <span class='ocrx_word' id='word_1_39' title='bbox 372 839 432 903; x_wconf 87' lang='lat' dir='ltr'>nte,</span> <span class='ocrx_word' id='word_1_40' title='bbox 462 838 492 892; x_wconf 90' lang='lat' dir='ltr'>et</span> <span class='ocrx_word' id='word_1_41' title='bbox 515 830 624 894; x_wconf 76' lang='lat' dir='ltr'>Manus</span> <span class='ocrx_word' id='word_1_42' title='bbox 646 849 712 893; x_wconf 86' lang='lat' dir='ltr'>nec</span> <span class='ocrx_word' id='word_1_43' title='bbox 733 832 808 910; x_wconf 73' lang='lat' dir='ltr'>fecit</span> <span class='ocrx_word' id='word_1_44' title='bbox 830 831 900 893; x_wconf 78' lang='lat' dir='ltr'>laec</span> <span class='ocrx_word' id='word_1_45' title='bbox 924 836 1040 903; x_wconf 72' lang='lat' dir='ltr'>onnia,</span> <span class='ocrx_word' id='word_1_46' title='bbox 1070 839 1101 893; x_wconf 91' lang='lat' dir='ltr'>et</span> <span class='ocrx_word' id='word_1_47' title='bbox 1122 832 1192 914; x_wconf 87' lang='lat' dir='ltr'>lpas</span> <span class='ocrx_word' id='word_1_48' title='bbox 1212 835 1369 898; x_wconf 82' lang='lat' dir='ltr'>mandauit</span> <span class='ocrx_word' id='word_1_49' title='bbox 1484 871 1489 876; x_wconf 92' lang='lat'>-</span> 
     </span>
     <span class='ocr_line' id='line_1_6' title="bbox 131 931 1368 1015; baseline 0.003 -21"><span class='ocrx_word' id='word_1_50' title='bbox 131 943 165 994; x_wconf 85' lang='lat' dir='ltr'>et</span> <span class='ocrx_word' id='word_1_51' title='bbox 188 945 290 994; x_wconf 85' lang='lat' dir='ltr'>creata</span> <span class='ocrx_word' id='word_1_52' title='bbox 312 945 393 996; x_wconf 88' lang='lat' dir='ltr'>sunt.</span> <span class='ocrx_word' id='word_1_53' title='bbox 439 931 568 1014; x_wconf 31' lang='lat' dir='ltr'>Scilicet,</span> <span class='ocrx_word' id='word_1_54' title='bbox 587 931 742 1012; x_wconf 88' lang='lat' dir='ltr'>aptissime</span> <span class='ocrx_word' id='word_1_55' title='bbox 765 931 880 1011; x_wconf 84' lang='lat' dir='ltr'>singula</span> <span class='ocrx_word' id='word_1_56' title='bbox 904 933 1040 1006; x_wconf 87' lang='lat' dir='ltr'>denotat,</span> <span class='ocrx_word' id='word_1_57' title='bbox 1070 948 1137 996; x_wconf 92' lang='lat' dir='ltr'>cum</span> <span class='ocrx_word' id='word_1_58' title='bbox 1159 943 1190 996; x_wconf 87' lang='lat' dir='ltr'>ct</span> <span class='ocrx_word' id='word_1_59' title='bbox 1210 935 1256 1007; x_wconf 91' lang='lat' dir='ltr'>id,</span> <span class='ocrx_word' id='word_1_60' title='bbox 1286 933 1368 1015; x_wconf 88' lang='lat' dir='ltr'>quod</span> 
     </span>
     <span class='ocr_line' id='line_1_7' title="bbox 130 1033 1368 1114; baseline 0.006 -21"><span class='ocrx_word' id='word_1_61' title='bbox 130 1033 378 1113; x_wconf 83' lang='lat' dir='ltr'>Filii&#39;propriom</span> <span class='ocrx_word' id='word_1_62' title='bbox 401 1041 431 1094; x_wconf 92' lang='lat' dir='ltr'>et</span> <span class='ocrx_word' id='word_1_63' title='bbox 453 1051 628 1113; x_wconf 87' lang='lat' dir='ltr'>germanum</span> <span class='ocrx_word' id='word_1_64' title='bbox 652 1042 708 1106; x_wconf 90' lang='lat' dir='ltr'>est,</span> <span class='ocrx_word' id='word_1_65' title='bbox 732 1033 884 1114; x_wconf 79' lang='lat' dir='ltr'>exprimit,</span> <span class='ocrx_word' id='word_1_66' title='bbox 909 1043 938 1096; x_wconf 91' lang='lat' dir='ltr'>et</span> <span class='ocrx_word' id='word_1_67' title='bbox 959 1053 1009 1097; x_wconf 89' lang='lat' dir='ltr'>res</span> <span class='ocrx_word' id='word_1_68' title='bbox 1031 1043 1145 1097; x_wconf 83' lang='lat' dir='ltr'>mestas</span> <span class='ocrx_word' id='word_1_69' title='bbox 1165 1033 1277 1098; x_wconf 85' lang='lat' dir='ltr'>indicet</span> <span class='ocrx_word' id='word_1_70' title='bbox 1298 1052 1368 1100; x_wconf 85' lang='lat' dir='ltr'>csso</span> 
     </span>
     <span class='ocr_line' id='line_1_8' title="bbox 130 1135 1367 1218; baseline 0.003 -23"><span class='ocrx_word' id='word_1_71' title='bbox 130 1135 313 1213; x_wconf 76' lang='lat' dir='ltr'>incoepisse.</span> <span class='ocrx_word' id='word_1_72' title='bbox 357 1135 431 1196; x_wconf 87' lang='lat' dir='ltr'>Nem</span> <span class='ocrx_word' id='word_1_73' title='bbox 452 1135 507 1197; x_wconf 87' lang='lat' dir='ltr'>hes</span> <span class='ocrx_word' id='word_1_74' title='bbox 529 1135 649 1215; x_wconf 88' lang='lat' dir='ltr'>quidem</span> <span class='ocrx_word' id='word_1_75' title='bbox 673 1135 741 1198; x_wconf 86' lang='lat' dir='ltr'>lacit</span> <span class='ocrx_word' id='word_1_76' title='bbox 769 1144 799 1196; x_wconf 91' lang='lat' dir='ltr'>et</span> <span class='ocrx_word' id='word_1_77' title='bbox 820 1144 917 1210; x_wconf 86' lang='lat' dir='ltr'>creet,</span> <span class='ocrx_word' id='word_1_78' title='bbox 947 1136 1053 1200; x_wconf 84' lang='lat' dir='ltr'>Filium</span> <span class='ocrx_word' id='word_1_79' title='bbox 1080 1143 1177 1200; x_wconf 86' lang='lat' dir='ltr'>satem</span> <span class='ocrx_word' id='word_1_80' title='bbox 1207 1155 1242 1198; x_wconf 89' lang='lat' dir='ltr'>ex</span> <span class='ocrx_word' id='word_1_81' title='bbox 1265 1138 1367 1218; x_wconf 83' lang='lat' dir='ltr'>seipso</span> 
     </span>
     <span class='ocr_line' id='line_1_9' title="bbox 132 1235 1367 1319; baseline 0.004 -22"><span class='ocrx_word' id='word_1_82' title='bbox 132 1235 262 1298; x_wconf 81' lang='lat' dir='ltr'>Verbum</span> <span class='ocrx_word' id='word_1_83' title='bbox 285 1245 315 1298; x_wconf 90' lang='lat' dir='ltr'>et</span> <span class='ocrx_word' id='word_1_84' title='bbox 338 1235 512 1315; x_wconf 87' lang='lat' dir='ltr'>sapientiam</span> <span class='ocrx_word' id='word_1_85' title='bbox 535 1237 637 1316; x_wconf 88' lang='lat' dir='ltr'>gignit.</span> <span class='ocrx_word' id='word_1_86' title='bbox 683 1236 791 1307; x_wconf 87' lang='lat' dir='ltr'>Uterus</span> <span class='ocrx_word' id='word_1_87' title='bbox 808 1237 887 1299; x_wconf 88' lang='lat' dir='ltr'>enim</span> <span class='ocrx_word' id='word_1_88' title='bbox 910 1245 940 1300; x_wconf 89' lang='lat' dir='ltr'>et</span> <span class='ocrx_word' id='word_1_89' title='bbox 961 1256 1014 1299; x_wconf 90' lang='lat' dir='ltr'>eor</span> <span class='ocrx_word' id='word_1_90' title='bbox 1035 1238 1190 1319; x_wconf 79' lang='lat' dir='ltr'>proprium</span> <span class='ocrx_word' id='word_1_91' title='bbox 1214 1248 1244 1299; x_wconf 89' lang='lat' dir='ltr'>et</span> <span class='ocrx_word' id='word_1_92' title='bbox 1265 1255 1367 1302; x_wconf 83' lang='lat' dir='ltr'>renim</span> 
     </span>
    </p>

    <p class='ocr_par' dir='ltr' id='par_1_3' title="bbox 133 1337 1452 1520">
     <span class='ocr_line' id='line_1_10' title="bbox 133 1337 1452 1420; baseline 0.002 -22"><span class='ocrx_word' id='word_1_93' title='bbox 133 1339 227 1400; x_wconf 80' lang='lat' dir='ltr'>letum</span> <span class='ocrx_word' id='word_1_94' title='bbox 248 1337 424 1417; x_wconf 74' lang='lat' dir='ltr'>significant.</span> <span class='ocrx_word' id='word_1_95' title='bbox 469 1337 622 1418; x_wconf 85' lang='lat' dir='ltr'>Siquidem</span> <span class='ocrx_word' id='word_1_96' title='bbox 650 1356 707 1400; x_wconf 90' lang='lat' dir='ltr'>nos</span> <span class='ocrx_word' id='word_1_97' title='bbox 736 1357 839 1402; x_wconf 84' lang='lat' dir='ltr'>verum</span> <span class='ocrx_word' id='word_1_98' title='bbox 867 1341 958 1402; x_wconf 83' lang='lat' dir='ltr'>lotum</span> <span class='ocrx_word' id='word_1_99' title='bbox 988 1339 1181 1420; x_wconf 78' lang='lat' dir='ltr'>producimus</span> <span class='ocrx_word' id='word_1_100' title='bbox 1209 1357 1247 1402; x_wconf 84' lang='lat' dir='ltr'>ex</span> <span class='ocrx_word' id='word_1_101' title='bbox 1268 1349 1366 1414; x_wconf 88' lang='lat' dir='ltr'>utero,</span> <span class='ocrx_word' id='word_1_102' title='bbox 1448 1403 1452 1412; x_wconf 59' lang='grc'><strong>,</strong></span> 
     </span>
     <span class='ocr_line' id='line_1_11' title="bbox 136 1440 969 1520; baseline 0.002 -20"><span class='ocrx_word' id='word_1_103' title='bbox 136 1454 227 1520; x_wconf 83' lang='lat' dir='ltr'>opere</span> <span class='ocrx_word' id='word_1_104' title='bbox 249 1449 348 1502; x_wconf 88' lang='lat' dir='ltr'>eutem</span> <span class='ocrx_word' id='word_1_105' title='bbox 371 1457 460 1502; x_wconf 86' lang='lat' dir='ltr'>menn</span> <span class='ocrx_word' id='word_1_106' title='bbox 484 1440 639 1502; x_wconf 86' lang='lat' dir='ltr'>efficimus.</span> <span class='ocrx_word' id='word_1_107' title='bbox 967 1507 969 1518; x_wconf 61' lang='grc'>,</span> 
     </span>
    </p>

    <p class='ocr_par' dir='ltr' id='par_1_4' title="bbox 135 1540 1452 3657">
     <span class='ocr_line' id='line_1_12' title="bbox 220 1540 1368 1625; baseline 0.002 -19"><span class='ocrx_word' id='word_1_108' title='bbox 220 1543 273 1606; x_wconf 76' lang='grc'>28.</span> <span class='ocrx_word' id='word_1_109' title='bbox 319 1540 397 1615; x_wconf 85' lang='lat' dir='ltr'>Quid</span> <span class='ocrx_word' id='word_1_110' title='bbox 419 1541 511 1604; x_wconf 82' lang='lat' dir='ltr'>velint</span> <span class='ocrx_word' id='word_1_111' title='bbox 532 1541 636 1625; x_wconf 88' lang='lat' dir='ltr'>igitur,</span> <span class='ocrx_word' id='word_1_112' title='bbox 664 1542 817 1622; x_wconf 88' lang='lat' dir='ltr'>inquiunt,</span> <span class='ocrx_word' id='word_1_113' title='bbox 846 1542 1017 1606; x_wconf 89' lang='lat' dir='ltr'>huiusmodi</span> <span class='ocrx_word' id='word_1_114' title='bbox 1044 1543 1134 1605; x_wconf 83' lang='lat' dir='ltr'>rerba</span> <span class='ocrx_word' id='word_1_115' title='bbox 1163 1553 1234 1608; x_wconf 85' lang='lat' dir='ltr'>ante</span> <span class='ocrx_word' id='word_1_116' title='bbox 1258 1545 1368 1624; x_wconf 58' lang='lat' dir='ltr'>luceia-</span> 
     </span>
     <span class='ocr_line' id='line_1_13' title="bbox 135 1641 1369 1726; baseline 0.003 -22"><span class='ocrx_word' id='word_1_117' title='bbox 135 1641 233 1704; x_wconf 79' lang='lat' dir='ltr'>runt?</span> <span class='ocrx_word' id='word_1_118' title='bbox 277 1641 393 1716; x_wconf 79' lang='lat' dir='ltr'>Quibus</span> <span class='ocrx_word' id='word_1_119' title='bbox 416 1661 471 1723; x_wconf 92' lang='lat' dir='ltr'>ego</span> <span class='ocrx_word' id='word_1_120' title='bbox 493 1643 614 1723; x_wconf 85' lang='lat' dir='ltr'>quidem</span> <span class='ocrx_word' id='word_1_121' title='bbox 635 1643 860 1724; x_wconf 87' lang='lat' dir='ltr'>responderim,</span> <span class='ocrx_word' id='word_1_122' title='bbox 885 1645 910 1706; x_wconf 91' lang='lat' dir='ltr'>si</span> <span class='ocrx_word' id='word_1_123' title='bbox 934 1645 1017 1706; x_wconf 89' lang='lat' dir='ltr'>hisce</span> <span class='ocrx_word' id='word_1_124' title='bbox 1039 1643 1139 1707; x_wconf 85' lang='lat' dir='ltr'>verbis</span> <span class='ocrx_word' id='word_1_125' title='bbox 1162 1655 1233 1708; x_wconf 90' lang='lat' dir='ltr'>ante</span> <span class='ocrx_word' id='word_1_126' title='bbox 1256 1645 1369 1726; x_wconf 73' lang='lat' dir='ltr'>incise-</span> 
     </span>
     <span class='ocr_line' id='line_1_14' title="bbox 135 1744 1366 1828; baseline 0.002 -20"><span class='ocrx_word' id='word_1_127' title='bbox 135 1765 206 1808; x_wconf 81' lang='lat' dir='ltr'>runt</span> <span class='ocrx_word' id='word_1_128' title='bbox 228 1745 292 1808; x_wconf 90' lang='lat' dir='ltr'>eins</span> <span class='ocrx_word' id='word_1_129' title='bbox 314 1744 478 1808; x_wconf 85' lang='lat' dir='ltr'>mirabilem</span> <span class='ocrx_word' id='word_1_130' title='bbox 501 1763 537 1807; x_wconf 86' lang='lat' dir='ltr'>cx</span> <span class='ocrx_word' id='word_1_131' title='bbox 552 1746 642 1808; x_wconf 86' lang='lat' dir='ltr'>llario</span> <span class='ocrx_word' id='word_1_132' title='bbox 663 1755 763 1808; x_wconf 90' lang='lat' dir='ltr'>ortum</span> <span class='ocrx_word' id='word_1_133' title='bbox 786 1746 944 1826; x_wconf 81' lang='lat' dir='ltr'>significari</span> <span class='ocrx_word' id='word_1_134' title='bbox 966 1756 1082 1827; x_wconf 89' lang='lat' dir='ltr'>putent,</span> <span class='ocrx_word' id='word_1_135' title='bbox 1106 1747 1276 1828; x_wconf 86' lang='lat' dir='ltr'>complures</span> <span class='ocrx_word' id='word_1_136' title='bbox 1292 1748 1366 1810; x_wconf 88' lang='lat' dir='ltr'>slioa</span> 
     </span>
     <span class='ocr_line' id='line_1_15' title="bbox 135 1847 1452 1929; baseline 0.003 -21"><span class='ocrx_word' id='word_1_137' title='bbox 135 1857 203 1908; x_wconf 90' lang='lat' dir='ltr'>ante</span> <span class='ocrx_word' id='word_1_138' title='bbox 225 1847 333 1910; x_wconf 88' lang='lat' dir='ltr'>sideris</span> <span class='ocrx_word' id='word_1_139' title='bbox 356 1856 454 1910; x_wconf 92' lang='lat' dir='ltr'>ortum</span> <span class='ocrx_word' id='word_1_140' title='bbox 475 1849 569 1910; x_wconf 83' lang='lat' dir='ltr'>fuisse</span> <span class='ocrx_word' id='word_1_141' title='bbox 591 1849 717 1928; x_wconf 90' lang='lat' dir='ltr'>genitos.</span> <span class='ocrx_word' id='word_1_142' title='bbox 763 1847 841 1922; x_wconf 91' lang='lat' dir='ltr'>Quid</span> <span class='ocrx_word' id='word_1_143' title='bbox 857 1848 946 1928; x_wconf 93' lang='lat' dir='ltr'>igitur</span> <span class='ocrx_word' id='word_1_144' title='bbox 961 1850 1009 1911; x_wconf 90' lang='lat' dir='ltr'>hic</span> <span class='ocrx_word' id='word_1_145' title='bbox 1029 1849 1224 1916; x_wconf 65' lang='lat' dir='ltr'>amanum</span> <span class='ocrx_word' id='word_1_146' title='bbox 1243 1849 1366 1929; x_wconf 78' lang='lat' dir='ltr'>dignum</span> <span class='ocrx_word' id='word_1_147' title='bbox 1377 1871 1399 1914; x_wconf 83' lang='lat' dir='ltr'>o.</span> <span class='ocrx_word' id='word_1_148' title='bbox 1407 1871 1452 1915; x_wconf 82' lang='lat' dir='ltr'>cao.</span> 
     </span>
     <span class='ocr_line' id='line_1_16' title="bbox 136 1947 1365 2030; baseline 0.002 -21"><span class='ocrx_word' id='word_1_149' title='bbox 136 1950 276 2024; x_wconf 81' lang='lat' dir='ltr'>occurrit,</span> <span class='ocrx_word' id='word_1_150' title='bbox 299 1947 349 2010; x_wconf 87' lang='lat' dir='ltr'>ubi</span> <span class='ocrx_word' id='word_1_151' title='bbox 372 1957 470 2012; x_wconf 86' lang='lat' dir='ltr'>tamen</span> <span class='ocrx_word' id='word_1_152' title='bbox 492 1949 581 2011; x_wconf 86' lang='lat' dir='ltr'>veluti</span> <span class='ocrx_word' id='word_1_153' title='bbox 605 1948 764 2030; x_wconf 87' lang='lat' dir='ltr'>singularis</span> <span class='ocrx_word' id='word_1_154' title='bbox 787 1960 816 2012; x_wconf 88' lang='lat' dir='ltr'>et</span> <span class='ocrx_word' id='word_1_155' title='bbox 839 1950 966 2030; x_wconf 91' lang='lat' dir='ltr'>insignis</span> <span class='ocrx_word' id='word_1_156' title='bbox 982 1951 1105 2014; x_wconf 83' lang='lat' dir='ltr'>alicuius</span> <span class='ocrx_word' id='word_1_157' title='bbox 1121 1949 1166 2013; x_wconf 91' lang='lat' dir='ltr'>rei</span> <span class='ocrx_word' id='word_1_158' title='bbox 1187 1948 1224 2014; x_wconf 86' lang='lat' dir='ltr'>m</span> <span class='ocrx_word' id='word_1_159' title='bbox 1242 1948 1365 2024; x_wconf 82' lang='lat' dir='ltr'>mentio,</span> 
     </span>
     <span class='ocr_line' id='line_1_17' title="bbox 135 2049 1384 2132; baseline 0.002 -20"><span class='ocrx_word' id='word_1_160' title='bbox 135 2069 203 2114; x_wconf 89' lang='lat' dir='ltr'>cnm</span> <span class='ocrx_word' id='word_1_161' title='bbox 223 2049 254 2112; x_wconf 92' lang='lat' dir='ltr'>id</span> <span class='ocrx_word' id='word_1_162' title='bbox 276 2049 412 2130; x_wconf 88' lang='lat' dir='ltr'>plurimis</span> <span class='ocrx_word' id='word_1_163' title='bbox 434 2053 473 2113; x_wconf 90' lang='lat' dir='ltr'>sit</span> <span class='ocrx_word' id='word_1_164' title='bbox 494 2049 677 2114; x_wconf 82' lang='lat' dir='ltr'>commune?</span> <span class='ocrx_word' id='word_1_165' title='bbox 720 2051 833 2113; x_wconf 88' lang='lat' dir='ltr'>Deinde</span> <span class='ocrx_word' id='word_1_166' title='bbox 856 2052 934 2114; x_wconf 89' lang='lat' dir='ltr'>aliud</span> <span class='ocrx_word' id='word_1_167' title='bbox 957 2062 1003 2115; x_wconf 90' lang='lat' dir='ltr'>est</span> <span class='ocrx_word' id='word_1_168' title='bbox 1025 2053 1162 2132; x_wconf 85' lang='lat' dir='ltr'>glgncre,</span> <span class='ocrx_word' id='word_1_169' title='bbox 1190 2051 1267 2114; x_wconf 89' lang='lat' dir='ltr'>allud</span> <span class='ocrx_word' id='word_1_170' title='bbox 1291 2052 1384 2114; x_wconf 89' lang='lat' dir='ltr'>edu--</span> 
     </span>
     <span class='ocr_line' id='line_1_18' title="bbox 136 2151 1368 2233; baseline 0.003 -21"><span class='ocrx_word' id='word_1_171' title='bbox 136 2170 214 2213; x_wconf 91' lang='lat' dir='ltr'>cere.</span> <span class='ocrx_word' id='word_1_172' title='bbox 258 2151 331 2213; x_wconf 88' lang='lat' dir='ltr'>Nam</span> <span class='ocrx_word' id='word_1_173' title='bbox 354 2153 474 2232; x_wconf 76' lang='lat' dir='ltr'>gignere</span> <span class='ocrx_word' id='word_1_174' title='bbox 496 2153 697 2232; x_wconf 88' lang='lat' dir='ltr'>incipere·est</span> <span class='ocrx_word' id='word_1_175' title='bbox 719 2152 827 2233; x_wconf 88' lang='lat' dir='ltr'>aliquid</span> <span class='ocrx_word' id='word_1_176' title='bbox 849 2173 1026 2233; x_wconf 88' lang='lat' dir='ltr'>procreare,</span> <span class='ocrx_word' id='word_1_177' title='bbox 1050 2153 1176 2218; x_wconf 81' lang='lat' dir='ltr'>educere</span> <span class='ocrx_word' id='word_1_178' title='bbox 1199 2162 1297 2216; x_wconf 89' lang='lat' dir='ltr'>sutem</span> <span class='ocrx_word' id='word_1_179' title='bbox 1319 2153 1368 2216; x_wconf 92' lang='lat' dir='ltr'>ni·</span> 
     </span>
     <span class='ocr_line' id='line_1_19' title="bbox 135 2252 1369 2336; baseline 0.004 -21"><span class='ocrx_word' id='word_1_180' title='bbox 135 2252 177 2315; x_wconf 89' lang='lat' dir='ltr'>hil</span> <span class='ocrx_word' id='word_1_181' title='bbox 204 2253 283 2316; x_wconf 85' lang='lat' dir='ltr'>aliud</span> <span class='ocrx_word' id='word_1_182' title='bbox 312 2262 373 2328; x_wconf 86' lang='lat' dir='ltr'>est,</span> <span class='ocrx_word' id='word_1_183' title='bbox 406 2273 494 2335; x_wconf 87' lang='lat' dir='ltr'>quom</span> <span class='ocrx_word' id='word_1_184' title='bbox 523 2256 603 2335; x_wconf 80' lang='lat' dir='ltr'>quod</span> <span class='ocrx_word' id='word_1_185' title='bbox 631 2255 690 2317; x_wconf 87' lang='lat' dir='ltr'>iam</span> <span class='ocrx_word' id='word_1_186' title='bbox 719 2255 820 2319; x_wconf 80' lang='lat' dir='ltr'>existit</span> <span class='ocrx_word' id='word_1_187' title='bbox 847 2257 1024 2336; x_wconf 88' lang='lat' dir='ltr'>producere.</span> <span class='ocrx_word' id='word_1_188' title='bbox 1070 2255 1216 2330; x_wconf 76' lang='lat' dir='ltr'>Quocirca</span> <span class='ocrx_word' id='word_1_189' title='bbox 1246 2257 1272 2319; x_wconf 89' lang='lat' dir='ltr'>si</span> <span class='ocrx_word' id='word_1_190' title='bbox 1296 2257 1369 2320; x_wconf 85' lang='lat' dir='ltr'>hacc</span> 
     </span>
     <span class='ocr_line' id='line_1_20' title="bbox 135 2355 1366 2438; baseline 0.002 -22"><span class='ocrx_word' id='word_1_191' title='bbox 135 2355 227 2417; x_wconf 90' lang='lat' dir='ltr'>dictio</span> <span class='ocrx_word' id='word_1_192' title='bbox 250 2356 288 2426; x_wconf 86' lang='lat' dir='ltr'>ad</span> <span class='ocrx_word' id='word_1_193' title='bbox 309 2375 419 2438; x_wconf 86' lang='lat' dir='ltr'>corpus</span> <span class='ocrx_word' id='word_1_194' title='bbox 442 2359 581 2427; x_wconf 83' lang='lat' dir='ltr'>retertur,</span> <span class='ocrx_word' id='word_1_195' title='bbox 605 2357 758 2419; x_wconf 90' lang='lat' dir='ltr'>sciendum</span> <span class='ocrx_word' id='word_1_196' title='bbox 775 2365 822 2420; x_wconf 86' lang='lat' dir='ltr'>est</span> <span class='ocrx_word' id='word_1_197' title='bbox 836 2377 903 2420; x_wconf 80' lang='lat' dir='ltr'>etim</span> <span class='ocrx_word' id='word_1_198' title='bbox 920 2375 981 2419; x_wconf 93' lang='lat' dir='ltr'>non</span> <span class='ocrx_word' id='word_1_199' title='bbox 997 2365 1067 2420; x_wconf 90' lang='lat' dir='ltr'>tuno</span> <span class='ocrx_word' id='word_1_200' title='bbox 1084 2357 1164 2438; x_wconf 89' lang='lat' dir='ltr'>gigni</span> <span class='ocrx_word' id='word_1_201' title='bbox 1186 2359 1366 2437; x_wconf 86' lang='lat' dir='ltr'>incoepisse,</span> 
     </span>
     <span class='ocr_line' id='line_1_21' title="bbox 136 2459 1367 2552; baseline 0.002 -34"><span class='ocrx_word' id='word_1_202' title='bbox 136 2475 203 2519; x_wconf 90' lang='lat' dir='ltr'>cum</span> <span class='ocrx_word' id='word_1_203' title='bbox 226 2466 312 2520; x_wconf 90' lang='lat' dir='ltr'>nocte</span> <span class='ocrx_word' id='word_1_204' title='bbox 333 2459 504 2542; x_wconf 85' lang='lat' dir='ltr'>pastoribus</span> <span class='ocrx_word' id='word_1_205' title='bbox 527 2459 723 2522; x_wconf 78' lang='lat' dir='ltr'>annunciatus</span> <span class='ocrx_word' id='word_1_206' title='bbox 746 2466 808 2531; x_wconf 91' lang='lat' dir='ltr'>est,</span> <span class='ocrx_word' id='word_1_207' title='bbox 842 2459 898 2552; x_wconf 82' lang='lat' dir='ltr'>sed</span> <span class='ocrx_word' id='word_1_208' title='bbox 918 2477 985 2520; x_wconf 92' lang='lat' dir='ltr'>cum</span> <span class='ocrx_word' id='word_1_209' title='bbox 1007 2459 1136 2540; x_wconf 82' lang='lat' dir='ltr'>Angelus</span> <span class='ocrx_word' id='word_1_210' title='bbox 1159 2459 1195 2521; x_wconf 92' lang='lat' dir='ltr'>sd</span> <span class='ocrx_word' id='word_1_211' title='bbox 1218 2459 1367 2538; x_wconf 83' lang='lat' dir='ltr'>Virginem</span> 
     </span>
     <span class='ocr_line' id='line_1_22' title="bbox 137 2558 1368 2639; baseline 0.002 -19"><span class='ocrx_word' id='word_1_212' title='bbox 137 2567 184 2620; x_wconf 88' lang='lat' dir='ltr'>est</span> <span class='ocrx_word' id='word_1_213' title='bbox 204 2558 332 2622; x_wconf 86' lang='lat' dir='ltr'>locutus.</span> <span class='ocrx_word' id='word_1_214' title='bbox 377 2560 461 2622; x_wconf 78' lang='lat' dir='ltr'>&#39;l&#39;unc</span> <span class='ocrx_word' id='word_1_215' title='bbox 483 2569 582 2622; x_wconf 85' lang='lat' dir='ltr'>autem</span> <span class='ocrx_word' id='word_1_216' title='bbox 606 2559 751 2639; x_wconf 90' lang='lat' dir='ltr'>temporis</span> <span class='ocrx_word' id='word_1_217' title='bbox 773 2578 834 2621; x_wconf 86' lang='lat' dir='ltr'>nox</span> <span class='ocrx_word' id='word_1_218' title='bbox 856 2578 916 2622; x_wconf 92' lang='lat' dir='ltr'>non</span> <span class='ocrx_word' id='word_1_219' title='bbox 941 2569 1013 2635; x_wconf 86' lang='lat' dir='ltr'>eret,</span> <span class='ocrx_word' id='word_1_220' title='bbox 1037 2579 1104 2623; x_wconf 90' lang='lat' dir='ltr'>curn</span> <span class='ocrx_word' id='word_1_221' title='bbox 1122 2561 1152 2622; x_wconf 91' lang='lat' dir='ltr'>id</span> <span class='ocrx_word' id='word_1_222' title='bbox 1175 2577 1236 2622; x_wconf 90' lang='lat' dir='ltr'>non</span> <span class='ocrx_word' id='word_1_223' title='bbox 1258 2560 1368 2622; x_wconf 88' lang='lat' dir='ltr'>dictum</span> 
     </span>
     <span class='ocr_line' id='line_1_23' title="bbox 138 2659 1370 2741; baseline 0.002 -19"><span class='ocrx_word' id='word_1_224' title='bbox 138 2659 192 2733; x_wconf 89' lang='lat' dir='ltr'>sit,</span> <span class='ocrx_word' id='word_1_225' title='bbox 216 2669 245 2722; x_wconf 87' lang='lat' dir='ltr'>et</span> <span class='ocrx_word' id='word_1_226' title='bbox 266 2679 327 2722; x_wconf 80' lang='lat' dir='ltr'>nox</span> <span class='ocrx_word' id='word_1_227' title='bbox 349 2669 426 2734; x_wconf 91' lang='lat' dir='ltr'>erat,</span> <span class='ocrx_word' id='word_1_228' title='bbox 457 2679 524 2724; x_wconf 91' lang='lat' dir='ltr'>cum</span> <span class='ocrx_word' id='word_1_229' title='bbox 547 2679 582 2723; x_wconf 84' lang='lat' dir='ltr'>ex</span> <span class='ocrx_word' id='word_1_230' title='bbox 606 2669 692 2722; x_wconf 93' lang='lat' dir='ltr'>utero</span> <span class='ocrx_word' id='word_1_231' title='bbox 713 2661 836 2740; x_wconf 88' lang='lat' dir='ltr'>prodiit.</span> <span class='ocrx_word' id='word_1_232' title='bbox 879 2662 911 2724; x_wconf 92' lang='lat' dir='ltr'>ld</span> <span class='ocrx_word' id='word_1_233' title='bbox 934 2661 1117 2723; x_wconf 83' lang='lat' dir='ltr'>discriminis</span> <span class='ocrx_word' id='word_1_234' title='bbox 1139 2661 1205 2741; x_wconf 88' lang='lat' dir='ltr'>ipsa</span> <span class='ocrx_word' id='word_1_235' title='bbox 1228 2659 1370 2724; x_wconf 73' lang='lat' dir='ltr'>observet</span> 
     </span>
     <span class='ocr_line' id='line_1_24' title="bbox 137 2761 1367 2844; baseline 0 -20"><span class='ocrx_word' id='word_1_236' title='bbox 137 2762 306 2842; x_wconf 87' lang='lat' dir='ltr'>Scriptura,</span> <span class='ocrx_word' id='word_1_237' title='bbox 335 2781 411 2843; x_wconf 82' lang='lat' dir='ltr'>qnae</span> <span class='ocrx_word' id='word_1_238' title='bbox 438 2763 566 2844; x_wconf 91' lang='lat' dir='ltr'>primum</span> <span class='ocrx_word' id='word_1_239' title='bbox 589 2761 709 2842; x_wconf 89' lang='lat' dir='ltr'>quidem</span> <span class='ocrx_word' id='word_1_240' title='bbox 732 2761 893 2841; x_wconf 80' lang='lat' dir='ltr'>significat,</span> <span class='ocrx_word' id='word_1_241' title='bbox 923 2781 989 2824; x_wconf 91' lang='lat' dir='ltr'>cum</span> <span class='ocrx_word' id='word_1_242' title='bbox 1018 2779 1086 2823; x_wconf 88' lang='lat' dir='ltr'>eunt</span> <span class='ocrx_word' id='word_1_243' title='bbox 1109 2769 1177 2822; x_wconf 85' lang='lat' dir='ltr'>ante</span> <span class='ocrx_word' id='word_1_244' title='bbox 1199 2761 1367 2824; x_wconf 76' lang='lat' dir='ltr'>tuutemn</span> 
     </span>
     <span class='ocr_line' id='line_1_25' title="bbox 136 2861 1369 2942; baseline 0 -16"><span class='ocrx_word' id='word_1_245' title='bbox 136 2865 267 2942; x_wconf 89' lang='lat' dir='ltr'>genitum</span> <span class='ocrx_word' id='word_1_246' title='bbox 289 2863 371 2936; x_wconf 89' lang='lat' dir='ltr'>dicit,</span> <span class='ocrx_word' id='word_1_247' title='bbox 394 2865 519 2928; x_wconf 88' lang='lat' dir='ltr'>alterum</span> <span class='ocrx_word' id='word_1_248' title='bbox 541 2881 612 2926; x_wconf 79' lang='lat' dir='ltr'>vero</span> <span class='ocrx_word' id='word_1_249' title='bbox 634 2863 754 2936; x_wconf 83' lang='lat' dir='ltr'>indicat,</span> <span class='ocrx_word' id='word_1_250' title='bbox 777 2881 844 2925; x_wconf 91' lang='lat' dir='ltr'>eum</span> <span class='ocrx_word' id='word_1_251' title='bbox 867 2864 978 2926; x_wconf 86' lang='lat' dir='ltr'>exitum</span> <span class='ocrx_word' id='word_1_252' title='bbox 1001 2882 1037 2925; x_wconf 84' lang='lat' dir='ltr'>ex</span> <span class='ocrx_word' id='word_1_253' title='bbox 1058 2869 1145 2926; x_wconf 89' lang='lat' dir='ltr'>utero</span> <span class='ocrx_word' id='word_1_254' title='bbox 1160 2861 1303 2936; x_wconf 84' lang='lat' dir='ltr'>nominet,</span> <span class='ocrx_word' id='word_1_255' title='bbox 1323 2863 1369 2926; x_wconf 50' lang='lat' dir='ltr'>‘nti</span> 
     </span>
     <span class='ocr_line' id='line_1_26' title="bbox 136 2965 1368 3047; baseline 0 -21"><span class='ocrx_word' id='word_1_256' title='bbox 136 2965 256 3028; x_wconf 83' lang='lat' dir='ltr'>Psalmo</span> <span class='ocrx_word' id='word_1_257' title='bbox 277 2965 422 3045; x_wconf 80' lang='lat' dir='ltr'>vigesimo</span> <span class='ocrx_word' id='word_1_258' title='bbox 450 2965 548 3046; x_wconf 87' lang='lat' dir='ltr'>primo</span> <span class='ocrx_word' id='word_1_259' title='bbox 570 2965 711 3028; x_wconf 88' lang='lat' dir='ltr'>hebetur:</span> <span class='ocrx_word' id='word_1_260' title='bbox 743 2965 784 3028; x_wconf 86' lang='lat' dir='ltr'>l&#39;n</span> <span class='ocrx_word' id='word_1_261' title='bbox 812 2984 844 3027; x_wconf 87' lang='lat' dir='ltr'>es</span> <span class='ocrx_word' id='word_1_262' title='bbox 874 2971 926 3047; x_wconf 79' lang='lat' dir='ltr'>psi</span> <span class='ocrx_word' id='word_1_263' title='bbox 953 2968 1122 3028; x_wconf 82' lang='lat' dir='ltr'>eatranisti</span> <span class='ocrx_word' id='word_1_264' title='bbox 1138 2984 1185 3028; x_wconf 86' lang='lat' dir='ltr'>ns</span> <span class='ocrx_word' id='word_1_265' title='bbox 1207 2983 1247 3028; x_wconf 81' lang='lat' dir='ltr'>en</span> <span class='ocrx_word' id='word_1_266' title='bbox 1267 2976 1368 3028; x_wconf 85' lang='lat' dir='ltr'>utero.</span> 
     </span>
     <span class='ocr_line' id='line_1_27' title="bbox 136 3055 1367 3140; baseline 0 -13"><span class='ocrx_word' id='word_1_267' title='bbox 136 3055 294 3130; x_wconf 84' lang='lat' dir='ltr'>Praeterea</span> <span class='ocrx_word' id='word_1_268' title='bbox 316 3066 532 3130; x_wconf 81' lang='lat' dir='ltr'>observandum</span> <span class='ocrx_word' id='word_1_269' title='bbox 555 3076 602 3130; x_wconf 94' lang='lat' dir='ltr'>est</span> <span class='ocrx_word' id='word_1_270' title='bbox 623 3067 734 3130; x_wconf 89' lang='lat' dir='ltr'>dictum</span> <span class='ocrx_word' id='word_1_271' title='bbox 756 3085 817 3130; x_wconf 89' lang='lat' dir='ltr'>non</span> <span class='ocrx_word' id='word_1_272' title='bbox 841 3083 924 3130; x_wconf 87' lang='lat' dir='ltr'>esse:</span> <span class='ocrx_word' id='word_1_273' title='bbox 947 3075 1015 3128; x_wconf 83' lang='lat' dir='ltr'>ente</span> <span class='ocrx_word' id='word_1_274' title='bbox 1039 3077 1136 3129; x_wconf 90' lang='lat' dir='ltr'>ortum</span> <span class='ocrx_word' id='word_1_275' title='bbox 1151 3066 1291 3140; x_wconf 75' lang='lat' dir='ltr'>Luciferi,</span> <span class='ocrx_word' id='word_1_276' title='bbox 1315 3066 1367 3128; x_wconf 86' lang='lat' dir='ltr'>sed</span> 
     </span>
     <span class='ocr_line' id='line_1_28' title="bbox 137 3168 1370 3250; baseline 0 -20"><span class='ocrx_word' id='word_1_277' title='bbox 137 3177 251 3231; x_wconf 83' lang='lat' dir='ltr'>tantum</span> <span class='ocrx_word' id='word_1_278' title='bbox 273 3180 344 3234; x_wconf 83' lang='lat' dir='ltr'>ante</span> <span class='ocrx_word' id='word_1_279' title='bbox 365 3171 552 3249; x_wconf 70' lang='lat' dir='ltr'>incisam.</span> <span class='ocrx_word' id='word_1_280' title='bbox 598 3169 682 3232; x_wconf 90' lang='lat' dir='ltr'>Unde</span> <span class='ocrx_word' id='word_1_281' title='bbox 710 3170 735 3232; x_wconf 88' lang='lat' dir='ltr'>si</span> <span class='ocrx_word' id='word_1_282' title='bbox 758 3171 795 3232; x_wconf 90' lang='lat' dir='ltr'>de</span> <span class='ocrx_word' id='word_1_283' title='bbox 817 3187 945 3250; x_wconf 91' lang='lat' dir='ltr'>corpore</span> <span class='ocrx_word' id='word_1_284' title='bbox 971 3169 1055 3232; x_wconf 91' lang='lat' dir='ltr'>locus</span> <span class='ocrx_word' id='word_1_285' title='bbox 1084 3169 1134 3231; x_wconf 90' lang='lat' dir='ltr'>hic</span> <span class='ocrx_word' id='word_1_286' title='bbox 1160 3168 1370 3250; x_wconf 87' lang='lat' dir='ltr'>intelligendus</span> 
     </span>
     <span class='ocr_line' id='line_1_29' title="bbox 138 3269 1369 3351; baseline -0.001 -20"><span class='ocrx_word' id='word_1_287' title='bbox 138 3276 200 3344; x_wconf 85' lang='lat' dir='ltr'>est,</span> <span class='ocrx_word' id='word_1_288' title='bbox 229 3279 424 3334; x_wconf 77' lang='lat' dir='ltr'>necesseest</span> <span class='ocrx_word' id='word_1_289' title='bbox 445 3289 554 3351; x_wconf 91' lang='lat' dir='ltr'>corpus</span> <span class='ocrx_word' id='word_1_290' title='bbox 577 3279 645 3334; x_wconf 89' lang='lat' dir='ltr'>ante</span> <span class='ocrx_word' id='word_1_291' title='bbox 667 3273 809 3334; x_wconf 84' lang='lat' dir='ltr'>ddamum</span> <span class='ocrx_word' id='word_1_292' title='bbox 832 3272 943 3345; x_wconf 88' lang='lat' dir='ltr'>luisse,</span> <span class='ocrx_word' id='word_1_293' title='bbox 973 3289 1040 3334; x_wconf 90' lang='lat' dir='ltr'>cum</span> <span class='ocrx_word' id='word_1_294' title='bbox 1069 3279 1138 3334; x_wconf 87' lang='lat' dir='ltr'>ante</span> <span class='ocrx_word' id='word_1_295' title='bbox 1159 3269 1302 3332; x_wconf 83' lang='lat' dir='ltr'>Adamum</span> <span class='ocrx_word' id='word_1_296' title='bbox 1324 3270 1369 3334; x_wconf 90' lang='lat' dir='ltr'>si-</span> 
     </span>
     <span class='ocr_line' id='line_1_30' title="bbox 137 3370 1368 3453; baseline -0.001 -20"><span class='ocrx_word' id='word_1_297' title='bbox 137 3372 208 3433; x_wconf 84' lang='lat' dir='ltr'>dera</span> <span class='ocrx_word' id='word_1_298' title='bbox 232 3371 403 3435; x_wconf 86' lang='lat' dir='ltr'>exstiterint.</span> <span class='ocrx_word' id='word_1_299' title='bbox 447 3372 500 3434; x_wconf 84' lang='lat' dir='ltr'>Vel</span> <span class='ocrx_word' id='word_1_300' title='bbox 528 3381 609 3436; x_wconf 86' lang='lat' dir='ltr'>certe</span> <span class='ocrx_word' id='word_1_301' title='bbox 637 3373 776 3453; x_wconf 85' lang='lat' dir='ltr'>quidnam</span> <span class='ocrx_word' id='word_1_302' title='bbox 798 3374 871 3436; x_wconf 82' lang='lat' dir='ltr'>haec</span> <span class='ocrx_word' id='word_1_303' title='bbox 892 3373 1038 3453; x_wconf 85' lang='lat' dir='ltr'>significet</span> <span class='ocrx_word' id='word_1_304' title='bbox 1059 3373 1149 3436; x_wconf 88' lang='lat' dir='ltr'>dictio</span> <span class='ocrx_word' id='word_1_305' title='bbox 1170 3370 1368 3452; x_wconf 87' lang='lat' dir='ltr'>indagandum</span> 
     </span>
     <span class='ocr_line' id='line_1_31' title="bbox 136 3472 1368 3554; baseline 0 -20"><span class='ocrx_word' id='word_1_306' title='bbox 136 3472 226 3536; x_wconf 87' lang='lat' dir='ltr'>uobis</span> <span class='ocrx_word' id='word_1_307' title='bbox 248 3483 303 3535; x_wconf 90' lang='lat' dir='ltr'>est.</span> <span class='ocrx_word' id='word_1_308' title='bbox 347 3474 380 3536; x_wconf 95' lang='lat' dir='ltr'>ld</span> <span class='ocrx_word' id='word_1_309' title='bbox 402 3492 474 3537; x_wconf 88' lang='lat' dir='ltr'>saue</span> <span class='ocrx_word' id='word_1_310' title='bbox 495 3491 658 3554; x_wconf 86' lang='lat' dir='ltr'>possumus</span> <span class='ocrx_word' id='word_1_311' title='bbox 679 3493 695 3537; x_wconf 88' lang='lat' dir='ltr'>o</span> <span class='ocrx_word' id='word_1_312' title='bbox 718 3475 829 3538; x_wconf 83' lang='lat' dir='ltr'>Ioanne</span> <span class='ocrx_word' id='word_1_313' title='bbox 852 3476 985 3549; x_wconf 85' lang='lat' dir='ltr'>discere,</span> <span class='ocrx_word' id='word_1_314' title='bbox 1009 3475 1048 3538; x_wconf 85' lang='lat' dir='ltr'>ita</span> <span class='ocrx_word' id='word_1_315' title='bbox 1072 3476 1102 3537; x_wconf 94' lang='lat' dir='ltr'>in</span> <span class='ocrx_word' id='word_1_316' title='bbox 1124 3474 1298 3554; x_wconf 73' lang='lat' dir='ltr'>Apocalypsi</span> <span class='ocrx_word' id='word_1_317' title='bbox 1319 3473 1368 3534; x_wconf 89' lang='lat' dir='ltr'>lo-</span> 
     </span>
     <span class='ocr_line' id='line_1_32' title="bbox 139 3575 1370 3657; baseline 0 -23"><span class='ocrx_word' id='word_1_318' title='bbox 139 3583 263 3653; x_wconf 86' lang='lat' dir='ltr'>quente:</span> <span class='ocrx_word' id='word_1_319' title='bbox 292 3575 354 3656; x_wconf 80' lang='lat' dir='ltr'>liga</span> <span class='ocrx_word' id='word_1_320' title='bbox 382 3596 449 3640; x_wconf 86' lang='lat' dir='ltr'>snm</span> <span class='ocrx_word' id='word_1_321' title='bbox 471 3577 570 3657; x_wconf 76' lang='lat' dir='ltr'>dlpda</span> <span class='ocrx_word' id='word_1_322' title='bbox 592 3589 620 3640; x_wconf 87' lang='lat' dir='ltr'>et</span> <span class='ocrx_word' id='word_1_323' title='bbox 644 3577 753 3657; x_wconf 84' lang='lat' dir='ltr'>Omega</span> <span class='ocrx_word' id='word_1_324' title='bbox 775 3589 803 3640; x_wconf 88' lang='lat' dir='ltr'>et</span> <span class='ocrx_word' id='word_1_325' title='bbox 823 3583 943 3657; x_wconf 72' lang='lat' dir='ltr'>prinas</span> <span class='ocrx_word' id='word_1_326' title='bbox 965 3595 999 3640; x_wconf 86' lang='lat' dir='ltr'>ac</span> <span class='ocrx_word' id='word_1_327' title='bbox 1021 3580 1206 3639; x_wconf 82' lang='lat' dir='ltr'>norissimus</span> <span class='ocrx_word' id='word_1_328' title='bbox 1228 3585 1258 3637; x_wconf 84' lang='lat' dir='ltr'>et</span> <span class='ocrx_word' id='word_1_329' title='bbox 1276 3578 1370 3654; x_wconf 85' lang='lat' dir='ltr'>prin-</span> 
     </span>
    </p>

    <p class='ocr_par' dir='ltr' id='par_1_5' title="bbox 50 3677 1371 3960">
     <span class='ocr_line' id='line_1_33' title="bbox 50 3677 1370 3758; baseline -0.001 -22"><span class='ocrx_word' id='word_1_330' title='bbox 50 3685 55 3693; x_wconf 83' lang='lat'>·</span> <span class='ocrx_word' id='word_1_331' title='bbox 139 3679 249 3754; x_wconf 86' lang='lat' dir='ltr'>cipisn</span> <span class='ocrx_word' id='word_1_332' title='bbox 270 3695 307 3737; x_wconf 89' lang='lat' dir='ltr'>ac</span> <span class='ocrx_word' id='word_1_333' title='bbox 327 3677 408 3757; x_wconf 72' lang='lat' dir='ltr'>finis.</span> <span class='ocrx_word' id='word_1_334' title='bbox 452 3679 554 3750; x_wconf 81' lang='lat' dir='ltr'>Beati,</span> <span class='ocrx_word' id='word_1_335' title='bbox 577 3682 630 3758; x_wconf 84' lang='lat' dir='ltr'>pai</span> <span class='ocrx_word' id='word_1_336' title='bbox 651 3677 783 3741; x_wconf 85' lang='lat' dir='ltr'>dilatant</span> <span class='ocrx_word' id='word_1_337' title='bbox 804 3689 902 3741; x_wconf 83' lang='lat' dir='ltr'>uestes</span> <span class='ocrx_word' id='word_1_338' title='bbox 924 3695 1017 3747; x_wconf 85' lang='lat' dir='ltr'>snas,</span> <span class='ocrx_word' id='word_1_339' title='bbox 1040 3688 1076 3740; x_wconf 92' lang='lat' dir='ltr'>nt</span> <span class='ocrx_word' id='word_1_340' title='bbox 1098 3678 1140 3739; x_wconf 88' lang='lat' dir='ltr'>sit</span> <span class='ocrx_word' id='word_1_341' title='bbox 1156 3685 1296 3755; x_wconf 79' lang='lat' dir='ltr'>potestas</span> <span class='ocrx_word' id='word_1_342' title='bbox 1319 3691 1370 3735; x_wconf 87' lang='lat' dir='ltr'>eo-</span> 
     </span>
     <span class='ocr_line' id='line_1_34' title="bbox 139 3775 1370 3860; baseline -0.002 -22"><span class='ocrx_word' id='word_1_343' title='bbox 139 3795 208 3838; x_wconf 82' lang='lat' dir='ltr'>rnm</span> <span class='ocrx_word' id='word_1_344' title='bbox 230 3781 264 3839; x_wconf 84' lang='lat' dir='ltr'>tn</span> <span class='ocrx_word' id='word_1_345' title='bbox 286 3777 367 3857; x_wconf 75' lang='lat' dir='ltr'>ligna</span> <span class='ocrx_word' id='word_1_346' title='bbox 389 3782 469 3842; x_wconf 87' lang='lat' dir='ltr'>uitae</span> <span class='ocrx_word' id='word_1_347' title='bbox 492 3789 521 3841; x_wconf 85' lang='lat' dir='ltr'>et</span> <span class='ocrx_word' id='word_1_348' title='bbox 539 3796 600 3860; x_wconf 85' lang='lat' dir='ltr'>per</span> <span class='ocrx_word' id='word_1_349' title='bbox 617 3788 729 3860; x_wconf 84' lang='lat' dir='ltr'>portas</span> <span class='ocrx_word' id='word_1_350' title='bbox 756 3781 874 3841; x_wconf 78' lang='lat' dir='ltr'>intrent</span> <span class='ocrx_word' id='word_1_351' title='bbox 902 3783 935 3839; x_wconf 89' lang='lat' dir='ltr'>in</span> <span class='ocrx_word' id='word_1_352' title='bbox 964 3783 1122 3841; x_wconf 83' lang='lat' dir='ltr'>ciuitatem.</span> <span class='ocrx_word' id='word_1_353' title='bbox 1168 3775 1258 3838; x_wconf 82' lang='lat' dir='ltr'>Foris</span> <span class='ocrx_word' id='word_1_354' title='bbox 1282 3791 1370 3836; x_wconf 83' lang='lat' dir='ltr'>canes</span> 
     </span>
     <span class='ocr_line' id='line_1_35' title="bbox 138 3876 1371 3960; baseline -0.006 -19"><span class='ocrx_word' id='word_1_355' title='bbox 138 3889 168 3941; x_wconf 83' lang='lat' dir='ltr'>at</span> <span class='ocrx_word' id='word_1_356' title='bbox 189 3879 329 3960; x_wconf 79' lang='lat' dir='ltr'>venefici,</span> <span class='ocrx_word' id='word_1_357' title='bbox 352 3891 540 3942; x_wconf 81' lang='lat' dir='ltr'>scortatores</span> <span class='ocrx_word' id='word_1_358' title='bbox 562 3891 591 3942; x_wconf 88' lang='lat' dir='ltr'>et</span> <span class='ocrx_word' id='word_1_359' title='bbox 613 3879 776 3942; x_wconf 74' lang='lat' dir='ltr'>homicidae</span> <span class='ocrx_word' id='word_1_360' title='bbox 797 3888 827 3940; x_wconf 87' lang='lat' dir='ltr'>et</span> <span class='ocrx_word' id='word_1_361' title='bbox 848 3877 1031 3941; x_wconf 83' lang='lat' dir='ltr'>idololatrae</span> <span class='ocrx_word' id='word_1_362' title='bbox 1053 3888 1082 3940; x_wconf 88' lang='lat' dir='ltr'>et</span> <span class='ocrx_word' id='word_1_363' title='bbox 1103 3881 1200 3940; x_wconf 84' lang='lat' dir='ltr'>omnis</span> <span class='ocrx_word' id='word_1_364' title='bbox 1222 3878 1276 3957; x_wconf 84' lang='lat' dir='ltr'>pni</span> <span class='ocrx_word' id='word_1_365' title='bbox 1294 3876 1371 3954; x_wconf 73' lang='lat' dir='ltr'>facit</span> 
     </span>
    </p>
   </div>
   <div class='ocr_carea' id='block_1_3' title="bbox 129 4051 1373 4660">
    <p class='ocr_par' dir='ltr' id='par_1_6' title="bbox 136 4051 1371 4200">
     <span class='ocr_line' id='line_1_36' title="bbox 173 4051 1371 4130; baseline -0.007 -16"><span class='ocrx_word' id='word_1_366' title='bbox 173 4065 189 4114; x_wconf 90' lang='lat' dir='ltr'>l.</span> <span class='ocrx_word' id='word_1_367' title='bbox 214 4067 256 4114; x_wconf 89' lang='lat' dir='ltr'>Sic</span> <span class='ocrx_word' id='word_1_368' title='bbox 274 4065 330 4128; x_wconf 83' lang='lat' dir='ltr'>lteg.</span> <span class='ocrx_word' id='word_1_369' title='bbox 357 4067 457 4130; x_wconf 80' lang='lat' dir='ltr'>Segner.</span> <span class='ocrx_word' id='word_1_370' title='bbox 474 4066 547 4116; x_wconf 86' lang='lat' dir='ltr'>Basil.</span> <span class='ocrx_word' id='word_1_371' title='bbox 566 4075 589 4117; x_wconf 87' lang='lat' dir='ltr'>et</span> <span class='ocrx_word' id='word_1_372' title='bbox 607 4067 730 4130; x_wconf 82' lang='lat' dir='ltr'>dnglicen.</span> <span class='ocrx_word' id='word_1_373' title='bbox 783 4066 946 4126; x_wconf 78' lang='lat' dir='ltr'>Testamenti,</span> <span class='ocrx_word' id='word_1_374' title='bbox 965 4066 1004 4130; x_wconf 82' lang='lat' dir='ltr'>qni</span> <span class='ocrx_word' id='word_1_375' title='bbox 1024 4072 1047 4114; x_wconf 89' lang='lat' dir='ltr'>et</span> <span class='ocrx_word' id='word_1_376' title='bbox 1065 4063 1144 4123; x_wconf 86' lang='lat' dir='ltr'>addit,</span> <span class='ocrx_word' id='word_1_377' title='bbox 1168 4069 1194 4112; x_wconf 89' lang='lat' dir='ltr'>ut</span> <span class='ocrx_word' id='word_1_378' title='bbox 1211 4061 1324 4123; x_wconf 80' lang='lat' dir='ltr'>Vulgata.</span> <span class='ocrx_word' id='word_1_379' title='bbox 1341 4051 1371 4108; x_wconf 75' lang='grc' dir='ltr'>ἕν</span> 
     </span>
     <span class='ocr_line' id='line_1_37' title="bbox 136 4123 1370 4200; baseline -0.005 -16"><span class='ocrx_word' id='word_1_380' title='bbox 136 4136 164 4184; x_wconf 84' lang='lat' dir='ltr'>tt</span> <span class='ocrx_word' id='word_1_381' title='bbox 182 4133 222 4182; x_wconf 85' lang='lat' dir='ltr'>alli</span> <span class='ocrx_word' id='word_1_382' title='bbox 242 4141 265 4182; x_wconf 89' lang='lat' dir='ltr'>et</span> <span class='ocrx_word' id='word_1_383' title='bbox 283 4134 340 4184; x_wconf 86' lang='lat' dir='ltr'>editi</span> <span class='ocrx_word' id='word_1_384' title='bbox 359 4125 522 4200; x_wconf 65' lang='lat' dir='ltr'>attestare.</span> <span class='ocrx_word' id='word_1_385' title='bbox 781 4132 821 4200; x_wconf 74' lang='grc' dir='ltr'>τῷ</span> <span class='ocrx_word' id='word_1_386' title='bbox 840 4125 937 4198; x_wconf 77' lang='grc' dir='ltr'><strong><em>αἵματι</em></strong></span> <span class='ocrx_word' id='word_1_387' title='bbox 954 4130 1004 4180; x_wconf 79' lang='grc' dir='ltr'>τοῦ</span> <span class='ocrx_word' id='word_1_388' title='bbox 1023 4123 1130 4196; x_wconf 77' lang='grc' dir='ltr'><strong><em>ἀρνίου,</em></strong></span> <span class='ocrx_word' id='word_1_389' title='bbox 1150 4130 1370 4194; x_wconf 71' lang='lat' dir='ltr'>triangulatione.</span> 
     </span>
    </p>

    <p class='ocr_par' dir='ltr' id='par_1_7' title="bbox 129 4192 1373 4660">
     <span class='ocr_line' id='line_1_38' title="bbox 171 4192 1370 4274; baseline -0.005 -24"><span class='ocrx_word' id='word_1_390' title='bbox 171 4215 193 4262; x_wconf 87' lang='lat' dir='ltr'>g.</span> <span class='ocrx_word' id='word_1_391' title='bbox 213 4201 271 4261; x_wconf 83' lang='lat' dir='ltr'>Reg.</span> <span class='ocrx_word' id='word_1_392' title='bbox 290 4210 314 4250; x_wconf 87' lang='lat' dir='ltr'>et</span> <span class='ocrx_word' id='word_1_393' title='bbox 331 4203 431 4264; x_wconf 84' lang='lat' dir='ltr'>Segsar.</span> <span class='ocrx_word' id='word_1_394' title='bbox 452 4203 490 4252; x_wconf 84' lang='lat' dir='ltr'>hic</span> <span class='ocrx_word' id='word_1_395' title='bbox 508 4211 531 4252; x_wconf 89' lang='lat' dir='ltr'>et</span> <span class='ocrx_word' id='word_1_396' title='bbox 550 4210 604 4252; x_wconf 87' lang='lat' dir='ltr'>ante</span> <span class='ocrx_word' id='word_1_397' title='bbox 622 4193 638 4262; x_wconf 81' lang='grc' dir='ltr'><strong><em>ἦ</em></strong></span> <span class='ocrx_word' id='word_1_398' title='bbox 657 4192 728 4267; x_wconf 72' lang='grc' dir='ltr'>ἀρχῆ</span> <span class='ocrx_word' id='word_1_399' title='bbox 782 4199 826 4250; x_wconf 81' lang='lat' dir='ltr'>dlii</span> <span class='ocrx_word' id='word_1_400' title='bbox 851 4216 907 4251; x_wconf 83' lang='lat' dir='ltr'>reru</span> <span class='ocrx_word' id='word_1_401' title='bbox 925 4203 1010 4252; x_wconf 86' lang='lat' dir='ltr'>Graeci</span> <span class='ocrx_word' id='word_1_402' title='bbox 1036 4201 1132 4248; x_wconf 84' lang='lat' dir='ltr'>codices</span> <span class='ocrx_word' id='word_1_403' title='bbox 1152 4197 1204 4246; x_wconf 84' lang='lat' dir='ltr'>navi</span> <span class='ocrx_word' id='word_1_404' title='bbox 1223 4195 1370 4274; x_wconf 73' lang='lat' dir='ltr'>Testamenti</span> 
     </span>
     <span class='ocr_line' id='line_1_39' title="bbox 138 4257 1371 4334; baseline -0.006 -17"><span class='ocrx_word' id='word_1_405' title='bbox 138 4269 229 4318; x_wconf 89' lang='lat' dir='ltr'>addunt</span> <span class='ocrx_word' id='word_1_406' title='bbox 247 4263 308 4324; x_wconf 76' lang='lat' dir='ltr'>eat,</span> <span class='ocrx_word' id='word_1_407' title='bbox 334 4271 399 4334; x_wconf 84' lang='lat' dir='ltr'>quud</span> <span class='ocrx_word' id='word_1_408' title='bbox 418 4271 459 4319; x_wconf 86' lang='lat' dir='ltr'>elii</span> <span class='ocrx_word' id='word_1_409' title='bbox 484 4278 508 4320; x_wconf 86' lang='lat' dir='ltr'>et</span> <span class='ocrx_word' id='word_1_410' title='bbox 532 4271 590 4320; x_wconf 87' lang='lat' dir='ltr'>editi</span> <span class='ocrx_word' id='word_1_411' title='bbox 607 4273 728 4320; x_wconf 88' lang='lat' dir='ltr'>omittunt.</span> <span class='ocrx_word' id='word_1_412' title='bbox 782 4283 841 4318; x_wconf 87' lang='lat' dir='ltr'>mss.</span> <span class='ocrx_word' id='word_1_413' title='bbox 868 4275 893 4318; x_wconf 85' lang='lat' dir='ltr'>et</span> <span class='ocrx_word' id='word_1_414' title='bbox 920 4269 977 4318; x_wconf 89' lang='lat' dir='ltr'>editi</span> <span class='ocrx_word' id='word_1_415' title='bbox 1005 4267 1094 4316; x_wconf 83' lang='lat' dir='ltr'>babent</span> <span class='ocrx_word' id='word_1_416' title='bbox 1118 4257 1304 4318; x_wconf 73' lang='lat' dir='ltr'>ainatasimc</span> <span class='ocrx_word' id='word_1_417' title='bbox 1320 4275 1371 4316; x_wconf 79' lang='lat' dir='ltr'>raa</span> 
     </span>
     <span class='ocr_line' id='line_1_40' title="bbox 138 4327 1370 4400; baseline -0.002 -16"><span class='ocrx_word' id='word_1_418' title='bbox 138 4335 190 4384; x_wconf 76' lang='lat' dir='ltr'>ldae</span> <span class='ocrx_word' id='word_1_419' title='bbox 216 4351 275 4385; x_wconf 86' lang='lat' dir='ltr'>mss.</span> <span class='ocrx_word' id='word_1_420' title='bbox 300 4351 387 4387; x_wconf 88' lang='lat' dir='ltr'>ornnes</span> <span class='ocrx_word' id='word_1_421' title='bbox 411 4351 465 4388; x_wconf 84' lang='lat' dir='ltr'>corn</span> <span class='ocrx_word' id='word_1_422' title='bbox 484 4337 591 4387; x_wconf 87' lang='lat' dir='ltr'>editione</span> <span class='ocrx_word' id='word_1_423' title='bbox 608 4337 728 4388; x_wconf 86' lang='lat' dir='ltr'>Commel.</span> <span class='ocrx_word' id='word_1_424' title='bbox 780 4329 891 4389; x_wconf 75' lang='grc' dir='ltr'><strong><em>ἐντολὰς</em></strong></span> <span class='ocrx_word' id='word_1_425' title='bbox 909 4327 1003 4390; x_wconf 72' lang='grc' dir='ltr'><strong><em>αὐτοῦ,</em></strong></span> <span class='ocrx_word' id='word_1_426' title='bbox 1023 4337 1063 4400; x_wconf 83' lang='lat' dir='ltr'>qui</span> <span class='ocrx_word' id='word_1_427' title='bbox 1081 4335 1169 4395; x_wconf 72' lang='lat' dir='ltr'>sanant</span> <span class='ocrx_word' id='word_1_428' title='bbox 1177 4333 1370 4397; x_wconf 64' lang='lat' dir='ltr'>paeceptaaiaa.</span> 
     </span>
     <span class='ocr_line' id='line_1_41' title="bbox 139 4391 1370 4466; baseline -0.001 -17"><span class='ocrx_word' id='word_1_429' title='bbox 139 4393 167 4449; x_wconf 82' lang='lat' dir='ltr'>al</span> <span class='ocrx_word' id='word_1_430' title='bbox 182 4397 364 4458; x_wconf 77' lang='grc' dir='ltr'><strong><em>πλατύνοντες</em></strong></span> <span class='ocrx_word' id='word_1_431' title='bbox 380 4395 646 4458; x_wconf 64' lang='lat' dir='ltr'>trecentesima».</span> <span class='ocrx_word' id='word_1_432' title='bbox 671 4405 729 4455; x_wconf 79' lang='lat' dir='ltr'>lidi·</span> <span class='ocrx_word' id='word_1_433' title='bbox 781 4405 873 4454; x_wconf 81' lang='lat' dir='ltr'>llridem</span> <span class='ocrx_word' id='word_1_434' title='bbox 899 4403 954 4466; x_wconf 83' lang='lat' dir='ltr'>lteg.</span> <span class='ocrx_word' id='word_1_435' title='bbox 980 4412 1003 4452; x_wconf 89' lang='lat' dir='ltr'>et</span> <span class='ocrx_word' id='word_1_436' title='bbox 1021 4403 1120 4464; x_wconf 77' lang='lat' dir='ltr'>Segner.</span> <span class='ocrx_word' id='word_1_437' title='bbox 1139 4391 1185 4448; x_wconf 75' lang='grc' dir='ltr'>ἵνα</span> <span class='ocrx_word' id='word_1_438' title='bbox 1202 4393 1287 4448; x_wconf 63' lang='grc' dir='ltr'><strong><em>ἔσται</em></strong></span> <span class='ocrx_word' id='word_1_439' title='bbox 1325 4399 1370 4448; x_wconf 81' lang='lat' dir='ltr'>atti</span> 
     </span>
     <span class='ocr_line' id='line_1_42' title="bbox 129 4463 919 4528; baseline 0.006 -11"><span class='ocrx_word' id='word_1_440' title='bbox 129 4471 172 4528; x_wconf 86' lang='lat' dir='ltr'>¹tin</span> <span class='ocrx_word' id='word_1_441' title='bbox 200 4471 276 4521; x_wconf 83' lang='lat' dir='ltr'>Paris.</span> <span class='ocrx_word' id='word_1_442' title='bbox 304 4482 327 4522; x_wconf 86' lang='lat' dir='ltr'>et</span> <span class='ocrx_word' id='word_1_443' title='bbox 354 4475 440 4523; x_wconf 85' lang='lat' dir='ltr'>Coton.</span> <span class='ocrx_word' id='word_1_444' title='bbox 464 4464 492 4520; x_wconf 77' lang='lat' dir='ltr'>ai</span> <span class='ocrx_word' id='word_1_445' title='bbox 513 4465 730 4526; x_wconf 67' lang='lat' dir='ltr'>alianastasis</span> <span class='ocrx_word' id='word_1_446' title='bbox 781 4463 814 4520; x_wconf 68' lang='grc' dir='ltr'>ἵν)</span> <span class='ocrx_word' id='word_1_447' title='bbox 834 4465 919 4522; x_wconf 75' lang='grc' dir='ltr'><strong><em>ἔσται.</em></strong></span> 
     </span>
     <span class='ocr_line' id='line_1_43' title="bbox 141 4532 1373 4606; baseline -0.003 -22"><span class='ocrx_word' id='word_1_448' title='bbox 141 4532 350 4596; x_wconf 67' lang='lat' dir='ltr'>meldradium</span> <span class='ocrx_word' id='word_1_449' title='bbox 362 4545 402 4606; x_wconf 77' lang='lat' dir='ltr'>pst</span> <span class='ocrx_word' id='word_1_450' title='bbox 418 4543 496 4591; x_wconf 84' lang='lat' dir='ltr'>lauant</span> <span class='ocrx_word' id='word_1_451' title='bbox 514 4542 587 4590; x_wconf 79' lang='lat' dir='ltr'>statas</span> <span class='ocrx_word' id='word_1_452' title='bbox 597 4555 661 4590; x_wconf 79' lang='lat' dir='ltr'>suaa.</span> <span class='ocrx_word' id='word_1_453' title='bbox 689 4542 730 4590; x_wconf 83' lang='lat' dir='ltr'>Sto</span> <span class='ocrx_word' id='word_1_454' title='bbox 815 4541 838 4590; x_wconf 81' lang='lat' dir='ltr'>lu.</span> <span class='ocrx_word' id='word_1_455' title='bbox 858 4542 899 4590; x_wconf 85' lang='lat' dir='ltr'>sic</span> <span class='ocrx_word' id='word_1_456' title='bbox 917 4553 975 4590; x_wconf 88' lang='lat' dir='ltr'>mss.</span> <span class='ocrx_word' id='word_1_457' title='bbox 995 4551 1049 4588; x_wconf 87' lang='lat' dir='ltr'>euru</span> <span class='ocrx_word' id='word_1_458' title='bbox 1068 4535 1172 4588; x_wconf 85' lang='lat' dir='ltr'>editione</span> <span class='ocrx_word' id='word_1_459' title='bbox 1190 4533 1309 4586; x_wconf 76' lang='lat' dir='ltr'>nannet.</span> <span class='ocrx_word' id='word_1_460' title='bbox 1344 4534 1373 4582; x_wconf 85' lang='lat' dir='ltr'>lt</span> 
     </span>
     <span class='ocr_line' id='line_1_44' title="bbox 140 4590 1305 4660; baseline 0 -8"><span class='ocrx_word' id='word_1_461' title='bbox 140 4605 211 4656; x_wconf 85' lang='lat' dir='ltr'>etiarn</span> <span class='ocrx_word' id='word_1_462' title='bbox 236 4608 307 4657; x_wconf 85' lang='lat' dir='ltr'>hahet</span> <span class='ocrx_word' id='word_1_463' title='bbox 326 4623 371 4659; x_wconf 82' lang='lat' dir='ltr'>ute.</span> <span class='ocrx_word' id='word_1_464' title='bbox 390 4609 464 4659; x_wconf 83' lang='lat' dir='ltr'>codex</span> <span class='ocrx_word' id='word_1_465' title='bbox 482 4607 656 4658; x_wconf 74' lang='lat' dir='ltr'>Alexandrinos</span> <span class='ocrx_word' id='word_1_466' title='bbox 675 4609 729 4660; x_wconf 84' lang='lat' dir='ltr'>uari</span> <span class='ocrx_word' id='word_1_467' title='bbox 781 4609 855 4658; x_wconf 88' lang='lat' dir='ltr'>editio</span> <span class='ocrx_word' id='word_1_468' title='bbox 875 4607 949 4658; x_wconf 81' lang='lat' dir='ltr'>Paris.</span> <span class='ocrx_word' id='word_1_469' title='bbox 968 4615 992 4657; x_wconf 87' lang='lat' dir='ltr'>et</span> <span class='ocrx_word' id='word_1_470' title='bbox 1010 4605 1095 4658; x_wconf 87' lang='lat' dir='ltr'>Calon.</span> <span class='ocrx_word' id='word_1_471' title='bbox 1113 4597 1158 4654; x_wconf 79' lang='lat' dir='ltr'>tut</span> <span class='ocrx_word' id='word_1_472' title='bbox 1174 4595 1209 4652; x_wconf 68' lang='lat' dir='ltr'>ai</span> <span class='ocrx_word' id='word_1_473' title='bbox 1224 4590 1305 4630; x_wconf 46' lang='grc' dir='ltr'>μ’·</span> 
     </span>
    </p>
   </div>
   <div class='ocr_carea' id='block_1_4' title="bbox 0 0 1593 5050">
    <p class='ocr_par' dir='ltr' id='par_1_8' title="bbox 0 0 1593 5050">
     <span class='ocr_line' id='line_1_45' title="bbox 0 0 1593 5050; baseline 0 0"><span class='ocrx_word' id='word_1_474' title='bbox 0 0 1593 5050; x_wconf 95' lang='lat' dir='ltr'> </span> 
     </span>
    </p>
   </div>
  </div>
 </body>
</html>
