3118 5052
384 352 390 362 '
488 381 597 426 omero
613 381 645 426 u.
662 381 776 427 conred
791 383 926 427 munos.
1107 375 1111 382 '
1260 368 1373 434 DDD·

112 551 175 614 quae
193 531 310 612 quoties
337 529 376 594 de
402 529 491 594 Verbi
514 537 583 596 ortu
604 532 769 596 secumdum
791 551 910 596 carnem
931 533 1077 614 induitur,
1105 553 1222 598 causam
1246 535 1411 598 sub-rsus.

109 634 205 714 iungit,
231 642 465 714 propterquam
487 633 579 696 bomo
601 635 695 698 iectus
717 644 773 697 εει
817 635 890 698 eum
913 643 1011 698 eutem
1033 637 1079 700 rel
1101 637 1168 717 ipse
1188 637 1234 700 rel
1256 639 1321 701 eius

109 735 195 797 umuli
217 734 255 796 de
277 735 342 798 eius
364 734 516 798 divinitate
537 735 627 798 verbu
649 735 775 811 iaciunt,
805 737 905 800 omnia
928 735 1055 817 simplici
1077 737 1207 802 dictione
1229 738 1322 801 abso-

106 837 212 917 lutaque
240 838 387 900 sententis
414 844 444 899 ει
471 837 550 900 nulla
572 837 712 917 implicito
734 853 822 901 causa
843 837 1048 917 proteruntur.
1090 839 1203 922 Nempe
1224 841 1322 904 Putris

108 947 147 1000 est
166 938 322 1018 splendor3
344 945 378 1000 ut
398 945 497 1002 autem
517 937 606 1001 Peter
628 957 688 1002 uon
711 947 758 1002 est
780 939 819 1002 ob
836 939 963 1020 utiquam
979 957 1108 1014 causam,
1131 942 1172 1004 its
1187 943 1323 1006 nescius
1435 957 1441 968 '

106 1039 264 1119 splendoris
291 1057 378 1102 came
406 1047 453 1102 est
479 1039 664 1120 inquirendo.
707 1042 809 1121 ltaque
837 1041 980 1123 scriptum
1009 1049 1069 1103 est:
1104 1039 1143 1104 Io
1167 1046 1324 1126 principio

107 1152 165 1203 erut
193 1141 334 1215 tetum,
367 1153 410 1226 er·
427 1141 556 1204 Verbum
583 1151 651 1204 mot
678 1144 761 1224 opud
787 1141 900 1214 Decus,
930 1155 961 1207 er
988 1142 1072 1205 Dese
1094 1153 1161 1206 erut
1185 1141 1322 1220 Verbum,

106 1243 181 1304 cuius
210 1243 329 1323 quidem
361 1243 407 1306 rei
439 1241 518 1304 nuDa
552 1243 677 1306 sttertur
707 1261 805 1306 ceusu.
850 1243 925 1306 Cum
955 1251 1053 1306 autem
1090 1243 1218 1308 Verbum
1250 1263 1322 1308 euro

106 1345 209 1426 sumum
230 1354 286 1417 eet,
308 1353 379 1408 tunc
401 1361 499 1417 muso,
520 1353 647 1425 proptor
668 1363 756 1426 qnam
775 1348 958 1419 factumest,
979 1345 1028 1407 bis
1042 1345 1143 1408 uerbis
1158 1345 1322 1410 indicatur:

105 1455 131 1507 er
158 1447 298 1510 dubitauit
329 1451 362 1509 in
390 1447 488 1510 nobes.
534 1445 677 1510 Similiter
708 1447 969 1528 Apostolicorum
1001 1447 1057 1509 ait:
1099 1448 1163 1522 Qut
1192 1467 1258 1512 cum
1288 1451 1324 1510 te

103 1547 198 1626 sorren
221 1549 280 1612 Dei
299 1559 393 1624 esset,
415 1567 534 1612 causam
555 1567 618 1610 non
640 1547 766 1628 protulit
786 1549 844 1610 nisi
866 1555 938 1630 post
959 1549 1032 1611 baec
1053 1549 1158 1612 rerba:
1190 1551 1323 1630 sormam

101 1653 179 1713 smus·
200 1656 330 1734 occepit:
363 1659 435 1714 tuuc
461 1651 540 1714 enim
570 1649 712 1714 subiecit:
746 1649 917 1732 bumiituuit
948 1657 1142 1732 semmspsuue
1168 1669 1263 1734 usquc
1284 1653 1325 1715 od

100 1763 232 1830 mortem,
267 1764 395 1816 mortem
422 1766 522 1817 curun
549 1755 661 1815 cruos.
706 1751 787 1814 Haec
807 1752 886 1814 enim
909 1769 997 1815 cama
1026 1759 1090 1824 est,
1120 1768 1173 1816 cur
1193 1751 1323 1816 Verbum
1384 1761 1388 1774 '

100 1871 162 1915 cero
184 1856 293 1918 tactum
315 1864 362 1918 est
385 1861 414 1918 et
436 1856 513 1920 serri
536 1853 649 1935 accepit
670 1855 806 1917 turmam.
1347 1869 1349 1877 ·

174 1960 226 2024 nt.
275 1957 343 2037 ipse
375 1957 464 2020 ειιιω
491 1957 636 2020 Dominus
668 1955 760 2019 motta
792 1955 917 2036 quidem
939 1957 969 2020 in
997 1955 1166 2037 proverbiis
1188 1956 1323 2020 elomtus

98 2065 148 2130 est,
169 2058 222 2120 scd
246 2077 317 2122 oum
335 2057 373 2120 dc
395 2059 494 2140 seipso
517 2059 658 2140 loprritur,
681 2057 817 2120 absolute
840 2057 924 2122 dicits
947 2057 1009 2138 Bpo
1031 2063 1065 2121 ia
1080 2057 1172 2122 Putre
1187 2067 1217 2121 et
1230 2057 1324 2122 Peter

97 2161 126 2220 io
150 2179 196 2224 me
223 2172 288 2238 est,
319 2168 352 2222 et
378 2161 441 2241 Dpo
469 2173 499 2225 et
520 2161 613 2224 Potes·
634 2177 730 2223 uuum
758 2178 878 2234 sumus,
911 2167 943 2222 et
974 2161 1038 2234 Qui
1058 2161 1134 2224 uidit
1154 2177 1218 2236 me,
1248 2161 1324 2224 uidit
1441 2215 1444 2222 .

96 2259 219 2336 Putrem,
244 2269 278 2324 et
298 2261 360 2342 Dpo
383 2281 450 2326 eum
472 2259 530 2324 luo
550 2263 663 2334 mundi,
686 2269 717 2324 ει
737 2261 799 2341 Dpc
822 2277 890 2324 eum
912 2267 1045 2342 ceritum
1067 2259 1174 2340 tpribns
1196 2260 1227 2324 in
1249 2261 1323 2326 locis
1427 2311 1429 2316 .

94 2361 167 2424 uuita
195 2347 290 2426 cansa
319 2365 511 2437 recensetur,
544 2345 751 2426 nec'adertur
778 2363 856 2424 ratio
884 2381 938 2424 cur
959 2361 1000 2424 ita
1023 2352 1079 2436 sit,
1112 2379 1151 2426 ne
1172 2363 1231 2425 iDis
1253 2383 1322 2426 esso

94 2463 238 2528 rideretur
269 2464 435 2545 posterior,
469 2483 596 2546 quorum
627 2483 714 2527 causa
736 2465 832 2526 tactus
853 2473 910 2526 est.
954 2449 1115 2544 Siquidem¹
1129 2483 1254 2528 necesse
1277 2473 1325 2528 cst

94 2581 207 2628 mnsam
240 2565 296 2628 ilio
328 2565 460 2647 priorem
493 2585 579 2640 esse,
613 2565 681 2628 sine
714 2584 771 2646 que
799 2583 855 2628 nec
882 2563 971 2626 ctiam
997 2564 1063 2645 ipse
1090 2566 1184 2629 tuctus
1205 2567 1323 2628 inisset.

46 2725 49 2730 r
92 2663 196 2729 Dautus
219 2667 344 2750 quidem
365 2676 538 2749 segregatus
566 2667 730 2747 Apostolus
751 2667 782 2728 in
810 2663 1018 2746 Ersngelium.
1051 2667 1130 2746 quod
1158 2673 1227 2728 sote
1246 2683 1322 2746 pro-

91 2767 209 2832 miserat
224 2769 375 2834 Dominus
389 2789 444 2851 per
455 2769 632 2851 Prophetas,
648 2767 850 2848 Eraogetium
867 2765 951 2829 cuius
966 2767 1140 2830 administer
1154 2768 1248 2830 sactus
1264 2774 1321 2842 est,
1331 2785 1409 2831 ren.

88 2869 170 2947 prius
193 2889 228 2933 se
251 2869 366 2933 babuit
409 2872 537 2936 ioannes
559 2879 668 2946 autem,
692 2870 739 2933 cui
759 2867 887 2932 Domino
909 2867 1073 2948 praeeundi
1095 2885 1204 2930 munus
1227 2869 1323 2930 tuerat

88 2973 303 3048 commissum,
336 2973 468 3055 priorem
490 2991 609 3055 quoque
631 2993 666 3034 se
686 2971 790 3034 babuit
808 2959 979 3034 Dominum.
1021 2969 1060 3034 Αι
1080 2969 1242 3046 Dominus,
1272 2969 1323 3050 qui

87 3073 195 3136 nullam
218 3093 343 3138 causam
366 3093 420 3140 our
440 3077 481 3139 sit
500 3075 630 3138 Verbum
658 3075 808 3155 agnoscit,
836 3073 896 3134 nisi
925 3079 1039 3135 tuntum
1070 3073 1150 3153 quod
1171 3071 1270 3134 Patris
1294 3080 1324 3134 et

86 3173 164 3238 tetus
186 3184 226 3238 et
240 3175 390 3256 sapientie
412 3185 461 3240 est
481 3177 647 3257 unigenita,
681 3195 748 3240 oum
777 3175 810 3236 tit
830 3173 938 3248 homo,
964 3184 1038 3238 tuno
1060 3193 1178 3237 causam
1202 3175 1322 3250 indicat,

85 3283 326 3359 propterquam
348 3295 465 3340 comem
487 3285 605 3358 gestare
627 3277 743 3340 debeat.
776 3276 821 3338 lili
835 3276 923 3338 'enim
946 3275 1022 3338 tuctu
1044 3276 1158 3338 homini
1176 3273 1325 3340 antecedit

85 3375 243 3442 bomirmm
269 3379 445 3452 necessitas,
467 3379 533 3440 sine
555 3397 613 3459 qua
634 3397 753 3442 curnem
775 3377 897 3440 minime
918 3377 1075 3440 induisset.
1120 3379 1203 3451 Quae
1224 3387 1325 3440 autern
1386 3379 1392 3386 “

85 3477 131 3542 itu
159 3481 202 3544 sit
223 3481 412 3554 necessitas,
440 3488 565 3561 propter
593 3499 680 3562 quam
701 3482 796 3543 iactos
819 3480 910 3543 bomo
933 3487 997 3554 est,
1021 3479 1086 3561 ipse
1107 3479 1253 3544 Dominus
1275 3480 1324 3542 his

83 3581 180 3644 uerbis
212 3582 356 3664 exponit:
390 3582 539 3646 Desceredi
564 3583 599 3646 de
625 3583 710 3646 coeto
732 3601 797 3655 nou
813 3575 854 3645 ἰιι
873 3583 987 3664 sociam
1005 3581 1197 3646 uoluntatem
1217 3599 1323 3651 meum,

84 3685 134 3746 sed
161 3686 361 3752 uoluntatem
392 3689 471 3758 eius,
504 3690 558 3767 put
582 3689 665 3750 misit
690 3703 745 3747 me.
790 3683 872 3747 Haec
895 3694 940 3747 eet
961 3683 1227 3774 outooaooisutus
1249 3685 1323 3752 eius,

81 3880 104 3950 et
121 3873 197 3936 pecto
225 3881 277 3952 ‚⁰⁵3
294 3865 324 3920 di
340 3855 372 3932 ἦε
386 3867 492 3937 rhoea.
529 3871 608 3923 Ceteri
626 3886 682 3922 reru
734 3871 821 3923 ceteris
840 3871 959 3921 omittitur
976 3853 1009 3919 osi
1025 3865 1072 3948 eci
1088 3865 1246 3950 ripum...
1298 3929 1304 3946 ⁸

78 3951 134 4057 ειῗιι.
152 3951 235 4060 οΒιεειιι.
255 3937 494 4068 mimam.
521 4007 614 4058 ibidem
632 3999 684 4066 τήν
733 3938 971 4058 dagrbffluibibilelre:
987 3932 1334 4086 ἒεέεἶξιῖτιιῗυιιεὲὼὲοἶῖἕ

78 4075 145 4126 deest
164 4079 190 4128 in
211 4079 322 4140 Segoer.
342 4078 440 4128 Gobter.
460 4075 564 4126 Feirbn.
584 4077 607 4124 t.
623 4075 682 4126 ott.
733 4071 841 4126 nereum.
867 4075 888 4124 t.
914 4083 938 4126 et
961 4075 984 4125 b.
1002 4071 1053 4122 rori
1072 4061 1241 4137 electiores
1258 4079 1284 4122 nt
1302 4079 1326 4124 et

107 4159 128 4194 e.
147 4145 237 4197 Editio
259 4145 382 4195 Conmet.
399 4136 470 4194 uide.
507 4144 561 4194 tiss.
580 4135 651 4193 edre.
733 4145 842 4195 Nunnius
859 4142 952 4192 ridetur
969 4142 1067 4206 legisse,
1092 4145 1132 4206 qui
1151 4155 1239 4206 nempe
1257 4141 1326 4193 uertit

109 4213 126 4262 t.
152 4215 269 4278 Seguer.
288 4220 312 4261 et
330 4213 387 4275 Dee.
405 4203 488 4266 ciete
504 4225 533 4261 re
550 4203 565 4258 ὅ
581 4207 682 4280 κύριος.
733 4227 781 4262 oon
798 4212 878 4262 tatuit
896 4225 997 4270 causam,
1015 4217 1041 4260 ut
1059 4217 1119 4260 esset
1139 4211 1241 4261 Verbum
1277 4209 1325 4259 Ge-

77 4279 120 4328 stit
145 4289 172 4332 et
197 4281 265 4332 editi
295 4271 377 4334 niobe
401 4274 433 4330 δὲ
455 4271 473 4334 ὃ,
493 4273 594 4349 scriptos.
632 4281 685 4330 Mox
735 4279 781 4330 teri
799 4286 823 4328 et
840 4277 898 4327 editi
915 4275 965 4325 τοῦ
983 4265 1054 4326 εἶναι
1071 4268 1164 4328 ciete.

75 4347 224 4409 Seuuerien.
251 4357 282 4400 et
307 4348 453 4402 Felcbm.b.
476 4341 506 4398 ἂν
522 4343 685 4415 παροιμίαις
769 4347 785 4396 i.
810 4346 950 4406 Segoeriam
975 4346 1073 4397 Gobter.
1092 4347 1197 4399 Fetebm.
1217 4346 1239 4395 1.
1258 4353 1281 4395 et
1298 4345 1323 4396 4.

76 4407 218 4478 emmae.
735 4405 804 4464 decr
820 4408 850 4462 δὲ
864 4402 1021 4482 ἅνθρωπος.
1050 4415 1095 4466 ttii
1109 4423 1132 4466 et
1145 4415 1195 4466 edit
1206 4413 1324 4465 Commet.

108 4501 132 4548 p,
157 4488 273 4550 sepner.
301 4479 346 4532 eei
367 4475 497 4546 Ἰωάννης
517 4479 555 4534 δέ.
592 4484 683 4535 ibidem
734 4475 803 4533 ὅταν
820 4475 976 4554 ἄνθρωπος.
1003 4482 1066 4534 ibid.
1084 4485 1185 4548 Seruus.
1203 4477 1322 4550 risurus.

76 4551 183 4605 i'etetm.
202 4554 234 4636 2
256 4559 286 4602 et
306 4555 377 4603 editio
402 4553 519 4604 commui.
544 4566 683 4621 npogetpe-
733 4553 777 4604 diii
797 4559 821 4602 et
839 4551 895 4600 editi
912 4545 1032 4615 γένηται.

77 4617 154 4676 uerte
178 4638 217 4672 oo
235 4613 292 4670 norb
313 4617 440 4688 γέγονεν,
468 4614 507 4676 etc
523 4615 555 4672 rb
574 4631 619 4672 stc.
656 4622 683 4672 tu
767 4621 790 4670 k.
808 4620 909 4684 Sessar.
927 4617 1007 4670 ποιεῖ.
