3048 5052
233 321 294 384 174
632 335 659 380 ιν.
674 333 830 378 umam
843 331 1069 380 ιιεσιτετεοεει

144 485 342 572 mmm
361 479 488 550 ’σότόι
534 476 672 569 όνόητσι
691 484 747 548 καί
768 478 973 569 φιλόνιαοοιί
1016 479 1046 550 εί
1073 481 1136 565 μὲν
1160 479 1225 566 γὰρ
1245 474 1367 560 όίόίοις
1384 503 1447 548 σοι·

232 596 320 654 εῖναι
339 584 443 670 μόνον
465 581 566 652 αότόν
587 584 757 671 ἐλέγομεν,
781 581 837 650 καί
857 582 904 668 μὴ
925 581 1013 663 ολόν,
1042 579 1195 668 Ι’πιθανή
1216 605 1270 661 τις
1289 570 1330 670 ἢν
1351 578 1447 650 αόεόι

231 683 501 776 ἡπροςποίητος
522 680 685 772 εύλύβεια,
709 685 739 753 εί
761 685 798 752 όλ
819 680 930 754 όίόιον
952 687 1101 772 λέγοντες
1121 679 1346 770 ὁμολογοῦμεν
1354 680 1447 752 ἀὐτόν
1518 707 1519 728 ¹

231 785 304 854 οίόν
326 787 361 856 &a
382 787 525 874 πατρός,
549 791 624 867 πῶς
646 784 665 855 6
686 785 859 874 γεννηθείς
880 781 1026 875 όόελφός
1046 790 1106 854 τού
1126 786 1344 872 γεννήσαντος
1364 787 1447 854 όύνο

230 913 289 957 ται
308 889 525 975 νομίζεσθαις
557 893 612 958 καλ
635 889 665 958 εί
688 889 736 968 εἰς
756 893 890 976 πατέρα
910 891 965 956 καί
988 887 1060 958 νίόν
1080 885 1173 978 ἡμῶν
1195 889 1285 958 ἐστιν
1299 884 1320 977 ἡ
1336 895 1446 968 πίστις,

231 997 316 1058 ποία
343 985 529 1079 ἀδελφότης
556 990 591 1058 έν
613 990 744 1070 τούτοις
767 989 874 1072 λστίνς
906 984 928 1078 ἢ
949 993 1024 1069 πῶς
1046 989 1183 1058 όύναται
1206 987 1224 1057 6
1247 989 1345 1078 λόγος
1366 987 1448 1059 όόελ

231 1091 297 1182 φύς
325 1095 502 1180 ’λέγεσθαι
528 1092 663 1174 τούτου,
693 1082 732 1159 ού
759 1090 816 1160 καί
837 1091 910 1160 ἔστι
931 1091 1046 1178 λόγος,·
1078 1087 1137 1159 ούκ
1159 1092 1250 1160 ἔστιν
1271 1087 1449 1181 ἀντίρρησις
1516 1169 1517 1172 ¹

232 1191 314 1284 αότη
338 1191 383 1274 ῶς
404 1195 498 1283 παρὰ
520 1189 725 1282 ἇγνοούντων
746 1200 916 1281 γινομένη·
939 1196 1105 1282 συνορῶσι
1125 1193 1188 1281 γὰρ
1209 1196 1263 1261 καί
1286 1188 1382 1261 αύτοί
1403 1193 1448 1282 ιη“ν
1516 1199 1517 1212 ’

233 1291 414 1385 ἀλήθειαν·
437 1292 522 1364 ἀλλὰ
543 1295 716 1385 πρόφασίς
738 1293 828 1363 έστιν
840 1291 999 1386 ’ίονόαῖκὴ
1014 1299 1068 1362 καί
1082 1293 1263 1375 θελόντων,
1286 1291 1354 1374 ’ῶς
1368 1291 1449 1364 εἶπεν

142 1439 147 1448 ·
178 1435 182 1446 ·
232 1394 470 1485 όΣολομιύν“),
495 1393 565 1466 ύπό
586 1401 645 1486 τῆς
667 1391 829 1485 ἀληθείας
847 1397 1060 1484 χωρίζεσθαι
1091 1393 1130 1464 ού
1152 1396 1214 1484 γὰρ
1236 1397 1271 1466 &a
1291 1383 1384 1477 τινος
1405 1391 1451 1484 όρ-

229 1505 290 1587 γῆς
311 1499 590 1588 προϋπαρχούσης
612 1496 631 1566 6
653 1497 763 1586 πατὴρ
785 1497 842 1566 καὶ
856 1494 874 1566 ό
889 1499 962 1578 υίός
977 1499 1208 1588 ἐγεννήθησαν,
1224 1499 1280 1567 λ’να
1294 1497 1352 1568 καί
1366 1495 1450 1568 666-

103 1593 106 1601 ⁴
234 1605 293 1692 φοί
316 1605 543 1688 νομισθῶσιν·
567 1595 636 1669 ἀλλ’
661 1597 679 1666 ό
703 1600 813 1690 πατὴρ
836 1596 917 1688 όρχὴ
939 1605 998 1668 τοῦ
1021 1601 1094 1668 νίοό
1115 1605 1175 1670 καί·
1185 1601 1365 1688 ’γεννήτωρ
1381 1601 1449 1680 ἔστί,

145 1707 287 1773 τινικαὶ
309 1701 328 1772 6
351 1702 462 1792 πατὴρ
483 1703 595 1791 πατήρ
617 1703 699 1783 ἐστι,
721 1705 775 1770 καὶ
799 1697 858 1785 ούχ
879 1701 951 1782 οίός
972 1727 1063 1783 τινος
1083 1709 1204 1790 γέγονε,
1227 1705 1281 1770 καλ
1304 1699 1451 1783 όνίόςόλ

232 1806 305 1887 οίός
326 1807 398 1875 ἐστι
419 1810 474 1874 καί
497 1800 555 1900 ούκ
577 1800 731 1893 όόελφός.
772 1803 803 1872 εί
824 1805 861 1872 δὲ
883 1800 994 1872 όίόιον
1014 1811 1157 1894 γέννημα
1176 1808 1238 1872 τοῦ
1259 1805 1390 1892 πατρὸς
1410 1809 1452 1873 λε’-

231 1934 334 1995 γεται,
357 1910 466 1987 καλῶς
487 1910 625 1994 λέγεται.
671 1902 708 1974 ού
731 1907 793 1993 γὰρ
816 1901 932 1993 ἀτελὴς
954 1902 1052 1975 ούσία
1072 1911 1133 1975 τοῦ
1155 1907 1284 1994 πατρὸς
1304 1899 1344 1996 ἦν
1366 1933 1450 1986 ποτε,

231 2009 289 2076 ἰ’να
309 2013 363 2076 καλ
385 2008 425 2074 τὸ
447 2009 550 2076 ’ἴδιον
572 2005 673 2098 αὐτῆς
695 2008 917 2096 έπισομβαίνη
939 2009 1051 2097 ταύτῃ,
1076 2005 1153 2078 οόόὲ
1168 2006 1214 2090 ῶς
1229 2007 1453 2096 όνθρωποςίξ

134 2167 137 2174 .
232 2104 418 2196 όνθρῶπου
440 2115 627 2198 γεγέννηται
649 2107 667 2178 ό
690 2109 771 2191 υίός,
795 2112 850 2178 λ’να
871 2110 927 2179 καὶ
941 2107 1091 2200 ὑστερίζῃ
1107 2116 1166 2200 τῆς
1178 2111 1338 2199 πατρῴας
1353 2107 1452 2197 όιτόρ-

233 2213 330 2292 ξεως·
354 2206 439 2278 ἀλλὰ
458 2215 543 2278 θεοῦ
564 2212 706 2300 γέννημά
728 2212 808 2294 έστι,
831 2214 886 2279 καί
907 2209 974 2292 Ιῶς
995 2217 1079 2281 θεοῦ
1101 2217 1160 2280 τοῦ
1182 2209 1234 2282 όελ
1257 2211 1354 2292 ὄντος
1375 2214 1454 2292 ἰ’όιος
1522 2249 1523 2258 ¹

235 2307 282 2380 ῶν
302 2312 375 2392 υἱός
397 2307 514 2392 ἇίόίως
535 2310 685 2402 ύπόρχει.
724 2309 918 2401 ἇνθρῶπων
939 2317 1000 2399 μέν
1021 2315 1083 2402 γὰρ
1105 2316 1193 2383 ἰ’όιον
1216 2315 1278 2382 ΙΙτό
1301 2315 1335 2382 έν
1354 2315 1453 2402 χρόνῳ

231 2418 348 2501 γεννᾶν
370 2412 488 2482 διὰτὸ
511 2409 624 2494 ἀτελὲς
644 2418 703 2501 τῆς
724 2413 866 2504 φύσεως,
889 2419 974 2483 θεοῦ
997 2417 1033 2483 δέ
1056 2411 1166 2484 όΐόιον
1187 2415 1227 2482 τὸ
1247 2421 1391 2504 γέννημα
1407 2414 1455 2482 διὰ
1521 2455 1523 2498 ³

231 2515 271 2583 τό
301 2511 352 2584 όεί
378 2517 505 2583 τέλειον
533 2519 592 2606 τῆς
620 2516 760 2604 φύσεως.
806 2516 836 2584 εί
856 2519 917 2602 μὲν
940 2507 997 2584 ούν
1020 2514 1078 2584 ούκ
1100 2519 1191 2586 ἔστιν
1212 2519 1298 2599 υλός,
1333 2512 1404 2584 ἀλλ’
1426 2517 1456 2596 ίξ

233 2613 292 2686 οόνι
314 2615 419 2687 ὄντων
439 2625 571 2707 ποίημα
591 2625 712 2706 γίγονε,
736 2619 956 2686 όεικνύτωσαν
970 2619 1143 2705 πρότερον,
1159 2623 1214 2687 καί
1230 2615 1275 2700 ῶς
1289 2624 1368 2705 περὶ
1383 2643 1456 2686 ποι·

232 2720 359 2807 ἠματος
387 2721 632 2810 φανταζόμενοι
658 2722 879 2809 κραζίτωσαν,
903 2718 972 2788 ἰότι
1000 2712 1039 2809 ἦν
1062 2745 1146 2789 ποτε
1168 2717 1224 2790 ὅτε
1246 2717 1305 2790 ούκ
1325 2711 1382 2810 ἦν·
1406 2717 1455 2788 σόν

235 2819 315 2890 όντα
335 2823 397 2910 γὰρ
419 2831 531 2911 γέγονε
551 2825 594 2891 τὰ
614 2823 741 2912 γενητό.
787 2823 817 2890 εί
838 2823 874 2890 όλ
896 2823 968 2903 υἱός
989 2823 1061 2891 ἐστι
1083 2827 1193 2902 (τοῦτο
1214 2823 1344 2910 γὰρκαὶ
1361 2819 1380 2888 6
1396 2849 1457 2890 πα-

236 2923 296 3011 τὴρ
318 2926 405 3011 λέγει
426 2926 482 2993 καὶ
503 2927 539 2992 αλ
560 2928 684 3014 γραφαί
707 2928 842 3011 βοῶσι),
865 2924 905 2991 τό
927 2926 965 2994 δὲ
985 2925 1056 3005 υίὸς
1079 2922 1177 2993 ούόλν
1198 2923 1307 3012 ἕτερόν
1330 2919 1457 3010 έστινό

235 3026 275 3092 τό
298 3025 333 3093 ἐκ
351 3030 411 3093 τού
433 3027 562 3114 πατρὸς
582 3027 800 3113 γεννώμενον,
829 3027 869 3093 τό
898 3028 935 3095 δὲ
955 3028 1156 3114 γεννώμενον
1177 3027 1212 3094 ἐκ
1233 3031 1313 3094 Ι·τού
1336 3027 1458 3113 πατρὸς

236 3127 335 3215 λόγος
355 3129 445 3196 ἐστίν
467 3124 571 3196 αότού
590 3131 644 3195 καλ
666 3135 772 3217 σοφία
792 3131 846 3196 καὶ
870 3125 1090 3216 ἀπαύγασμα·
1113 3137 1147 3197 τί
1168 3130 1220 3198 όεί
1242 3131 1346 3217 λέγειν
1367 3125 1390 3218 ἢ
1409 3126 1458 3196 ότι

236 3232 399 3316 λέγοντες·
421 3220 461 3317 ἦν
482 3253 568 3298 ποτε
590 3226 647 3297 ὅτε
668 3224 726 3298 οόκ
746 3221 786 3317 ἦν
808 3226 922 3314 όνλύς,
947 3228 993 3310 ῶς
1007 3233 1126 3320 λῃσταί
1139 3257 1227 3311 τινες
1247 3227 1458 3299 ιαἰποοολῶοι

235 3331 294 3399 τόν
316 3330 413 3418 λόγον
436 3329 506 3399 ἀπὸ
528 3334 586 3399 τοῦ
607 3336 700 3414 θεοῦ,
724 3335 779 3400 καλ
802 3332 953 3421 ἄντικρυς
974 3330 1043 3401 κατ’
1061 3329 1163 3401 αύτού
1179 3339 1392 3421 φθέγγονται,
1408 3328 1458 3398 ότι

235 3424 276 3521 ἦν
297 3455 382 3502 ποτε
402 3438 462 3500 τοῦ
486 3435 572 3502 ίόίοο
594 3435 693 3521 λόγον
714 3438 769 3503 καλ
790 3443 941 3525 ΙΙσοφίας
960 3441 1070 3523 χωρίς,
1094 3439 1148 3503 καὶ
1169 3436 1209 3502 τὸ
1231 3439 1305 3523 φῶς
1325 3424 1365 3522 ἦν
1379 3457 1460 3501 ποτε

236 3539 337 3622 χωρὶς
358 3531 468 3622 ούγῆς,
491 3535 546 3604 καί
568 3535 687 3623 ἄγονος
706 3527 747 3625 ἦν
768 3533 788 3625 ἦ
812 3535 899 3624 πηγὴ
920 3537 978 3604 καὶ
999 3537 1098 3626 ζηρύχ
1131 3531 1191 3625 κᾷν
1211 3535 1335 3630 γὰρτὸ
1358 3534 1459 3620 ὄνομα

172 3667 177 3676 ’
235 3641 296 3706 τού
320 3637 440 3724 χρόνον
469 3637 755 3723 προςποιούμενοι
776 3643 964 3725 φοβεῖσθαι
984 3638 1042 3706 όιὰ
1062 3639 1140 3718 τοὺς
1162 3636 1383 3720 ὀνειδίζοντας
1401 3632 1461 3704 τό

236 3738 314 3818 τοὺς
335 3741 457 3824 λέγωσι
477 3739 545 3826 πρό
565 3739 693 3826 χρόνων
716 3735 815 3806 αὐτόν
838 3733 939 3821 εἶναι,
971 3734 1040 3808 ἀλλ’
1066 3737 1157 3827 ὅμως
1180 3737 1233 3807 ότι
1255 3737 1461 3830 όιαοτὴματό

234 3865 309 3907 τινα
337 3836 507 3924 όιόόασιν,
539 3840 573 3910 έν
600 3836 652 3921 οἷς
671 3839 717 3928 μὴ
740 3836 825 3909 εἶναι
847 3835 947 3908 αότόν
970 3842 1208 3930 φαντάζονται,
1243 3837 1338 3912 ούόλν
1366 3830 1463 3929 ἦττον

303 4096 328 4156 ¹)
347 4097 414 4150 vm.
435 4069 474 4160 ιλ,
495 4099 517 4148 ι.

271 4246 292 4279 ⁸·
311 4231 450 4291 8ῑεοοιὶειι.
469 4231 578 4282 τοῦτον.
909 4232 1151 4284 λόοΙιΙιιῑῐιΙελοι.
1163 4225 1229 4287 [ῶς
1240 4222 1465 4299 wama-'n

271 4297 294 4346 b.
314 4297 384 4347 ΒειῑΙ.
409 4295 569 4360 πιθανότης.
605 4300 746 4362 sewum.
765 4299 823 4350 ibid.
909 4315 930 4350 ε.
949 4301 990 4350 Sic
1007 4303 1148 4362 δεςονιίιο.
1167 4303 1265 4353 nomer.
1283 4311 1310 4354 ιι
1323 4302 1426 4352 Folekm.
1441 4299 1465 4348 ί.

239 4356 462 4432 §aemulatos
499 4368 705 4419 Editiocommel.
724 4359 824 4434 ἧτρόε
875 4371 903 4418 λι
920 4370 1041 4432 λορίίεεε.
1059 4361 1174 4434 γενητόν
1190 4361 1256 4420 ἔστι.
1287 4367 1466 4421 λΙίίειιόίιίο

238 4431 321 4480 τοῦτο
344 4428 521 4498 προτσοιητύ.
559 4437 603 4486 Alii
626 4429 641 4495 ἧ
665 4429 737 4502 πρός
761 4433 824 4484 τοῦ·
875 4435 992 4486 ΕσεοωεΙ.
1010 4431 1145 4500 γεννηνύτ
1160 4429 1228 4484 [στι.

240 4513 273 4549 τι
290 4495 477 4569 νιροςποίητος.
908 4503 925 4552 ί,
950 4505 991 4553 Sic
1014 4513 1113 4564 εεςοετ.
1142 4504 1240 4555 comer.
1266 4513 1290 4556 ει
1313 4501 1418 4555 ίίίελοι.
1440 4499 1466 4550 ί.

274 4585 294 4620 α
313 4579 412 4632 benet.
430 4579 454 4620 ει
472 4567 576 4618 Mein.
587 4568 610 4620 ό.
629 4566 768 4636 γενέσθαι.
873 4569 937 4622 tuiti
954 4585 1010 4622 ιετο
1029 4581 1053 4624 ει
1070 4572 1112 4623 ιΙίι
1129 4561 1228 4624 dnum.
