3022 5056
474 368 585 412 omaro
600 367 633 412 ιι.
649 369 764 412 oonrna
778 369 915 414 serenos.
1233 357 1298 426 289

84 523 241 602 disputent,
263 520 290 582 ai
312 519 411 582 Sancti
434 520 472 582 de
494 518 592 582 Verbo
614 518 681 599 ipso
703 517 861 600 loquentes
882 519 949 582 looo
971 527 1025 604 pur·
1043 525 1147 604 penult
1169 507 1382 590 diederada.

80 629 124 708 pri
139 625 224 704 feeit.
266 623 355 685 blodo
377 622 457 683 enim
480 621 516 683 de
538 639 593 695 eo,
614 620 694 700 quod
717 639 753 682 ex
775 631 878 682 natura
902 629 961 694 est,
984 625 1191 698 consentiant,
1214 627 1297 706 parri

78 718 316 797 omniuo'relert,
339 740 395 803 qua
418 740 491 784 rooe
513 723 569 784 bae
589 721 625 795 in¹
642 739 675 782 re
698 731 827 784 utantur.
871 722 932 785 Nee
949 724 1026 786 enirn
1050 745 1137 788 voees
1160 739 1296 790 naturam

77 826 228 908 perimunt,
251 824 305 888 sed
325 823 425 904 potios
448 823 511 904 ipsa
534 833 637 886 natura
661 842 750 886 voees
771 824 807 885 ad
830 844 864 886 se
879 827 1083 888 accommodat
1097 835 1127 890 ot
1141 829 1296 892 convertit

78 927 139 990 Nam
159 945 222 988 non
246 945 335 988 voees
357 925 472 988 naturis
495 934 565 988 sunt
586 924 714 1005 priores,
737 926 790 986 sed
812 931 934 988 naturae
957 927 1074 1008 priores
1097 937 1168 991 sunt
1190 939 1219 992 et
1240 949 1296 991 ro-

78 1049 120 1092 ees
139 1029 255 1092 naturis
277 1028 472 1108 posteriores.
515 1027 599 1090 Unde
620 1028 738 1107 quando
762 1035 884 1090 naturae
907 1031 999 1092 laetae
1020 1038 1091 1092 sunt
1106 1029 1150 1092 rel
1170 1041 1296 1107 orestae,

78 1139 140 1193 tono
158 1129 300 1212 propriae
322 1129 359 1191 de
380 1128 437 1190 illis
461 1129 516 1191 bae
538 1129 685 1192 dictiones
708 1139 891 1210 usurpantur
911 1133 994 1212 serit,
1016 1134 1102 1212 [orto
1124 1143 1186 1204 eat,
1210 1152 1297 1196 ereo·

76 1237 128 1309 orl,
155 1231 267 1312 quibos
296 1249 372 1310 opus
395 1229 587 1310 significatur.
632 1232 758 1305 Quando
787 1241 885 1294 autem
916 1242 1018 1294 natura
1047 1235 1244 1296 osteadens
1268 1243 1299 1296 et

75 1333 155 1406 lilios.
178 1343 250 1396 tuno
270 1333 391 1396 eaodem
412 1331 559 1394 dictiones
580 1333 663 1412 [erit.
685 1335 770 1413 sueto
792 1345 836 1396 ert
858 1341 889 1394 et
911 1339 1026 1398 oreoor't
1049 1353 1109 1396 non
1131 1333 1253 1416 proprie
1269 1333 1297 1396 ei

76 1435 267 1498 attribuuntur
288 1451 385 1514 nequo
406 1453 483 1516 opos
505 1434 682 1513 signiticaret,
705 1434 758 1496 sed
781 1454 835 1514 pro
858 1436 987 1498 dictione
1001 1441 1104 1516 perrois
1120 1437 1209 1498 diotio
1224 1438 1299 1517 serit

75 1537 180 1617 absque
203 1537 263 1598 ullo
285 1535 459 1599 discrimine
479 1543 649 1615 usurpatur.
694 1535 780 1598 Certe
802 1555 862 1599 non
886 1557 955 1600 raro
977 1548 1077 1618 potres
1106 1537 1183 1600 filios
1205 1556 1239 1598 ex
1262 1555 1297 1600 se

72 1640 181 1716 genitos
204 1656 277 1700 suos
299 1656 403 1700 serros
426 1638 589 1718 appellant,
623 1656 679 1700 nro
707 1647 804 1700 terrram
827 1640 906 1719 qood
931 1650 1053 1702 naturae
1074 1640 1228 1721 proprium
1251 1648 1299 1704 est

70 1739 244 1804 inficiantur.
281 1741 377 1821 Saepe
399 1742 486 1802 etiam
510 1759 616 1802 servos
640 1740 863 1802 beneuolentiae
884 1741 976 1821 gratia
1000 1741 1076 1803 lilios
1100 1750 1215 1816 rooanl,
1237 1759 1296 1820 quo

68 1859 133 1904 sane
152 1841 280 1904 nomine
301 1860 363 1904 nou
385 1841 583 1914 dissimulant,
606 1841 673 1904 illos
689 1843 726 1904 ab
742 1843 828 1904 initio
852 1843 881 1904 io
905 1843 950 1906 soi
975 1845 1067 1906 luisse
1089 1843 1220 1918 ditrooo;
1242 1843 1296 1906 eud

69 1951 160 2022 patres
187 1943 267 2006 lilios
288 1961 363 2006 suos
386 1961 490 2006 servos
513 1963 569 2025 pro
593 1963 645 2006 sua
668 1945 843 2007 arrctoritate
866 1954 986 2018 rorant,
1015 1953 1046 2006 et
1067 1955 1170 2008 eontra
1191 1963 1296 2006 servos

69 2043 139 2106 lilios
164 2063 228 2126 pro
256 2064 309 2108 sua
339 2064 408 2125 erga
435 2065 488 2108 eos
520 2045 713 2126 benignitate.
756 2047 806 2108 Sio
828 2048 901 2110 Sara
920 2047 1120 2114 Abralramum
1143 2047 1297 2110 dominum

70 2145 150 2220 dixit,
186 2147 323 2227 quamvis
350 2166 412 2210 nou
441 2148 506 2210 eius
534 2158 615 2210 esset
643 2149 747 2212 ancilla
775 2151 828 2212 sed
859 2169 944 2212 uxor.
987 2150 1149 2229 Apostolus
1177 2167 1298 2229 quoqne

68 2247 242 2312 Onesimum
270 2267 388 2312 sermm
417 2269 483 2312 oum
509 2250 684 2314 Philemone
712 2253 786 2313 bero
815 2262 954 2331 tanqnam
983 2253 1103 2314 tratrem
1132 2251 1296 2314 eorriunxit.

66 2349 214 2414 Bersabee
234 2351 305 2413 item
327 2352 444 2414 tametsi
467 2361 562 2414 mater
583 2353 675 2416 lilium
702 2372 821 2416 serrum
843 2353 1015 2434 appellarit,
1044 2373 1111 2416 eum
1139 2355 1216 2435 patri
1238 2354 1294 2416 ait:

67 2453 194 2518 Servum
211 2465 297 2516 tuum
311 2453 750 2535 Solomonem‚'ingressusquo
772 2463 877 2534 postea
899 2455 1012 2518 llatlrau
1029 2455 1178 2536 Propheta
1194 2455 1298 2516 eadem

67 2573 134 2634 qnae
161 2556 216 2618 illa
242 2555 345 2618 Doridi
372 2555 462 2618 dixit:
497 2555 689 2621 Salomonem
717 2577 841 2622 seruum
870 2569 972 2631 ιιιιιιιις
1004 2575 1060 2618 noo
1087 2557 1230 2618 curabant
1255 2555 1297 2618 illi

66 2657 139 2734 qood
161 2657 257 2718 lilium
281 2675 401 2720 servom
423 2658 564 2720 dicerent.
609 2658 683 2720 Nam
706 2667 736 2720 ot
764 2659 813 2720 ille
842 2659 966 2720 audiens
995 2669 1128 2720 naturam
1150 2673 1297 2734 opimare·

65 2756 126 2832 bat,
155 2768 187 2821 et
210 2758 241 2819 bi
263 2777 331 2820 oum
353 2760 393 2820 ita
415 2758 624 2839 loquerentur,
654 2777 756 2821 rerum
780 2778 846 2820 eum
870 2778 939 2820 ease
960 2760 1052 2820 lilium
1075 2758 1152 2819 baud
1175 2757 1297 2835 ignora-

63 2857 138 2923 bant.
184 2861 290 2939 ltaque
312 2860 466 2939 rogabant,
490 2873 523 2924 ot
544 2861 593 2922 ille
615 2861 709 2941 patris
732 2861 838 2922 haeres
860 2861 954 2928 lieret,
977 2878 1065 2940 quem
1081 2859 1160 2920 servi
1176 2858 1298 2920 nomine

63 2961 259 3042 appellabant.
304 2960 446 3024 Salomon
469 2964 548 3025 enim
571 2971 636 3024 erat
658 2967 761 3025 natura
784 2963 862 3024 lilios
886 2961 1014 3024 llaridis.

144 3169 176 3229 4.
224 3163 481 3238 Quemadmodum
504 3183 575 3246 ergo
596 3183 664 3238 noa,
687 3166 737 3245 qui
760 3165 815 3228 ista
839 3165 973 3244 legimus,
996 3183 1030 3226 oa
1053 3172 1133 3226 reule
1156 3161 1296 3243 iutelligi-

60 3283 136 3339 mos,
159 3284 261 3346 nequa
283 3285 350 3328 eum
373 3265 562 3328 Salomonem
585 3285 703 3328 servom
726 3268 903 3348 appellatum
927 3267 1074 3338 andimus,
1098 3266 1179 3328 illum
1202 3266 1296 3328 luisse

61 3383 178 3429 servom
203 3367 426 3440 existimamus,
448 3368 502 3429 sed
524 3369 687 3430 naturalem
711 3377 742 3430 et
763 3387 863 3431 verum
886 3359 996 3440 lilinm;
1025 3368 1110 3430 ilasi
1133 3367 1170 3428 do
1192 3366 1295 3428 Saloa-

61 3475 132 3541 tum,
157 3487 250 3549 quem
273 3486 343 3530 rere
358 3467 465 3530 Filium
482 3489 549 3532 esse
564 3477 682 3532 onustat
699 3471 807 3550 quique
823 3471 955 3532 naturale
972 3470 1099 3532 Verbum
1115 3477 1173 3540 est.
1196 3469 1296 3530 Sanoti

59 3567 130 3631 baec
150 3571 272 3634 dieunt:
299 3569 363 3644 Qor'
381 3571 481 3654 fidelis
504 3583 548 3636 est
571 3577 607 3643 ei,
629 3576 683 3653 qui
701 3573 774 3652 feeit
795 3572 901 3646 r‘llom,
929 3573 976 3633 rel
998 3571 1023 3632 si
1047 3571 1110 3652 ipse
1133 3570 1170 3630 de
1192 3570 1295 3650 seipso

61 3669 116 3730 ait:
137 3671 291 3734 Dominus
316 3677 432 3736 mauolt
452 3691 507 3743 me,
531 3680 576 3734 et:
600 3672 663 3752 Ilpa
686 3691 796 3736 aereus
819 3685 891 3736 ιιιιιι
914 3684 942 3734 ιι
964 3673 1049 3754 filios
1072 3672 1202 3734 ancillor
1216 3681 1297 3740 tona.

57 3768 172 3851 aliaque
195 3772 290 3834 huius
313 3774 442 3852 generis,
465 3792 526 3835 uon
550 3773 619 3836 ideo
642 3793 709 3838 eum
725 3775 821 3836 Patris
837 3773 992 3855 proprium
1008 3793 1078 3835 esse
1094 3789 1203 3850 negare
1217 3771 1295 3842 lieet,

57 3873 110 3934 sed
133 3861 177 3938 it‘a
203 3873 242 3936 de
262 3873 351 3936 Patre
374 3885 404 3936 et
425 3874 499 3937 Filio
522 3883 556 3937 ut
577 3875 615 3936 de
636 3875 795 3939 Salomone
818 3875 975 3951 etDaride
993 3883 1073 3937 reete
1095 3881 1143 3936 est
1163 3871 1298 3934 sentien-

87 4129 111 4178 d.
131 4129 282 4192 Segoerian.
310 4128 408 4180 Gobler.
433 4128 572 4180 letetur.
592 4129 657 4182 eti.
710 4131 765 4181 mel.
784 4127 947 4198 Σαλιμῶνιι.
986 4128 1037 4176 llox
1056 4125 1154 4176 Gobler.
1173 4133 1196 4175 et
1215 4124 1299 4176 reret-

53 4198 170 4248 omittout
190 4191 239 4245 aot
257 4189 289 4245 τὸ
307 4189 419 4247 ἔκτισεν,
709 4215 773 4249 man.
789 4200 808 4248 l.
830 4215 874 4263 pro
893 4187 1022 4250 amatodo
1041 4195 1129 4242 babent
1148 4185 1296 4242 rosmoda.

53 4281 106 4379 ΜΞ·
115 4267 237 4387 3⁸⁰³·
248 4265 347 4317 mm·
360 4265 464 4316 mm·
477 4265 499 4314 ¹·
515 4265 572 4316 Μ’
587 4263 657 4332 Μ’
742 4299 765 4348 lr.
786 4299 875 4362 lnplie.
894 4299 951 4360 [ιιι.
971 4296 1068 4347 Gobler.
1088 4303 1111 4344 et
1130 4295 1299 4346 latetmouet.
1388 4291 1394 4301 '

84 4403 99 4452 l.
127 4369 245 4451 Felakm.
256 4401 279 4450 5.
298 4395 350 4462 τὴν
366 4393 396 4458 ἐξ
405 4391 656 4470 ἆρχῆιαῦιῶνφῦ·
707 4359 821 4432 ἔμελλεν·

52 4479 95 4515 arr
112 4463 164 4517 aral
184 4463 286 4520 κτίσιν.
741 4471 757 4519 i.
781 4469 822 4519 Sic
841 4469 940 4531 Sapore.
959 4467 1016 4529 llep.
1032 4465 1103 4517 llaril.
1123 4467 1212 4528 inplie.
1232 4465 1298 4516 Gob-

83 4553 105 4602 ς.
125 4540 173 4590 Sic
195 4539 295 4600 Sapore.
316 4537 413 4588 Goblor.
431 4537 536 4589 Felaim.
549 4537 571 4587 l.
590 4546 614 4588 et
628 4537 653 4588 l.
707 4537 791 4587 lerion.
810 4547 833 4586 et
852 4537 956 4588 Felolnr.
972 4537 993 4586 l.
1012 4543 1035 4586 et
1053 4535 1077 4584 l.
1113 4542 1140 4584 Αι
1158 4532 1297 4586 latetmt.

52 4615 76 4654 at
92 4619 117 4658 er
136 4608 222 4658 intra.
255 4604 284 4657 lr
306 4605 347 4656 olii
376 4621 430 4657 rom
456 4604 562 4658 editione
580 4606 655 4658 Com·
706 4601 823 4670 λέγωσιν
840 4598 882 4656 dr.
917 4605 981 4656 Editi
997 4599 1131 4670 λέγουσιν.

83 4697 227 4738 tnsnnsn
240 4704 291 4738 ιιι.
304 4704 376 4740 noer.
390 4705 440 4740 ιιι.
1059 4687 1089 4740 19
