3110 5064
605 363 774 408 emersam.
1260 349 1299 414 35

98 533 206 595 pmrsus
230 523 386 595 expertem
410 514 503 578 luisse
525 533 584 578 non
607 515 776 588 mirabitur,
799 517 848 596 qui
871 516 1080 598 interpretandi
1107 517 1301 580 cousuetudi-
1410 565 1414 578 .

97 635 150 678 ren
169 615 327 696 plerisque
351 615 488 678 omuibus
510 616 587 678 illius
617 618 725 681 saeculi
755 619 923 680 doctoribus
951 619 1103 699 probatam
1127 627 1157 680 et
1177 619 1300 680 ebraeae

95 719 193 797 linguae
218 719 436 796 ignorantiam,
465 735 520 797 qua
543 705 728 791 laborabant,
756 721 928 782 recordatus
950 722 989 782 sit
1011 730 1041 784 et
1059 721 1155 803 ipsius
1178 729 1299 782 conuo-

93 821 190 884 sarsiae
213 821 364 882 rationem
388 829 418 882 et
438 819 495 882 rim
519 819 700 900 expenderit.
741 820 814 882 Nam
843 840 932 900 qurum
954 832 1165 900 quaererentur
1186 830 1215 884 et
1231 821 1299 886 dis-

94 933 275 1002 putarentur,
310 939 384 1000 quae
407 921 514 1001 scripta
536 941 596 984 non
619 931 688 984 sunt
714 923 759 986 vel
780 918 863 988 κατὰ
890 919 988 1006 ῥητόν
1013 924 1044 985 in
1073 926 1217 1004 scriptura
1240 941 1300 984 nou

99 1025 276 1086 mutinentur
299 1041 356 1084 uec
371 1023 428 1084 nisi
449 1023 650 1086 ratiocinando
672 1025 741 1086 inde
763 1023 827 1088 elici
848 1034 993 1104 possunt,
1015 1033 1046 1087 et
1066 1045 1155 1104 quum
1177 1025 1207 1086 in
1230 1023 1299 1086 uui·

99 1143 202 1188 summ
225 1125 377 1204 expositio
392 1124 554 1204 scripturae
570 1125 765 1205 implicaretur
778 1127 1032 1205 argumentatione
1046 1126 1205 1196 dialectica,
1228 1144 1299 1204 pro-

99 1225 157 1288 dire
175 1235 241 1288 erat
263 1225 499 1308 disputatoribus
521 1227 550 1288 in
574 1227 631 1288 boc
659 1227 787 1290 incidere
815 1228 934 1301 vidum,
962 1238 994 1290 ut
1024 1228 1128 1308 cupide
1156 1227 1300 1306 scriptura

101 1337 241 1390 utaentur
273 1336 305 1388 et
332 1347 365 1390 ex
389 1327 579 1408 opinionibus
601 1329 674 1390 suis.
718 1329 803 1392 Certe
826 1329 947 1408 exiguus
976 1330 1032 1392 luit
1058 1329 1105 1392 illa
1127 1337 1222 1391 aetate
1243 1346 1301 1390 nu·

98 1448 183 1490 nauus
214 1430 439 1508 theologorum,
469 1431 519 1509 qui
552 1430 596 1492 sic
626 1430 787 1503 sentirent,
820 1430 861 1492 uti
890 1431 1049 1494 Eusebium
1072 1431 1242 1494 Emisenum
1265 1429 1302 1492 de

98 1531 253 1612 scripturae
275 1549 333 1594 usu
356 1531 453 1592 iobis
476 1533 687 1593 commovemiis
710 1532 843 1594 sensisse
866 1549 922 1597 nos
944 1531 1014 1594 olim
1036 1531 1188 1594 docuimus
1211 1531 1240 1592 in
1261 1531 1299 1592 li-

97 1631 166 1692 ballo
195 1633 288 1696 [leber
322 1635 368 1696 elie
393 1632 550 1712 Schriften
585 1635 634 1694 des
663 1633 808 1696 Eusebius
835 1653 895 1696 non
922 1634 1126 1698 dlemondrien
1159 1634 1222 1694 und
1250 1634 1301 1696 das

101 1733 232 1797 Eusebius
254 1753 316 1797 von
338 1735 438 1797 daniso
459 1734 554 1810 (llalle
579 1737 681 1810 1832.)
703 1755 733 1816 p.
757 1737 807 1800 72.
831 1753 876 1814 sq.
920 1735 1035 1809 Quanta
1049 1755 1118 1796 vero
1141 1734 1301 1796 subtilitate

104 1845 131 1896 et
148 1834 303 1898 intentione
322 1835 500 1898 tltbanasins
522 1837 788 1915 argumentationes
808 1837 983 1898 brianonum
1006 1856 1041 1898 ex
1062 1837 1206 1916 scriptura
1228 1851 1310 1898 com·

109 1947 150 1996 trs
161 1937 251 2016 dogma
267 1938 428 2000 Nicaeuum
443 1939 550 2018 petitas
566 1939 736 2000 refutaverit
749 1947 778 2000 et
799 1939 904 2018 dogma
925 1938 995 2000 illud
1018 1938 1149 2000 eiusdem
1171 1936 1301 2000 auctori-

110 2046 161 2098 tate
178 2040 395 2111 confirmaverit,
417 2057 472 2118 qua
490 2039 654 2102 constantia
670 2040 783 2119 singula
798 2040 874 2102 dicta
888 2059 923 2101 ex
938 2041 1135 2102 consensione
1147 2040 1302 2102 universae

104 2138 250 2219 scripturae
277 2151 308 2204 et
334 2142 371 2202 ad
398 2159 520 2204 sensum
548 2141 689 2204 ecclesiae
716 2151 796 2204 recte
823 2141 984 2221 intelligere
1012 2149 1041 2204 et
1069 2142 1213 2221 explicare
1235 2151 1300 2202 stu·

103 2239 207 2314 doerit,
230 2243 260 2304 id
290 2243 408 2322 egregie
435 2243 647 2308 demonstrarit
674 2253 704 2306 et
726 2243 866 2325 exemplis
894 2243 1049 2306 illustravit
1074 2243 1242 2304 bloeblsrus
1270 2242 1300 2304 in

101 2338 171 2402 libro
191 2344 455 2422 praestantissimo,
478 2346 523 2408 cui
546 2343 719 2422 inscriptum
742 2353 802 2407 est:
826 2345 1009 2408 ltbonner'ns
1032 2347 1086 2408 der
1108 2343 1218 2408 deesse
1239 2343 1303 2406 end

100 2443 145 2504 die
170 2443 274 2508 Kirclte
302 2451 403 2510 set'ner
424 2447 495 2510 Zer't.
544 2447 607 2508 vot.
636 2447 658 2508 l.
687 2465 716 2525 p.
746 2449 935 2520 nat—304.
967 2447 1050 2508 Comi.
1079 2445 1164 2507 Dion.
1191 2443 1302 2506 Patauii

101 2541 236 2624 Dogncto
250 2547 414 2628 tbeolopico
429 2547 514 2609 lom.
529 2548 567 2610 ll.
582 2549 618 2608 de
630 2547 773 2610 Trinitate
787 2547 852 2610 libr.
870 2548 904 2608 ll.
921 2549 968 2610 ed.
983 2550 1128 2626 antwerp.
1144 2567 1174 2627 p.
1190 2551 1240 2612 65.
1256 2564 1301 2626 sq.

182 2647 292 2722 llestat,
320 2659 354 2710 ut
382 2648 482 2728 paucis
504 2649 598 2710 dicam
621 2649 657 2710 de
680 2648 842 2727 theologica
863 2649 1013 2710 Athanasii
1036 2648 1157 2710 scientia
1180 2656 1209 2708 et
1230 2657 1301 2720 arte,

108 2763 163 2820 qna
182 2747 207 2808 in
223 2749 407 2830 dogmatibus
428 2751 494 2812 lidei
518 2750 700 2830 exponendis
723 2759 809 2828 atque
831 2749 1021 2810 defendendis
1044 2767 1117 2810 usus
1135 2758 1191 2810 est.
1220 2747 1302 2808 llanc

108 2847 200 2922 quanti
226 2853 441 2916 aestimaverint
472 2852 629 2915 clarissimi
658 2851 765 2912 ueteris
795 2851 938 2912 ecelesiae
960 2849 1096 2912 doctores
1118 2848 1303 2929 temporibus

106 2945 160 3010 illis
179 2955 322 3033 aequales,
346 2955 483 3033 cognosci
504 2963 605 3033 potest
627 2972 659 3014 ex
683 2971 808 3025 summa,
830 2970 887 3032 qna
911 2952 1068 3032 episcopus
1089 2951 1302 3014 Alexandrinus

101 3053 176 3128 apud
196 3074 244 3118 eos
266 3055 371 3128 valuit,
400 3058 583 3118 auctoritate.
625 3055 707 3116 Duos
731 3063 842 3116 motum
863 3057 1011 3134 proteram
1034 3062 1141 3125 testes,
1163 3052 1303 3114 basilium

98 3151 226 3232 Magnum
254 3167 283 3220 et
310 3157 486 3236 Gregorium
514 3157 737 3220 Nazianzenum.
781 3156 834 3217 llla
859 3167 976 3235 praeter
1003 3154 1057 3217 alia
1080 3156 1109 3216 in
1131 3153 1186 3234 Ep.
1209 3153 1300 3214 CLlV.
1397 3213 1402 3230 ,

102 3253 147 3316 ed.
162 3255 262 3320 bened.
284 3277 314 3338 p.
329 3262 401 3324 243.
418 3259 451 3320 b.
474 3259 590 3320 scribit:
612 3253 650 3322 cd
672 3254 732 3340 γὰρ
755 3257 832 3340 accpi
853 3254 911 3321 τὸν
932 3253 1181 3339 μακαριώτατον
1196 3245 1303 3318 ³Asiu-

103 3353 210 3421 οάοιον
229 3356 467 3424 ἐσπουδακέναι
488 3359 604 3444 δεῖγμα
626 3356 858 3442 ἐναργέστατον
880 3359 938 3424 τοῦ
960 3352 1059 3441 ὑγιῶς
1073 3355 1155 3438 ἔχειν
1170 3356 1246 3440 περὶ
1262 3353 1304 3420 τὰ
1371 3365 1376 3374 ’

102 3453 240 3540 μέγιστα.
283 3463 361 3524 Nom
383 3463 547 3526 beatissime·
557 3463 717 3524 Athanasii
736 3463 903 3526 studiosum
924 3479 998 3532 esse,
1020 3463 1304 3540 argumentantem·
1349 3484 1350 3496 ι

104 3559 300 3628 dentissr'anum
332 3577 376 3627 est
409 3581 501 3626 sance
531 3568 564 3626 in
591 3565 681 3627 rebus
703 3561 847 3628 ‘monime
876 3567 1048 3626 sententiae.
1093 3561 1148 3624 llic
1168 3563 1199 3624 iu
1222 3561 1304 3623 Orat.

109 3657 177 3722 att
195 3663 221 3726 in
241 3665 359 3726 laudem
374 3665 524 3726 Athanasii
547 3683 611 3744 cap.
626 3668 677 3730 20.
701 3664 747 3732 sd.
763 3664 873 3726 bened.
895 3683 925 3744 p.
942 3665 1013 3728 398.
1036 3664 1086 3737 ait,
1102 3664 1181 3725 viros
1196 3663 1304 3724 uirtute
1381 3745 1383 3750 Α
1413 3683 1421 3700 ·

108 3763 268 3830 excelsitas
293 3775 405 3828 tantum
429 3765 570 3828 tribuisse
583 3765 755 3839 Athanasio,
777 3775 819 3838 nt,
842 3765 982 3844 quidquid
1003 3764 1044 3828 illi
1059 3765 1226 3845 placuisset,
1249 3781 1303 3842 pro

106 3861 164 3940 lege
183 3854 329 3940 baberent,
352 3887 387 3928 ac
407 3885 513 3929 rursus
535 3868 655 3930 vetitum
678 3867 733 3929 sibi
757 3876 844 3946 atque
865 3866 1071 3940 interdictum,
1093 3865 1233 3947 quidquid
1256 3862 1304 3924 ille

105 3972 238 4030 sententia
261 3988 315 4032 sua
340 3969 548 4049 improbasset,
573 3969 776 4032 existimarent
796 3967 931 4048 illiusque
953 3969 1069 4032 decreta
1090 3985 1145 4047 pro
1168 3962 1305 4026 ltlosaicis

106 4067 201 4132 tabulis
227 4072 384 4144 ducerent,
412 4090 446 4132 ac
466 4070 587 4143 maiori,
610 4089 695 4150 αιτιοι
719 4089 793 4150 quae
815 4071 925 4132 sanctis
949 4070 1018 4130 uiris
1041 4067 1141 4128 deberi
1164 4066 1304 4136 videatur,

106 4169 192 4245 ipsius
222 4174 412 4236 veneratione
440 4173 634 4236 allicerentur.
678 4173 788 4234 Graeca
815 4181 899 4234 sunt:
932 4170 988 4234 καὶ
1014 4158 1111 4232 τοῦτο
1140 4153 1178 4252 ἦν
1206 4162 1305 4249 νόμος

103 4262 215 4362 adroic
233 4267 259 4337 ·‘o'
280 4297 315 4338 τι
337 4270 448 4358 ἐκείνῳ
470 4269 591 4340 ἐδόκει·
614 4273 667 4338 καὶ
689 4273 787 4338 τοῦτο
810 4266 990 4353 ἀπώμοτον
1012 4265 1123 4348 πάλιν,
1141 4265 1158 4334 ὃ
1173 4267 1216 4355 μὴ
1233 4266 1305 4335 edo'-
1423 4322 1425 4332 .

102 4393 157 4450 τιι,
177 4375 228 4440 καὶ
251 4373 376 4452 πλάκες
396 4371 571 4452 Μωυσέως
590 4367 707 4451 αὐτοῖς
727 4371 769 4440 τὰ
792 4370 914 4440 ἐκείνου
937 4367 1091 4454 δόγματα,
1113 4373 1166 4438 καὶ
1188 4371 1305 4437 πλοῖον

102 4471 138 4536 τὸ
158 4473 262 4561 σέβας,
286 4469 307 4561 ἢ
329 4473 423 4562 παρὰ
445 4469 634 4561 ἀνθρώπων
656 4485 727 4554 τοῖς
749 4470 856 4560 ἁγίοις
878 4465 1055 4559 ὀφείλεται.
1096 4475 1177 4538 ldem
1199 4476 1229 4534 in
1251 4492 1304 4534 ex·

106 4583 186 4642 uerna
202 4581 338 4644 oratione
353 4599 416 4661 cap.
432 4584 483 4646 37.
505 4599 535 4660 p.
550 4585 640 4646 tat:
662 4575 773 4664 Ζήοας
795 4571 831 4642 δὲ
853 4569 938 4642 οὕτω
959 4576 1013 4644 καὶ
1033 4569 1231 4650 παιδευθεὶς
1250 4573 1306 4638 καὶ
