3110 5064
249 339 292 404 a
778 347 953 394 sunum.

251 491 403 570 ramorum
422 502 590 565 ,litterarum
616 499 712 564 dictis·
734 499 898 564 sententias
920 496 1113 578 probaverint
1134 505 1170 558 et
1194 503 1313 560 contra
1335 495 1496 558 baeretico-

250 625 318 670 nunt
352 603 471 670 fraudes
499 603 694 668 defenderim.
746 601 845 682 Gyriiii
868 599 1063 674 Catonianos,
1090 599 1130 662 de
1160 598 1287 679 quibus
1318 605 1410 660 antea
1434 595 1497 667 dixi,

137 717 139 724 '
252 708 328 772 alius
357 713 429 770 sunt
457 705 574 784 generis
603 705 668 779 sire
694 706 818 767 tonnae.
883 703 987 782 Neque
1007 702 1066 764 bue
1091 701 1205 764 reterri
1228 707 1343 780 potest
1372 696 1497 777 Gregorii

237 809 380 890 'Nyssaui
402 807 504 872 Oratio
527 807 719 881 eatecbetiea,
742 808 773 870 in
796 825 854 886 qua
876 803 1049 884 ingeniosus
1072 803 1121 867 iile
1148 802 1327 882 meotogna
1352 801 1383 862 id
1406 797 1497 878 potius
1541 793 1542 880 i

252 909 442 994 propositum
473 907 592 980 hebuit,
625 919 658 972 ut
679 909 734 982 iis,
771 925 898 988 quornm
927 925 1036 969 munus
1063 913 1148 968 esset
1167 903 1329 976 iudaeos,
1364 901 1497 970 Graecos,

252 1010 420 1074 haereticos
442 1009 480 1072 ad
512 1010 668 1074 ecclesiam
699 1010 875 1074 accedentes
908 996 1078 1081 instituere,
1111 1006 1192 1068 riam
1230 1009 1498 1076 commonstraret

253 1131 312 1193 quo
334 1113 371 1175 ad
392 1111 481 1176 iidem
502 1111 618 1175 veritati
646 1111 761 1192 divinae
789 1109 952 1172 taciendam
978 1107 1095 1190 ingredi
1117 1107 1284 1170 deberent.
1332 1103 1452 1168 Etenim
1472 1109 1498 1162 nt

251 1213 285 1276 in
307 1214 430 1276 exordio
453 1215 511 1288 ait,
534 1204 573 1276 σό
594 1209 658 1295 μὴν
681 1207 699 1275 ό
721 1203 821 1288 αὐτὸς
847 1211 906 1296 τῆς
935 1207 1150 1286 διδασκαλίας
1170 1203 1315 1293 τρόπος
1337 1203 1399 1272 ἐπί
1420 1199 1497 1268 πόν-

253 1337 320 1382 των
342 1307 564 1398 teutonem
589 1307 799 1396 προσιόντων
820 1313 868 1396 τῷ
891 1308 988 1396 λόγῳ,
1012 1305 1096 1376 ἀλλὰ
1116 1306 1202 1375 κατὰ
1226 1307 1299 1387 τὰς
1326 1309 1397 1372 τῶν
1418 1309 1496 1387 dao-

253 1416 372 1482 ωιειῶν
394 1409 560 1498 διαφορὰς
586 1411 811 1497 μεθαρμόζειν
838 1410 1075 1500 προσήκεικαὶ
1096 1410 1154 1498 τὴν
1175 1409 1389 1496 κατήχησιν,
1419 1403 1497 1488 πρὸς

252 1514 312 1580 τόν
334 1507 435 1580 αὐτὸν
461 1513 522 1596 μὲν
550 1508 696 1598 ὁρῶντας
723 1516 782 1580 τοῦ
812 1511 911 1599 λόγου
941 1511 1082 1592 σκοπὸν,
1112 1507 1170 1595 οὐχ
1192 1505 1444 1596 ὁμοιοτρόπως
1464 1505 1495 1570 δὲ

253 1623 330 1692 ταῖς
357 1623 574 1694 κατασκευαῖς
601 1609 651 1701 ἐφ’
684 1615 821 1682 ἑκάστου
847 1619 1043 1700 χρωμένους.
1093 1616 1196 1696 inque
1227 1617 1271 1678 de
1308 1609 1495 1694 dogmatibus

119 1739 128 1762 ι
253 1717 495 1786 disseruit.tunc
516 1719 547 1780 in
576 1719 700 1782 ecclesia
727 1720 845 1800 pontice
872 1719 1017 1799 receptis,
1050 1717 1208 1797 praecipue
1238 1717 1281 1779 de
1314 1715 1449 1777 trinitate
1468 1717 1494 1770 ct

254 1819 460 1882 incarnatione
488 1819 552 1892 dei,
580 1821 618 1882 de
645 1820 851 1900 redemptione
872 1821 991 1900 generis
1018 1819 1138 1880 isumaui
1160 1819 1262 1897 deque
1287 1814 1492 1880 sacramentis.

254 1937 318 1982 uon
338 1930 399 1982 tam
420 1929 454 1982 ut
475 1939 510 1985 ca
531 1921 598 2000 ipsa
619 1929 792 2002 exponeret,
815 1939 902 2000 quarn
926 1930 959 1982 ut
980 1920 1161 1993 ostenderet,
1184 1937 1243 1998 qua
1267 1919 1394 1980 ratione
1416 1922 1490 1978 mte-

255 2020 411 2084 chumcuis
438 2039 495 2100 pro
527 2022 702 2084 diversitate
735 2021 913 2100 religionum
941 2031 971 2084 et
999 2021 1174 2102 opinionum
1201 2020 1366 2084 mentibus
1394 2033 1490 2081 eornm

254 2121 449 2185 insidentium
478 2141 514 2184 ex
541 2122 631 2185 variis
659 2123 814 2202 principiis
837 2124 867 2184 in
896 2131 1050 2203 utramque
1080 2132 1193 2202 parturn
1222 2121 1389 2184 coucoesis
1409 2127 1440 2180 et
1456 2133 1489 2176 es

257 2222 432 2286 notionibus
454 2224 661 2286 communibus
684 2223 885 2285 ratiocinando
909 2224 946 2286 de
967 2224 1088 2286 veritate
1116 2223 1214 2284 divina
1242 2219 1490 2284 commodissime

257 2333 363 2403 posset
382 2323 565 2404 persuaderi.
611 2325 794 2404 Quemquam
817 2325 891 2388 bbec
913 2324 1050 2404 Gregorii
1073 2323 1233 2403 disputatio
1265 2325 1398 2386 muitum
1420 2337 1488 2382 con-

257 2425 325 2488 tulit
345 2425 384 2488 ad
405 2424 583 2488 fundandam
606 2434 636 2486 et
653 2425 866 2488 ‘annuendam
894 2425 1082 2504 disciplinam,
1101 2424 1318 2504 dogmaticam,
1344 2421 1487 2504 siquiden

257 2524 284 2586 is
307 2525 388 2604 quod
410 2535 475 2588 erat
489 2527 554 2590 eius
569 2525 728 2589 consilium
745 2527 882 2588 veritates
898 2545 971 2606 quas
987 2525 1113 2588 dicimus
1127 2525 1273 2588 revelatus
1290 2527 1330 2588 ad
1347 2525 1487 2588 rationem

256 2643 399 2690 revocare
420 2646 454 2688 ac
475 2627 694 2707 quodammodo
716 2627 804 2691 tidem
827 2638 855 2691 et
877 2629 1024 2690 rationem
1040 2625 1197 2690 conciliare
1218 2627 1347 2689 studuit
1392 2626 1486 2688 tneo-

256 2737 353 2792 ratum
382 2747 452 2792 vero
484 2729 641 2811 Epipbsnii
670 2747 745 2803 non,
785 2738 819 2792 ut
850 2730 959 2792 asinis
987 2729 1083 2792 doctis
1115 2727 1174 2790 dici
1206 2726 1303 2801 solet,
1334 2729 1372 2790 ad
1402 2737 1486 2788 nuum

257 2829 364 2908 dogma
386 2831 424 2894 dc
446 2831 575 2894 trinitate
597 2832 747 2910 pertinere
761 2849 858 2911 neque
880 2841 982 2893 cenna
1006 2831 1089 2892 scios
1102 2828 1231 2890 driaoos
1252 2839 1283 2890 et
1297 2825 1487 2891 Macedouis-

257 2945 315 2989 uos
343 2948 412 2990 esse
440 2932 601 3009 scriptum,
629 2932 689 2992 ίιια
716 2931 855 3010 synopsis
884 2931 968 3002 iibri,
997 2949 1072 3010 quaa
1094 2930 1125 2990 in
1147 2929 1194 2991 ed.
1217 2925 1318 2993 Petav.
1342 2931 1431 2992 Tuus.
1453 2924 1486 2986 it.

258 3047 288 3108 p.
313 3031 342 3091 i.
362 3028 480 3107 legitur,
503 3029 638 3108 quemuis
661 3030 770 3092 docere
793 3037 908 3109 potest:
927 3023 1132 3114 Ἁγκυρωτὸς
1154 3028 1190 3094 db
1212 3028 1370 3115 κέκληται
1392 3022 1411 3094 ὁ
1434 3021 1486 3089 λό·

256 3147 315 3210 γος
336 3117 453 3204 αὐτοῦ,
485 3121 538 3192 ὅτι
565 3121 706 3212 ἇγκόρας
735 3127 826 3214 δίκην
853 3125 912 3194 τὸν
940 3131 1017 3214 περὶ
1045 3131 1103 3214 τῆς
1132 3127 1216 3213 ζωῆς
1237 3128 1293 3196 καὶ
1322 3130 1486 3215 σωτηρίας

258 3224 441 3310 ἐρευνῶντα
467 3229 543 3294 νοῦν
571 3223 658 3312 ἄγει,
687 3227 745 3294 orb
765 3225 804 3293 τό
831 3227 1133 3317 περισυλληπτικὸν
1159 3232 1218 3317 τῆς
1238 3228 1274 3296 ἐν
1296 3225 1391 3316 αὐτῷ
1413 3249 1486 3295 συν-

257 3323 381 3406 τάξεως
401 3329 468 3394 τῶν
489 3327 625 3394 πολλῶν
645 3330 705 3413 τῆς
731 3334 877 3408 πίστεως
904 3334 1029 3416 μερῶν·
1058 3332 1144 3418 φημί
1173 3330 1213 3415 db
1241 3333 1300 3397 τοῦ
1328 3331 1408 3416 περὶ
1430 3327 1486 3411 τῆς

257 3426 387 3512 πατρὸς
407 3429 462 3494 καί
494 3428 567 3496 ninii
588 3431 643 3496 καί
666 3424 761 3515 ἆγίου
791 3429 979 3515 πνεύματος
1012 3426 1290 3517 όμοουσιόνητσς,
1319 3434 1382 3499 τοῦ
1408 3420 1485 3510 περὶ
1541 3447 1542 3536 γ

257 3527 385 3606 τελείας
411 3531 482 3620 τῆς
497 3533 647 3616 Χριστοῦ
669 3529 827 3616 ίνσόρκσυ
853 3539 1056 3617 παρουσίας,
1086 3535 1145 3599 τοῦ
1172 3535 1250 3619 περὶ
1273 3527 1484 3603 ἀναστάσεως
1541 3549 1542 3558 ’

257 3631 379 3715 νεκρῶν
400 3633 454 3696 καί
477 3629 561 3718 ζωῆς
583 3627 719 3700 αἰωνίου
747 3634 801 3699 καί
829 3638 967 3720 κρίσεως
994 3630 1116 3721 σαρκός
1141 3657 1179 3700 τε
1204 3636 1258 3700 καί
1280 3637 1389 3721 ψυχῆς
1411 3631 1484 3700 ίαν-

261 3729 395 3808 τοαυτὸ,
416 3729 553 3798 καὶτοῦ
574 3731 658 3800 κατὰ
679 3733 825 3802 είόώλων
846 3733 960 3802 τεκαὶ
981 3734 1139 3820 αίρίσεων
1161 3733 1195 3801 ἐν
1216 3740 1310 3822 μέρει
1330 3741 1387 3803 καί
1405 3729 1483 3800 'Iov-

259 3828 362 3900 δαίων
384 3833 439 3900 καί
459 3835 526 3900 τῶν
555 3833 672 3903 ἄλλων.
719 3837 903 3911 Quibuscum
932 3837 1093 3900 concinunt
1119 3821 1162 3899 et*
1177 3840 1307 3902 numeris
1335 3833 1482 3922 professio

258 3937 301 4025 ab
318 3936 403 4000 initio
425 3936 491 4000 libri
510 3955 544 4021 p.
559 3939 590 4002 6.
612 3938 691 4000 med.
714 3947 745 4002 et
759 3939 861 4021 ipsius
881 3937 950 4000 libri
972 3947 1070 4011 tenor,
1093 3937 1178 4000 cuius
1200 3941 1236 4002 ad
1258 3941 1347 4002 tinem
1368 3959 1399 4021 p.
1413 3935 1482 4001 stt.

258 4055 304 4116 sq.
327 4037 403 4102 duae
423 4038 577 4113 formulae,
599 4057 656 4100 uua
678 4039 807 4114 brevior,
830 4041 922 4104 altera
935 4038 1065 4118 longior,
1086 4038 1257 4104 uuiversum
1278 4042 1367 4104 fidem
1387 4036 1482 4102 eccie-

259 4135 322 4202 siae
344 4139 532 4205 continentes
555 4139 762 4204 subiiciuntur.
806 4141 866 4204 Sed
888 4140 939 4221 qui
953 4139 1150 4220 Epiphaniam
1173 4142 1306 4216 noverit,
1336 4159 1397 4204 uon
1424 4153 1480 4218 pn-

259 4235 334 4300 bsbit
353 4257 433 4314 eum,
455 4243 588 4322 quamde
610 4237 653 4307 τὰ
672 4235 754 4324 περὶ
779 4243 927 4318 πίστεως
947 4249 1073 4304 nuceta
1094 4259 1149 4306 sun
1171 4242 1329 4324 complecti
1348 4237 1481 4306 rubuerit,

257 4338 429 4420 dogmatum
450 4345 768 4424 consecrationesque
794 4341 932 4406 subtilius
961 4341 1119 4423 indagasse
1141 4353 1171 4408 et
1190 4343 1341 4426 quoumdo
1369 4335 1480 4420 singula

259 4449 328 4522 apta
349 4440 483 4504 interae
505 4453 664 4510 essentne
684 4465 757 4510 neue
781 4445 900 4508 mriose
921 4445 1169 4526 circumspexisse
1191 4445 1236 4510 vni
1258 4447 1289 4509 in
1312 4447 1480 4508 unisonum

258 4541 385 4608 radonis
408 4561 465 4625 ope
485 4544 561 4608 lnois
583 4545 691 4628 aliquid
713 4555 744 4612 at
764 4544 913 4610 firmitatis
943 4544 1051 4610 divinis
1078 4545 1236 4610 sententiis
1258 4545 1403 4610 attulisse.
1442 4535 1477 4600 δ’·
