3122 5060
479 371 586 418 onsrto
602 343 646 416 ιη’.
663 371 778 416 nonam
792 373 925 418 munos.
1239 363 1301 425 519
1412 383 1417 392 ’

88 518 271 594 ,‚Caesareae
294 501 445 603 ¹Philippi,
477 523 671 604 interrogavit
691 523 872 604 discipulos,
892 527 990 604 'quom
1019 545 1052 590 se
1081 545 1151 595 esse
1172 527 1303 592 dicerent
1311 547 1397 591 eno„

86 622 264 697 „heminest
285 641 351 686 eum
374 625 444 690 item
467 625 498 687 in
517 625 690 688 bethaniam
713 625 898 701 advenisset,
927 627 1092 690 sciscitatus
1114 637 1163 690 est
1183 629 1302 693 ubinam

86 723 221 796 „iaceret
238 723 386 800 Lazarus3
414 736 566 808 praeterea
589 727 742 809 discipulis
765 727 819 790 ait:
853 729 935 803 Quot
953 749 1049 810 penes
1073 730 1211 795 boletis?
1243 733 1302 807 Qut

83 823 212 904 ·‚,igitur‚
243 825 394 908 inquiunt,
423 828 488 892 lieri
515 837 631 910 potest,
658 837 692 892 ut
712 829 762 892 ille
783 831 823 893 sit
843 831 1004 912 sapientia,
1035 832 1084 912 qui
1107 833 1137 893 in
1159 835 1304 915 sapientia

87 928 244 1006 „profleit,
266 937 297 991 et
317 947 351 992 ea
373 931 482 1006 nescit,
505 951 580 1012 quae
602 932 638 994 ab
660 929 728 994 aliis'
748 940 831 1012 optat
852 932 1012 999 discerei“
1048 933 1082 996 ld
1104 934 1191 997 etiam
1214 937 1303 1000 iidem

85 1028 200 1092 dimnt:
230 1029 310 1104 „Qut
331 1038 433 1111 potest
453 1032 502 1096 ille
523 1034 678 1114 preprium
700 1033 798 1097 Patris
819 1034 947 1098 Verbum
970 1053 1053 1109 esse,
1076 1034 1140 1098 sine
1162 1057 1221 1118 quo
1242 1057 1304 1115 non

86 1131 166 1204 „luit
186 1131 343 1211 aliquando
365 1132 462 1207 Pater,
485 1143 516 1196 et
536 1153 590 1215 per
612 1135 692 1216 qnod
715 1135 813 1198 omnin
835 1137 934 1210 elficit,
957 1147 989 1200 ut
1009 1145 1107 1200 vestra
1122 1147 1304 1202 estsenten·

86 1233 168 1308 ,‚tia,
190 1233 239 1313 qni
262 1233 294 1296 in
315 1253 402 1304 eruce
425 1235 581 1298 clamabat:
617 1237 702 1302 Deus
722 1256 823 1311 meua,
845 1239 928 1302 neos
948 1257 1049 1316 muts,
1077 1258 1172 1320 quare
1194 1241 1306 1305 dereli-

86 1338 206 1416 „quisti
223 1333 293 1398 etei
315 1336 366 1398 Sic
386 1336 473 1398 etiam
495 1347 632 1418 precatus
656 1346 733 1402 erat:
765 1339 912 1422 Glorifiee
931 1359 1041 1404 nemen
1063 1352 1156 1413 tuum,
1180 1348 1217 1404 et·
1232 1339 1306 1404 Glo—
1371 1327 1381 1350 ⁶

86 1435 203 1516 „rifico
220 1455 280 1508 eae,
310 1433 418 1510 Peter,
445 1439 546 1520 glorie
568 1459 656 1522 quom
679 1440 771 1504 bebai
791 1443 873 1522 opud
899 1453 942 1513 te,
971 1447 1153 1524 priusquam
1174 1445 1304 1506 mundus

83 1537 211 1618 „fieret
242 1537 383 1600 Precetus
405 1539 476 1602 item
499 1540 596 1602 estin
618 1539 787 1616 solitudine,
810 1541 1029 1624 discipulosque
1051 1551 1097 1606 est
1116 1543 1252 1607 hortatus
1268 1543 1304 1608 ed

84 1639 272 1714 „oraudnm‚
301 1659 340 1701 ne
360 1639 557 1704 intrarentin
579 1643 783 1707 tentationem.
827 1641 865 1704 Et
885 1641 1022 1724 Spiritus
1044 1645 1160 1725 quidem
1168 1663 1182 1719 ,·
1199 1647 1305 1722 eiebat,

82 1751 251 1821 ..promtus
279 1751 339 1813 eet,
370 1757 441 1804 euro
471 1753 571 1805 eutem
598 1743 737 1824 infirme,
770 1751 815 1806 et:
849 1743 894 1808 lie
922 1747 969 1808 dte
991 1757 1021 1808 et
1042 1747 1121 1808 toro
1140 1747 1198 1810 illo
1219 1767 1304 1812 nemo

81 1847 211 1915 ‚,uooa't,
243 1861 337 1924 neque
363 1842 471 1923 Angeia·
499 1862 593 1924 neque
620 1843 750 1907 Filius.“
798 1843 841 1906 Ex
873 1846 980 1925 quibus
1006 1847 1081 1910 loeis
1109 1850 1150 1910 ito
1176 1841 1305 1931 imp'robi

81 1952 339 2024 argumententur:
364 1945 428 2019 „Si
451 1953 482 2008 ut
502 1964 557 2007 vos
578 1945 701 2025 putatis,
724 1965 843 2026 semper
856 1947 949 2010 Filius
972 1951 1050 2030 apud
1070 1949 1188 2014 Patrem
1210 1953 1305 2016 exsti·

82 2047 213 2119 „tisset,
241 2045 318 2108 diem
347 2046 428 2110 illum
449 2047 572 2110 minime
593 2046 758 2128 ignoraret,
789 2050 841 2111 sed
870 2057 1008 2130 tanquam
1036 2050 1163 2114 Verbum
1192 2071 1303 2134 eogno-

83 2156 223 2222 „sceret,
245 2167 301 2210 neo
321 2148 392 2210 item
415 2167 430 2210 a
452 2149 539 2210 Patre
560 2149 826 2229 derelinqueretur,
849 2149 970 2229 quinne
987 2153 1135 2232 cumipse
1155 2154 1305 2228 existeret,

83 2267 170 2322 „nec
189 2247 312 2328 gloriam
334 2250 509 2328 postularet,
533 2269 620 2330 quam
642 2252 674 2314 in
695 2252 783 2314 Patre
804 2251 936 2328 haberet,
958 2255 1160 2336 necdenique
1180 2275 1305 2336 prorsus
1353 2295 1355 2304 .
1408 2307 1411 2314 .

82 2358 290 2430 „precaretur,
313 2353 422 2432 quippe
444 2351 493 2432 qui
516 2361 549 2414 ut
562 2351 692 2416 Verbum
714 2353 794 2416 nulla
816 2354 937 2416 omnino
958 2373 991 2418 re
1006 2355 1162 2435 indigeret.
1195 2355 1305 2421 Verum
1314 2376 1389 2422 enan

82 2453 182 2531 „quia
204 2461 234 2514 et
254 2453 371 2516 oreatus
393 2461 571 2518 eratetuna
588 2455 709 2518 erebus
733 2455 828 2528 laetis,
850 2455 919 2518 binc
941 2456 980 2518 ita
1002 2456 1179 2536 loquebatur
1200 2459 1306 2539 hisque

83 2553 277 2632 ‚,indigebat,
305 2573 380 2634 quae
401 2575 461 2618 nen
483 2557 549 2636 ipse
570 2555 706 2618 babebat.
752 2555 903 2636 Siquidem
925 2572 1025 2620 rerum
1049 2567 1211 2621 creatarum
1233 2578 1305 2639 pre·

84 2653 212 2738 „prium
233 2665 281 2718 est
301 2655 348 2718 his
370 2657 512 2736 indigere,
535 2675 611 2737 quae
633 2675 693 2719 nen
714 2657 856 2720 habent.“

169 2759 222 2820 at.
264 2756 346 2819 ilaec
378 2759 467 2838 igitur
498 2767 585 2833 suut,
617 2777 692 2839 quae
720 2758 802 2839 impii
830 2757 1006 2821 insaniendo
1038 2759 1204 2840 proiemnt.
1249 2761 1307 2835 Qui

80 2859 221 2938 quidem.
243 2877 309 2922 cum
331 2879 380 2924 res
398 2861 574 2924 buinsmndi
597 2861 736 2942 cogitent,
759 2868 887 2941 possent
908 2860 995 2922 etiarn
1018 2860 1156 2924 audacius
1178 2861 1306 2922 interro-

42 2953 45 2960 ’
80 2979 171 3040 gare,
190 2980 295 3052 ¹quere
326 2963 446 3024 omnino
480 2963 608 3026 Verbum
640 2981 709 3026 earn
741 2963 850 3026 iactum
878 2961 932 3036 sit,
964 2970 1085 3044 tumque
1114 2960 1306 3040 subiungere:

80 3108 101 3137 „
109 3061 273 3140 Quomodo
297 3064 375 3126 enim
397 3064 455 3140 ille,
476 3065 529 3148 ¹gui
550 3065 629 3128 Deus
651 3075 723 3139 erat,
746 3065 838 3157 hemo
860 3065 958 3144 potnit
979 3063 1066 3126 lieri?
1088 3062 1139 3124 Vel
1157 3061 1306 3143 monsedo

78 3163 182 3239 „ille,
215 3166 265 3244 qui
292 3165 427 3246 corporis
451 3183 556 3246 expers
583 3174 647 3242 est,
681 3185 791 3247 eorpus
820 3166 919 3247 potuit
940 3165 1107 3246 gestarei“
1128 3165 1208 3242 ‚toro
1234 3166 1307 3245 quin

77 3266 214 3328 ludaeos
235 3267 334 3348 potius
355 3267 508 3330 imitentur
529 3276 559 3332 et
580 3287 647 3332 eum
669 3269 778 3352 Caipba
801 3269 942 3332 clament:
981 3267 1062 3342 „Cur
1084 3267 1234 3343 Christus,
1250 3269 1308 3348 qui

79 3369 207 3442 „bomo
229 3377 292 3444 est,
315 3369 449 3449 seipsum
470 3368 564 3432 Deum
586 3369 699 3434 fecitt‘
728 3370 777 3434 his
799 3372 879 3434 enim
901 3377 931 3432 et
952 3371 1098 3433 similibus
1121 3369 1314 3432 sermonibus

80 3513 222 3600 εἶχεσθαο.
262 3506 358 3573 iiobler.
383 3531 406 3572 et
428 3523 531 3573 Folclrm.
552 3523 574 3575 l.
591 3536 671 3591 προς-
722 3525 827 3575 l’elelm.
848 3527 870 3575 l.
894 3524 983 3574 babent
1006 3517 1151 3590 ἐγίνωσκεν
1169 3515 1206 3577 cic
1221 3517 1309 3588 λόγος.

80 3591 205 3655 celoces.
239 3590 286 3640 οιο
303 3599 330 3640 ο,
341 3591 397 3640 aare
414 3577 534 3657 εοχεσοε.
722 3593 827 3644 renero.
845 3593 869 3642 5.
888 3585 1034 3658 tyernum
1052 3585 1088 3644 oc
1105 3583 1119 3638 a
1137 3585 1223 3656 λόγος.

118 3660 136 3708 i.
159 3658 277 3720 stulte«.
294 3659 316 3708 1.
335 3667 358 3708 et
375 3659 473 3721 Seguer.
515 3659 595 3709 Ceteri
616 3675 673 3710 vero
757 3676 779 3723 g.
799 3662 856 3722 lleg.
878 3660 900 3710 i.
928 3661 1027 3721 Seguer.
1046 3659 1142 3709 Gebler.
1162 3667 1185 3708 et
1203 3657 1307 3708 Felelnr.

82 3733 106 3774 et
125 3727 184 3776 editi
202 3719 251 3774 nat
267 3727 314 3784 τῆς
332 3717 405 3792 ω”ρας
413 3719 500 3780 οὐδεὶς
509 3715 591 3782 οἶδεν,
611 3719 674 3777 οὔτε
724 3726 747 3776 1.
764 3721 819 3794 γὰρ
836 3721 917 3792 λόγος
934 3718 980 3776 ὥν.
1022 3728 1084 3776 Editl
1102 3734 1127 3776 et
1144 3727 1183 3776 elii
1200 3719 1256 3789 γὰρ
1274 3717 1311 3777 «tc

79 3785 110 3840 οἱ
135 3781 264 3860 ἄγγελοι,
290 3785 358 3842 odes.
395 3795 469 3844 Panlo
493 3802 549 3857 post
574 3795 628 3856 lleg.
650 3795 673 3845 l.
722 3787 802 3858 λόγος
821 3787 868 3843 oie.
905 3796 996 3844 ibidem
1014 3795 1071 3855 lieg.
1091 3791 1114 3844 i.
1132 3793 1309 3856 etSegnerian.

78 3863 186 3924 Seguer.
211 3861 285 3915 litail.
301 3862 508 3924 luglio..Goblcr.
526 3871 550 3912 et
567 3861 673 3914 Felcim.
723 3854 823 3922 insedi.
861 3862 905 3912 liii
924 3871 948 3912 et
965 3863 1023 3913 editi
1041 3855 1107 3912 inei.

80 3933 104 3979 1.
122 3924 201 3978 mci
216 3922 267 3988 τὴν
283 3923 418 3998 ὑμετέραν
435 3925 570 3986 διάνοιαν,
582 3933 621 3980 ubi
632 3931 673 3982 alli
757 3931 781 3980 b.
800 3932 856 3990 lleg.
876 3932 898 3980 1.
917 3939 940 3981 et
949 3931 1048 3992 Seguer.
1067 3921 1309 3993 διαλογιζομένους.

77 4009 102 4048 et
129 3999 209 4051 editio
234 3997 377 4048 commelin.
397 3990 532 4077 ipseipse
548 3999 673 4048 mendose.
723 3999 803 4050 Ceteri
821 4006 846 4048 et
862 3998 919 4048 editi
937 3992 1133 4063 λογιζομένους.
1174 3996 1233 4045 lbid.
1254 3995 1311 4056 lleg.

77 4067 143 4120 lbid.
166 4065 256 4126 negt.
276 4067 416 4128 Seguerinn.
434 4057 566 4131 ὕπαρχον
582 4057 597 4115 ό
614 4058 674 4118 υἱὸς
724 4067 747 4117 1.
766 4067 865 4129 Seguer.
891 4067 988 4117 Gebler.
1014 4075 1038 4114 et
1061 4064 1165 4114 lelclm.
1185 4063 1209 4113 t.
1225 4055 1311 4112 εἰπεῖν

77 4128 155 4198 πρὸς
172 4125 319 4189 τὸνθεόν,
346 4125 400 4182 οὔτ’
421 4125 456 4182 ἂν
478 4125 595 4199 ἠγνόησε
610 4128 674 4200 περὶ
722 4131 776 4182 uei.
813 4134 858 4184 Alii
876 4142 900 4184 et
917 4134 974 4185 editi
991 4125 1076 4183 εἰπεῖν
1093 4123 1261 4198 αότούςοοαό.

76 4201 131 4280 τοῖς
150 4193 271 4284 siccique,
291 4193 344 4249 ἀλλ’
364 4197 511 4266 triveram
529 4193 566 4255 eie
581 4195 670 4268 λόγος,
758 4205 774 4253 i.
799 4202 840 4252 Sic
865 4202 921 4264 lleg.
948 4201 970 4252 i.
996 4209 1020 4252 et
1037 4201 1136 4263 Seguer.
1176 4202 1205 4250 tt
1228 4197 1268 4250 nit
1287 4207 1311 4250 et

77 4261 139 4318 oor’
163 4282 200 4318 ον
223 4261 421 4333 ἔγκοτολςόποτο
446 4263 461 4318 d
485 4265 674 4337 συνυπάρχον.
726 4270 784 4322 editi
802 4261 816 4318 ὅ
835 4272 954 4320 emittunt.

75 4337 148 4387 Editi
167 4327 295 4386 desiratae
312 4329 444 4405 όπόργων
458 4332 672 4406 epistimin,
760 4338 782 4388 l.
801 4339 841 4406 Sic
858 4339 914 4400 [teg.
930 4337 952 4388 i.
971 4337 1109 4398 Segnorien.
1128 4334 1266 4387 Goblerieo.
1286 4343 1310 4385 et

78 4397 147 4486 qr'rfe
167 4397 205 4454 tr
220 4397 338 4486 riy‘ro'q'de
355 4401 419 4488 nep}
435 4397 672 4487 ejcipiqoecgaW
724 4405 829 4458 totels.
849 4406 871 4456 1.
905 4405 951 4457 atti
975 4413 1054 4455 sotem
1079 4413 1102 4454 et
1119 4403 1174 4454 edit
1193 4403 1309 4482 Commel.

39 4541 50 4569 ·
77 4469 676 4608 ttfftt'tttttl‘nttt‘t‘tt‘ilit
724 4473 1125 4608 ll‘tlnililtt‘rtttltt
1143 4473 1200 4591 itt·
1213 4470 1318 4608 itit,

76 4619 142 4676 post
163 4601 305 4668 όώοιον,
324 4611 435 4678 idemque
453 4619 477 4663 et
495 4611 631 4665 Goblerlau.
650 4619 675 4663 et
724 4604 776 4677 μὲν
794 4603 822 4662 ei
835 4601 971 4662 Ἰουδαῖοι.
