3110 5064
188 313 208 376 6
710 325 884 370 unanimo.

188 487 301 553 menta,
331 477 437 559 quihus
467 476 612 558 imprimis
641 476 777 538 nronacbi
805 475 988 538 Benedictini
1010 493 1045 538 ex
1068 475 1295 554 congregatione
1317 475 1412 538 sancti

187 579 281 640 Mauri
297 597 367 641 suas
379 586 495 658 patrum
511 578 658 639 editiones
674 585 899 639 exomarerunt.
926 576 1000 636 Pars
1016 575 1135 656 quidem
1150 577 1329 656 optimarum
1345 575 1411 637 edi-

189 679 303 742 tionum
324 679 536 742 Parisiensium
570 679 688 740 saeculo
718 677 878 759 praeterito
907 677 938 738 in
970 677 1052 738 ltalia
1079 677 1211 740 Venetiis
1240 685 1270 739 et
1290 677 1411 750 Patavii,

187 779 260 842 aliae
281 799 378 861 nuper
391 779 513 842 Parisiis
535 779 610 860 typis
633 797 756 841 recusae
778 787 858 852 sunt,
881 777 933 839 sed
956 777 1088 857 exempla
1103 778 1228 856 repetita
1242 796 1303 840 uon
1318 779 1412 840 multo

54 909 64 929 ι
186 881 313 944 minoris
342 880 511 943 renduntur
538 899 626 960 quam
653 881 811 960 archetypa
838 897 894 940 noc
922 878 1036 940 lacibus
1066 877 1210 941 studiosis
1241 879 1277 940 ad
1305 897 1412 940 manus

186 982 319 1044 veniunt.
361 981 561 1044 Bibliothecae
582 989 680 1044 autem
702 991 819 1061 petrum
841 998 917 1060 quae
943 977 1142 1059 appellantur,
1174 979 1254 1042 velut
1279 979 1413 1059 loeuple-

189 1083 304 1146 tissima
326 1083 524 1156 Gallaudiana,
547 1099 609 1144 uon
631 1081 867 1160 complectuntur
888 1079 1150 1160 patresmaiores,
1173 1099 1301 1161 quorum
1322 1098 1414 1161 opera

186 1184 322 1266 pluribus
345 1184 546 1248 voluminibus
570 1191 722 1256 constant,
756 1191 786 1244 et
808 1181 839 1244 in
858 1179 926 1244 aliis
951 1181 1015 1242 eius
1038 1181 1157 1260 generis
1178 1182 1413 1255 collectionibus,

187 1303 262 1365 quae
283 1286 398 1348 nostris
420 1283 605 1364 temporibus
627 1284 782 1345 inchoatae
804 1293 874 1345 sunt
895 1292 925 1345 et
944 1280 1142 1362 particulatim
1165 1281 1283 1344 venales
1299 1283 1413 1346 haben·

189 1394 247 1460 tur,
278 1387 386 1466 scriptu
413 1383 576 1465 dogmatica
599 1383 719 1446 illorum
742 1383 881 1446 ecelesiae
908 1400 1030 1462 graecae
1053 1382 1259 1462 theologorum
1280 1392 1413 1446 autnon

186 1486 392 1565 reperiuntur,
420 1495 471 1548 out
491 1485 581 1547 latine
602 1493 715 1548 tuntum
739 1485 924 1546 exhibentur.
968 1483 1018 1544 Sic
1039 1483 1224 1548 Bibliotheca
1246 1504 1336 1548 sucro
1353 1505 1415 1566 pu-

188 1595 271 1648 trum
294 1586 435 1650 ecchsioe
455 1605 645 1668 graecorum,
669 1603 756 1666 quam
779 1586 845 1648 Car.
867 1583 938 1646 Eru.
961 1582 1120 1646 Richterus
1142 1584 1261 1666 Lipsiae
1276 1605 1303 1648 e.
1322 1588 1413 1652 1826.

187 1685 276 1748 eslere
298 1687 413 1767 coepit,
444 1705 504 1750 non
532 1687 608 1750 ultra
636 1688 753 1752 tertiam
780 1694 895 1766 purtem
918 1684 1078 1747 Clementis
1098 1685 1179 1748 Alex.
1202 1703 1295 1766 spera
1316 1687 1414 1750 conh-

187 1796 308 1850 nentem
329 1788 487 1868 prooessit,
510 1796 540 1850 et
560 1788 745 1851 Bibliotheca
764 1799 891 1868 potrum
912 1787 1051 1850 ecelesiae
1074 1787 1249 1861 entonam,
1272 1791 1325 1868 qen·
1344 1797 1415 1852 onte
1489 1797 1493 1810 '

190 1888 327 1952 Orientis
349 1901 379 1954 et
402 1889 570 1952 Occidentis
590 1889 720 1952 sensnm
746 1891 940 1969 floruerunt,
970 1887 1079 1950 Oxonii
1102 1887 1138 1950 ab
1160 1906 1187 1950 a.
1213 1890 1305 1955 18³8.
1328 1907 1414 1952 sum-

188 1987 267 2051 tibus
295 1989 416 2052 Parlreri
444 2005 552 2054 excusa
579 2007 674 2070 paene
701 1997 770 2052 totu
793 1997 909 2052 constat
942 1988 1062 2068 scriptis
1096 1989 1265 2068 exegeticis.
1308 1991 1416 2054 lnsrrnt

188 2089 266 2152 culm
287 2099 356 2152 octo
378 2090 424 2153 vel
446 2109 553 2153 novem
575 2089 792 2164 voluminibus,
820 2109 896 2170 quac
917 2090 1013 2152 adbuc
1035 2098 1281 2170 comparuerunt,
1311 2092 1413 2172 hugu-

188 2191 259 2252 atinl
282 2193 499 2267 confessiones,
526 2190 731 2272 chrysostomi
752 2191 892 2254 homiliae
914 2191 946 2252 in
966 2191 1145 2254 hlottbeeum
1173 2201 1261 2272 atque
1287 2192 1318 2254 in
1347 2193 1414 2272 epi-

188 2290 282 2354 stolas
304 2292 386 2354 Pauli
409 2293 446 2354 ed
469 2293 638 2358 Corinthios
661 2301 692 2354 et
712 2293 749 2354 ad
770 2293 923 2354 Romanos
946 2311 961 2353 a
984 2291 1016 2354 F.
1038 2291 1152 2354 Fieldio
1175 2293 1282 2368 enine,
1310 2273 1413 2356 Theu-

188 2391 283 2456 doreti
306 2395 539 2458 commentarius
561 2393 592 2456 in
607 2394 689 2456 Pauli
710 2394 863 2478 epistolas.
901 2393 984 2466 Quae
999 2411 1069 2454 vero
1084 2393 1208 2455 Parisiis
1224 2393 1260 2456 ab
1275 2413 1302 2456 a.
1320 2397 1433 2460 tent·

186 2493 299 2574 prodiit
321 2493 463 2560 Collectio
486 2495 596 2560 solemn
618 2513 660 2558 ss.
690 2482 830 2558 ecclessiis
854 2505 983 2576 potrum
1011 2493 1208 2574 complectens
1238 2501 1416 2577 eoprisitir-

188 2597 265 2657 simo
287 2613 382 2676 opero
404 2608 469 2660 tom
490 2597 655 2676 domnico
677 2607 707 2658 et
726 2596 874 2666 morolio,
905 2607 971 2658 tum
998 2595 1186 2676 apologetico
1212 2605 1243 2658 et
1264 2603 1414 2672 oratorio,

187 2695 271 2758 culus
293 2695 459 2776 plusquam
482 2705 599 2760 centum
623 2705 654 2759 et
674 2697 794 2776 triginta
814 2695 964 2758 volumina
986 2713 1056 2758 cure
1078 2705 1109 2758 et
1130 2696 1318 2760 suttona
1334 2698 1414 2761 Call-

186 2795 234 2859 lau
256 2805 286 2859 et
307 2797 345 2860 hl.
367 2797 402 2859 tt.
426 2798 458 2860 S.
482 2797 600 2862 Guillon
629 2797 707 2862 edita
728 2805 808 2871 suut,
839 2815 873 2858 ea
895 2815 958 2858 non
979 2815 1117 2876 graecum
1139 2805 1262 2872 textum,
1293 2801 1347 2862 sed
1368 2799 1414 2861 ln·

187 2896 275 2968 tinas,
298 2916 373 2976 quae
395 2897 566 2972 exstabant,
590 2897 849 2977 interpretationes
871 2898 1052 2976 scriptorum
1074 2897 1222 2976 origenis,
1250 2898 1414 2972 Athanasii,

186 2993 303 3069 anilii,
332 2996 467 3075 Gregorii
488 2997 559 3060 Nan
582 2998 767 3079 aliorumque
787 2979 921 3078 praebet.
964 2997 1066 3076 Neque
1086 2997 1177 3058 altera
1198 2997 1332 3059 collectio
1348 2995 1412 3058 p„

186 3095 336 3170 risiemis,
359 3113 433 3176 quae
456 3097 650 3180 Potrologr‘os
673 3119 784 3164 cursus
808 3099 972 3180 completus
995 3097 1179 3171 inscribitur,
1207 3097 1322 3184 copiam
1345 3098 1415 3162 iacit

188 3196 305 3276 legendi
326 3207 426 3277 patres
448 3215 582 3278 graecm,
605 3216 695 3278 quum
711 3197 807 3260 editor
822 3199 886 3262 eins
896 3199 922 3261 J.
935 3200 968 3260 P.
980 3197 1077 3276 bligne
1091 3197 1175 3260 solos
1189 3197 1297 3260 latinos
1312 3208 1413 3280 patres

188 3297 411 3378 scriptoresque
433 3299 652 3363 ecclesiasticos
672 3300 838 3362 secundum
861 3299 1048 3383 saeculorum
1074 3298 1181 3378 quibus
1204 3299 1341 3362 vixerunt
1359 3319 1413 3364 cr·

188 3398 287 3460 dinem
310 3399 386 3479 typis
409 3399 508 3464 denuo
530 3400 743 3464 exscribendos
766 3409 863 3465 curet:
887 3401 918 3463 in
932 3419 989 3480 qua
1003 3417 1093 3479 opera
1107 3417 1188 3462 nunc
1199 3400 1341 3480 evulgatis
1354 3419 1413 3464 no·

187 3499 307 3580 nagiuta
328 3501 446 3563 circiter
467 3502 557 3566 tomis
579 3519 676 3582 usque
697 3501 733 3564 ad
757 3502 907 3564 saeculum
930 3519 1042 3562 nonum
1057 3517 1237 3580 progressus
1252 3511 1308 3566 est.
1345 3503 1413 3577 Quo

188 3598 278 3680 igitur
299 3601 429 3665 rariores
452 3611 523 3666 suut
543 3602 691 3666 editiones
720 3599 900 3682 scriptorum
923 3619 998 3680 quos
1022 3602 1172 3664 nominari
1199 3611 1230 3665 et
1251 3603 1413 3684 pretiesio-

187 3719 247 3773 res,
270 3719 355 3781 quem
379 3711 449 3765 uta
470 3703 623 3785 plerisque
643 3721 759 3777 corum,
781 3703 831 3783 qui
854 3701 1065 3766 accuratiorem
1086 3703 1257 3782 dogmatum
1277 3704 1413 3766 notitiam

187 3801 262 3882 ipsis
278 3821 312 3863 ex
328 3803 458 3865 lontibus
474 3805 593 3867 haurire
614 3805 714 3880 velint,
736 3804 848 3886 acquiri
870 3803 988 3883 possint
1009 3803 1055 3864 rel
1069 3804 1215 3885 conquiri,
1238 3813 1266 3868 et
1280 3822 1339 3884 quo
1354 3805 1413 3866 mi·

188 3921 247 3966 uus
267 3903 331 3971 neri
353 3921 481 3985 unquam
503 3913 613 3986 potest,
635 3915 670 3967 ut
691 3923 794 3985 magna
811 3905 959 3966 volumina
974 3922 1064 3984 parvo
1079 3905 1268 3969 venditentur
1282 3914 1311 3967 et
1325 3905 1413 3968 latim

188 4003 385 4084 divulgentur,
408 4023 444 4068 eo
461 4005 576 4084 aegrius
592 4005 714 4068 terimus
730 4025 768 4068 ne
789 4005 934 4068 delectum
956 4005 1075 4086 quidem
1095 4005 1240 4069 librorum
1261 4007 1415 4086 potiorum

187 4104 357 4168 institutum
372 4124 450 4180 esse,
471 4106 523 4186 qui
533 4105 715 4206 desiderium
727 4108 910 4186 integrorum
923 4125 1046 4186 operum
1057 4107 1275 4188 propemodum
1287 4107 1413 4188 expleat.

187 4205 230 4268 hc
242 4207 377 4285 prolecto
394 4207 493 4270 mirari
513 4207 591 4281 licet,
613 4207 694 4286 quod
708 4207 785 4270 lutor
800 4217 846 4270 tot
859 4208 940 4270 viros
956 4209 1073 4281 doctos,
1095 4209 1192 4289 quiin
1212 4207 1333 4290 scriptis
1358 4225 1413 4287 pa·

190 4313 269 4368 trum
281 4306 318 4368 ad
331 4307 564 4387 frequentiorem
579 4316 609 4370 et
624 4308 786 4371 leciliorem
802 4327 890 4371 usum
906 4310 1121 4372 transferendis
1146 4327 1267 4389 operam
1284 4308 1414 4372 collum·

191 4415 409 4482 samantneme
424 4409 461 4472 ed
473 4407 530 4470 hos
542 4409 611 4472 fidei
624 4409 806 4472 orthodoxae
820 4421 921 4492 patres
936 4429 970 4473 ac
985 4420 1125 4485 emtores,
1140 4428 1266 4490 quorum
1282 4417 1415 4472 sannam

189 4505 344 4572 cohortem
358 4509 440 4574 ducit
452 4509 640 4587 Athanasius,
656 4511 765 4575 naudh
777 4513 909 4576 loannes
925 4511 1135 4588 Demesoeuus,
1151 4511 1282 4574 animum
1298 4510 1415 4574 ridetur
