3072 5056
285 1175 1036 1251 SANCTIPATRISNOSTRI

439 1335 944 1450 nrununsn.
1043 1307 1047 1316 ’

301 1453 309 1469 .
341 1493 989 1548 ARCHlEPlSCOPlALEXhNDthE

372 1615 667 1678 ADVERSUS
704 1614 952 1677 tulllius

522 1721 663 1802 onlrro
690 1749 809 1802 antur.

502 1943 817 1956 m

142 2143 165 2202 l.
208 2141 323 2204 Omnes
347 2139 464 2218 quidem
487 2139 640 2212 haereses,
664 2147 809 2218 quotquot
830 2139 971 2200 hactenus
994 2159 1009 2200 a
1032 2140 1153 2202 scritate
1177 2159 1363 2212 reses-glas.

74 2256 139 2313 sere,
167 2243 287 2304 evidens
312 2249 360 2302 est
380 2241 501 2302 insanas
526 2240 582 2300 sibi
606 2242 791 2319 excogitasse
819 2240 995 2320 opiniones,
1025 2241 1196 2320 illarumque
1219 2241 1277 2304 im-

71 2339 145 2418 pietas
166 2343 304 2406 omnibus
327 2343 385 2407 iam
408 2341 519 2404 dudum
543 2351 588 2403 est
609 2343 762 2422 patefacta.
807 2341 939 2403 Dubitari
969 2342 1047 2404 enim
1075 2361 1136 2404 nan
1168 2352 1279 2424 potest,

72 2443 125 2518 quin
144 2463 240 2508 eanrm
264 2452 403 2506 auctores
426 2464 464 2506 eoo
487 2445 573 2506 nobis
595 2447 737 2516 coierint,
762 2444 1009 2522 quemadmodum
1033 2445 1154 2524 scripsit
1174 2445 1280 2508 beatus

71 2541 184 2622 laames,
206 2545 448 2626 quandoquidem
471 2563 567 2625 neque
589 2545 642 2607 luit
664 2563 813 2624 unquam,
837 2563 934 2624 neque
955 2563 1035 2606 nunc
1056 2545 1212 2608 nobiscum
1236 2555 1283 2608 est

70 2641 165 2708 illorum
186 2647 333 2710 doctrina.
379 2635 501 2722 ideireo,
525 2655 557 2710 ut
578 2647 650 2708 dixit
672 2647 824 2719 Salvator,
847 2665 909 2708 nan
933 2647 1105 2726 colligentes
1127 2649 1282 2710 nobiscum

70 2748 225 2831 dispergunt
248 2769 316 2812 cum
340 2749 474 2823 diabolo,
498 2749 739 2827 dormientesque
763 2747 930 2818 observant,
954 2755 986 2808 ut
1009 2765 1115 2825 sparso
1139 2765 1194 2808 suo
1217 2747 1281 2808 exi-

69 2849 117 2910 tiali
141 2872 251 2916 recena
281 2852 385 2914 mortis
414 2851 514 2912 socios
542 2851 671 2912 habeant
691 2849 848 2930 plurimos.
893 2849 969 2922 Quia
997 2866 1068 2909 vero
1092 2866 1149 2910 una
1172 2857 1201 2910 et
1222 2866 1280 2927 po-

70 2954 350 3020 strema'bacresum,
372 2971 447 3032 quae
468 2953 587 3032 praesia
608 2951 791 3014 Antichristo
814 2949 905 3012 modo
928 2959 1029 3012 exorta
1053 2959 1099 3012 est
1118 2949 1282 3029 Arianaqne

71 3054 221 3132 appellatur,
243 3057 325 3116 ralra
348 3063 377 3115 et
399 3055 513 3127 callida,
536 3053 773 3115 animadvertens
796 3051 979 3131 antiquiores
1006 3070 1038 3112 se
1063 3069 1185 3113 sorores
1208 3051 1280 3114 alias

69 3151 187 3220 haereses
210 3157 306 3238 palam
335 3164 467 3231 notatas,
501 3157 565 3235 ipsa
594 3173 661 3216 sese
685 3153 904 3233 Scripturarum
932 3153 1083 3216 vocabulis
1112 3151 1158 3214 sui
1187 3153 1282 3232 patris

70 3254 159 3320 diaboli
179 3259 315 3338 exemplo
339 3257 475 3320 simulate
497 3256 601 3331 induit,
627 3255 758 3335 nihilque
781 3274 842 3316 nan
864 3255 1001 3326 molitur,
1024 3253 1110 3316 utin
1132 3253 1281 3316 Ecclesiae

69 3359 218 3432 paradisum
241 3361 300 3424 sibi
322 3360 438 3439 regredi
460 3359 562 3433 liceat,
585 3367 618 3420 ut
639 3358 805 3421 Christiana
832 3358 930 3436 specie
952 3365 1084 3420 assumta
1106 3354 1220 3435 aliquos
1243 3355 1280 3418 ad

70 3475 141 3534 prere
161 3461 196 3525 de
219 3461 338 3524 Christo
368 3462 556 3524 sentiendum
584 3461 683 3541 possit
705 3459 787 3521 salsis
809 3457 1112 3538 argumentationibus
1135 3459 1280 3520 adducere

70 3561 207 3640 (siqnidem
229 3563 305 3627 nibil
327 3561 411 3625 inse
433 3551 522 3625 habet
544 3563 622 3643 quod
645 3561 753 3623 rationi
776 3561 816 3623 sit
838 3565 1099 3638 consentaneum),
1123 3579 1207 3629 curn,
1231 3559 1279 3620 in-

72 3665 364 3738 quam,‘nibilominus
387 3665 546 3726 nonnullos
569 3663 743 3744 insipientes
766 3664 824 3726 iam
845 3663 1070 3726 circumvenerit
1091 3661 1176 3736 (adeo
1192 3667 1226 3719 ut
1239 3657 1282 3720 illi

71 3779 121 3822 non
141 3775 244 3830 tantum
268 3767 389 3830 auribus
412 3768 473 3828 siut
495 3765 659 3846 depravati,
690 3766 743 3827 sed
773 3765 860 3827 etiam
882 3764 959 3826 Erae
988 3763 1099 3826 similes
1129 3766 1282 3838 acceptum

72 3878 185 3928 errorem
206 3867 397 3949 gustaverint,
420 3867 547 3948 indeque
563 3867 733 3947 ignorantia
757 3866 905 3928 obcoecati
924 3883 1064 3928 amarunt
1080 3861 1166 3926 dulce
1187 3859 1280 3920 aesti-
1309 3891 1314 3902 ·

99 4132 116 4166 o
142 4119 222 4184 ltegius
255 4115 341 4172 uritur
367 4114 504 4192 πρόδηλος
529 4117 635 4187 γέγονε.
725 4121 741 4170 l.
761 4120 801 4170 Sie
818 4119 959 4181 sigaeum.
980 4115 1078 4168 Gabler.
1098 4121 1121 4164 et
1138 4111 1243 4164 Felclrm.
1256 4114 1278 4164 1.

71 4180 114 4232 llos
131 4187 221 4252 Seguer.
242 4184 305 4244 raba
323 4183 425 4251 ταύτην
442 4181 617 4260 ἐᾳιευρόντας.
689 4193 717 4238 tt
735 4187 775 4238 alii
795 4195 818 4238 et
837 4187 894 4236 editi
915 4177 1015 4236 αὐτοῖς.
1052 4208 1055 4213 ·
1211 4237 1219 4260 ‚

99 4251 173 4306 dSia
189 4272 244 4308 mss.
270 4267 370 4324 excepto
394 4259 501 4309 Falelrm.
520 4258 560 4318 2.,
588 4258 637 4322 qui,
723 4272 746 4317 g.
765 4255 865 4316 Segaer.
892 4253 990 4304 Gobler.
1017 4249 1121 4300 Felclrm.
1143 4249 1163 4298 1.
1188 4247 1278 4308 αυτῆς.

73 4323 308 4384 tresenreuter
326 4318 388 4376 οὔτε
407 4313 448 4386 ἦν,
469 4325 534 4390 quod
551 4326 575 4376 in
591 4326 638 4376 Ba·
689 4323 764 4372 Paulo
783 4329 840 4386 past
857 4320 996 4372 Goblerian.
1015 4326 1038 4368 et
1056 4315 1160 4368 Felclrm.
1182 4315 1204 4366 1.
1222 4325 1280 4382 past
1299 4337 1310 4358 ·

74 4385 151 4438 silicae.
168 4396 252 4444 recenti
266 4411 338 4446 manu
349 4395 456 4446 equitum
467 4402 512 4444 esa.
538 4395 638 4456 Segusa.
689 4381 903 4468 περιβαλλομένη
914 4387 1004 4438 addunt
1014 4388 1099 4436 iterum
1108 4377 1198 4438 δόλιος
1210 4395 1279 4434 aare

76 4449 134 4504 behet
151 4448 201 4508 οὔτ’
220 4449 261 4522 ἢν,
689 4471 735 4506 και
752 4469 917 4521 narraveras.

102 4537 119 4596 ⁰,-
136 4524 231 4580 lelcln.
245 4530 268 4580 2.
288 4539 312 4580 et
330 4529 404 4580 editio
423 4530 541 4580 Commel.
561 4539 640 4592 σκορ-
727 4526 751 4574 b.
769 4537 800 4589 γε
824 4525 892 4574 deest
917 4524 941 4574 iu
959 4523 1041 4586 Regio.
1078 4521 1143 4572 ldem
1163 4527 1188 4598 eg
1204 4519 1278 4570 basil.

78 4587 189 4646 tutanda
222 4599 322 4662 Segner.
341 4599 399 4648 ibid.
415 4590 487 4664 μετὰ
500 4589 637 4660 διαβόλου.
691 4592 783 4657 hnglic.
803 4600 826 4644 et
843 4591 948 4644 Falebm.
967 4590 991 4641 t.
1011 4581 1148 4657 ἀφρόνων
1171 4580 1221 4647 ηδ’]
1240 4595 1279 4635 1⁰*

105 4675 213 4728 brunnen
226 4695 276 4730 aer.
289 4696 363 4730 naon.
376 4696 427 4729 sec,
1044 4674 1075 4724 ¹⁰
