3072 5056
230 287 271 351 56
518 327 524 336 -
625 303 651 346 s.
666 302 819 346 ιτειιιιειι
834 301 1056 347 mammem

142 465 219 512 Μία
230 452 286 520 διὰ
306 450 364 538 τήν
385 453 452 516 τῶν
474 448 614 527 ἐντολῶν
635 447 770 536 τήρησιν
792 445 887 536 ἡμεῖς
908 447 1213 534 προςλαμβάνομεν.
1258 450 1374 535 τὰμὲν
1387 449 1449 537 γάρ

227 555 293 619 τῶν
316 551 478 636 σωμάτιον
501 546 601 635 όμοια
621 548 707 635 πρὸς
728 549 829 618 έαυτὰ
849 549 1049 635 τυγχάνοντα
1072 550 1209 624 δυνατόν
1231 575 1306 630 πως
1322 553 1452 618 διίστα-

228 661 314 730 σθαι
334 655 387 719 καί
409 651 535 738 μακρὰν
559 646 614 718 ἀπ’
640 646 790 738 ἀλλήλων
811 657 975 736 γίνεσθαι,
1000 645 1067 718 οἷοί
1090 652 1174 720 εἰσιν
1189 652 1222 718 οἱ
1236 655 1303 718 τῶν
1317 647 1451 736 ἀνθρώ-

228 781 301 822 πιον
329 755 396 821 υἱοὶ
424 752 510 841 πρὸς
529 751 607 832 τοὺς
627 751 859 841 γεννήσαντας,
890 748 935 831 ῶς
957 758 1141 838 γέγραπται
1162 752 1241 838 περὶ
1262 756 1321 820 τοῦ
1342 747 1450 836 Ἀδάμ

227 855 282 921 καὶ
303 859 361 923 τοῦ
384 855 419 935 ἐξ
440 850 540 921 αὐτοῦ
560 859 775 942 γεννηθέντος
796 853 886 941 Σήθ,
911 849 956 932 ῶς
977 843 1016 940 ήν
1039 850 1156 938 όμοιος
1177 849 1265 940 αύτῷ
1288 853 1373 920 κατὰ
1394 854 1451 940 τήν

229 955 318 1024 ἰδέαν
347 951 447 1024 αύτοῦ
457 960 486 1034 ¹).
532 955 647 1042 ἐπειδή
676 955 712 1022 δὲ
740 951 760 1040 ή
791 954 826 1022 ἐκ
853 953 981 1040 πατρὸς
1008 959 1066 1020 τοῦ
1095 955 1168 1026 υἱοῦ
1198 961 1347 1042 γέννησις
1370 953 1451 1042 άλλη

227 1057 320 1144 παρὰ
340 1057 398 1146 τήν
420 1053 612 1143 ἀνθρώπων
635 1057 737 1145 φύσιν
760 1053 847 1135 ἐστι’,
876 1055 932 1122 καὶ
955 1051 993 1122 ού
1015 1055 1117 1140 μόνον
1140 1053 1265 1141 ὅμοιος,
1290 1052 1376 1123 ἀλλὰ
1397 1057 1452 1123 ναὶ

227 1155 412 1247 ἀδιαίρετός
445 1160 517 1227 ἐστι
545 1163 604 1246 τῆς
632 1161 691 1224 τοῦ
714 1155 842 1244 πατρὸς
864 1154 994 1238 οὐσίας,
1029 1156 1085 1224 καὶ
1107 1161 1140 1225 ἐν
1162 1164 1222 1243 μέν
1244 1158 1328 1225 εἰσιν
1350 1155 1452 1237 αύτός

225 1265 278 1328 καί
301 1258 319 1328 ό
341 1261 490 1349 πατήρέ),
516 1256 561 1340 ῶς
583 1256 683 1338 αὐτὸς
705 1259 839 1346 εἰρηκεν,
864 1253 914 1325 ἀεὶ
939 1260 975 1324 δέ
997 1257 1099 1346 ἐντῷ
1122 1265 1227 1346 πατρί
1248 1259 1337 1326 ἐστιν
1352 1254 1381 1326 ’ὁ
1398 1258 1452 1324 λό-

223 1389 294 1450 γος,
328 1368 381 1431 καί
414 1359 432 1429 ό
462 1361 572 1449 πατήρ
596 1361 630 1428 ἐν
651 1363 698 1446 τῷ
721 1359 823 1446 λόγῳ,
859 1355 904 1438 ῶς
926 1360 999 1426 ἐστι
1019 1359 1057 1425 τὸ
1080 1355 1284 1446 ἀπαύγασμα
1305 1360 1394 1446 πρὸς
1415 1359 1452 1426 τὸ

224 1469 313 1553 φῶς1
336 1468 434 1530 τοῦτο
456 1462 517 1549 γὰρ
540 1459 635 1548 καλή
659 1463 746 1542 λέξις
768 1468 935 1549 σημαίνει·
959 1460 1016 1528 διὰ
1037 1465 1134 1528 τοῦτο
1157 1458 1176 1550 ή
1200 1461 1338 1540 σύνοδος
1352 1465 1452 1528 τοῦτο

223 1569 347 1632 νοοῦσα
374 1566 482 1644 καλῶς
512 1560 690 1648 όμοούσιον
713 1563 869 1649 ἔγραψεν,
899 1563 955 1628 ἵνα
976 1562 1034 1648 τήν
1056 1589 1091 1628 τε
1112 1566 1178 1628 τῶν
1200 1563 1374 1647 αἱρετικῶν
1397 1589 1454 1628 κα-

223 1665 382 1755 κοήθειαν
405 1661 635 1752 ἀνατρέφωσι,
659 1668 711 1732 καὶ
735 1666 887 1744 δείξωσιν
911 1661 1011 1744 ἀλλον
1034 1659 1118 1730 εἶναι
1140 1667 1206 1732 τῶν
1228 1667 1373 1751 γενητῶν
1396 1663 1452 1729 τόν

224 1766 329 1854 λόγον.
374 1771 427 1850 καί
450 1767 511 1854 γὰρ
532 1770 631 1834 τοῦτο
653 1766 840 1853 γράψαντες
863 1760 965 1843 εύθύς
987 1764 1167 1850 ἐπήγαγον·
1189 1765 1267 1844 τοὺς
1288 1767 1325 1832 δέ
1340 1767 1454 1851 λέγον-

223 1893 283 1948 τας
305 1869 341 1948 ἐξ
362 1865 419 1934 οῦκ
441 1868 545 1935 όντων
566 1867 624 1935 τὸν
647 1867 718 1934 υἱὸν
740 1871 798 1933 τοῦ
820 1870 904 1933 θεοῦ
926 1860 948 1954 ἢ
968 1864 1100 1932 κτιστὸν
1123 1861 1144 1953 ἢ
1165 1868 1307 1952 τρεπτὸν
1329 1861 1351 1952 ἢ
1374 1875 1453 1934 ποί-

223 1993 293 2057 ημα
319 1965 340 2056 ή
369 1970 404 2048 ἐξ
425 1970 537 2056 ἑτέρας
560 1965 683 2049 οὐσίας,
707 1967 844 2048 τούτους
867 1963 1103 2052 ἀναθεματίζει
1125 1965 1144 2055 ἡ
1168 1963 1246 2053 ἁγία
1267 1970 1322 2033 καλ
1345 1973 1453 2035 καθο-

163 2121 167 2130 ,
224 2068 296 2156 λικὴ
320 2070 480 2158 ἐκκλησία.
525 2075 630 2137 ταῦτα
656 2072 692 2137 δὲ
715 2069 878 2158 εἰρηκότες
900 2068 1067 2154 ἐδήλωσαν
1091 2073 1255 2157 φανερῶς,
1280 2065 1397 2135 ὅτιτὸ
1421 2069 1453 2136 ἐκ

224 2173 282 2257 τῆς
310 2164 426 2248 ούσίας
454 2172 508 2237 καὶ
537 2171 576 2236 τὸ
600 2167 777 2256 όμοούσιον
801 2167 990 2256 ἀναιρετικὰ
1011 2174 1077 2237 τῶν
1098 2175 1157 2258 τής
1179 2165 1334 2256 ἀσεβείας
1354 2172 1453 2256 λογα-

225 2277 305 2356 ρίων
328 2271 420 2351 εἰσίν,
445 2267 531 2358 άπερ
554 2271 622 2338 ἐστὶ
646 2279 767 2357 κτίσμα
787 2275 841 2339 καί
864 2279 994 2359 ποίημα
1015 2275 1068 2338 καὶ
1092 2271 1224 2358 γενητόν
1238 2271 1294 2339 καὶ
1308 2272 1454 2360 τρεπτὸν

224 2374 277 2437 καί
301 2365 358 2437 ούκ
380 2361 418 2457 ἦν
440 2375 521 2458 πρίν
542 2377 694 2460 γεννηθῇ.
740 2370 758 2439 ὁ
780 2371 840 2459 γὰρ
863 2377 967 2439 ταῦτα
989 2377 1122 2461 φρονῶν
1144 2368 1305 2458 ἀντιλέγει
1318 2377 1359 2460 τῇ
1376 2395 1452 2441 συν-

225 2469 308 2558 όδῳ·
332 2467 350 2538 ό
374 2474 409 2539 δὲ
431 2471 473 2538 τὰ
490 2468 621 2560 Ἀρείου
642 2475 687 2563 μὴ
711 2479 843 2562 φρονῶν
867 2476 902 2555 ἐξ
923 2470 1063 2562 ἀνάγκης
1073 2473 1115 2540 τά
1125 2478 1183 2561 τῆς
1194 2473 1335 2541 συνόδου
1346 2479 1453 2541 ταῦτα

225 2585 344 2662 φρονεῖ
364 2576 418 2641 καὶ
442 2575 639 2656 διανοεῖται,
663 2578 771 2656 καλῶς
792 2572 877 2643 αὐτὰ
897 2578 1047 2662 βλέπων,
1073 2572 1165 2654 ὅπως
1188 2575 1257 2642 ἐστὶ
1278 2574 1318 2639 τὸ
1340 2569 1455 2642 anai·-

223 2699 335 2762 γασμα
350 2675 435 2763 πρὸς
450 2674 488 2741 τό
501 2679 583 2765 φῶς,
599 2681 653 2744 καὶ
667 2677 703 2758 ἐξ
712 2674 813 2744 αὐτοῦ
829 2677 887 2766 τήν
901 2677 1010 2746 εἰκόνα
1021 2681 1079 2763 τῆς
1091 2672 1251 2764 ἀληθείας
1263 2676 1452 2761 λαμβάνων.

308 2785 359 2846 21.
410 2773 476 2845 Ούκ
499 2768 556 2846 οὖν
579 2779 608 2846 εἰ
630 2779 672 2847 τὰ
693 2778 823 2866 ῥήματα
844 2786 897 2846 καί
915 2769 1008 2846 οὗτοι
1024 2775 1068 2857 ῶς
1083 2780 1158 2858 ξένα
1173 2779 1453 2866 προφασίζονται,

224 2876 450 2962 φρονείτωσαν
473 2879 530 2967 τήν
554 2880 713 2960 διάνοιαν,
737 2876 812 2946 καθ’
836 2879 876 2965 ἣν
891 2877 910 2966 ή
927 2880 1065 2959 σύνοδος
1081 2876 1185 2958 οὕτως
1201 2879 1353 2966 ἐγραιβεν,
1371 2875 1455 2946 ἀνα·

223 2977 458 3057 θεματίζοντες
480 2976 566 3062 ἅπερ
590 2975 827 3064 ἀνεθεμάτισιν
849 2975 869 3066 ή
892 2978 1040 3060 σύνοδος,
1064 2983 1117 3047 καὶ
1134 2979 1262 3060 λοιπόν,
1287 2980 1316 3047 εἰ
1332 2979 1453 3048 δύναν-

223 3098 294 3154 ται,
318 3080 569 3162 μεμφέοθωσάν
587 3079 651 3158 τὰς
672 3080 785 3158 λέξεις.
832 3069 866 3144 εῦ
890 3079 926 3144 δὲ
949 3075 1039 3160 οἶδα,
1072 3077 1125 3147 ὅτι
1147 3080 1370 3168 φρονήσαντες
1392 3082 1453 3169 τήν

225 3173 376 3242 διάνοιαν
404 3180 463 3263 τῆς
491 3177 631 3244 συνόδου
660 3178 779 3246 καὶτὰ
801 3179 930 3266 ῥήματα
953 3183 1012 3266 τῆς
1034 3182 1183 3260 διανοίας
1205 3181 1339 3259 πάντως
1363 3177 1454 3248 ἀντο-

225 3274 382 3352 δέξονται.
430 3272 469 3344 ἀν
492 3279 529 3344 δέ
543 3281 603 3356 ,καλ
626 3280 746 3367 ταύτην
761 3279 941 3347 αἰτιᾶσθαι
955 3281 1137 3370 θελήσωσι,
1154 3284 1250 3368 δῆλοι
1264 3286 1369 3348 πᾶσίν
1384 3283 1454 3350 εἰσι

137 3411 141 3416 -
223 3374 404 3461 μάτηνκαὶ
428 3381 505 3463 περὶ
529 3377 659 3446 ἐκείνων
683 3382 845 3465 λέγοντες,
870 3385 923 3448 καὶ
945 3383 1048 3467 μόνον
1071 3379 1227 3470 ἀφορμὰς
1249 3384 1380 3461 ἑαυτοῖς
1405 3384 1453 3462 εἰς

223 3469 377 3560 ἀσέβειαν
400 3478 619 3559 ἐπινοοῦντες.
658 3477 683 3569 ἦ
706 3483 765 3566 μέν
789 3472 846 3548 οῦν
868 3483 1041 3570 πρόφασις
1062 3487 1128 3551 τῶν
1149 3482 1309 3550 τοιούτων
1331 3485 1454 3564 λέξεων

224 3571 322 3664 αῦτη·
344 3578 373 3644 εἰ
396 3574 429 3644 δ’
455 3577 508 3645 ότι
529 3585 583 3647 καί
605 3580 649 3667 μή
675 3581 833 3670 ἐγγραφοί
855 3584 921 3650 εἰσι
943 3583 1045 3651 πάλιν
1064 3585 1289 3670 γογγύζουσιν,Ι
1306 3580 1453 3654 αὐτόθεν

222 3677 282 3761 μέν
305 3671 399 3744 αύτοί
422 3679 698 3764 ἐκβαλλέσθωσαν
721 3679 766 3762 ῶς
779 3685 1032 3775 κενολογοῦντες
1052 3688 1108 3750 καί
1129 3683 1186 3751 τὸν
1208 3689 1285 3752 νοῦν
1308 3680 1366 3768 οῦχ
1380 3681 1454 3772 ύγι-

137 3785 387 3857 εαυτοίνοντες·
420 3780 576 3860 ’ἑαυτούς
608 3783 644 3848 δὲ
672 3786 725 3850 καί
750 3781 783 3850 έν
805 3783 937 3864 τούτοις
960 3785 1209 3866 αἰτιάσθωσαν,
1244 3781 1298 3852 ότι
1319 3789 1453 3869 πρῶτοι

223 3879 451 3968 παρασχόντες
479 3879 537 3969 τήν
568 3882 722 3970 τοιαύτην
751 3884 925 3972 πρόφασιν
954 3885 990 3964 ἐξ
1010 3880 1169 3972 ἀγράφων
1190 3893 1370 3969 θεομαχεῖν
1392 3883 1454 3972 ήρ-

224 3979 330 4057 ξαντο.
376 3986 561 4066 γινωσκέτω
584 3982 619 4048 δὲ
644 3979 734 4066 ὅμως
741 4033 751 4062 ,
776 3985 807 4051 εἰ
826 3992 878 4062 τίς
900 3985 972 4051 ἐστι
994 3984 1199 4073 φιλομαθής,
1223 3982 1277 4052 ότι
1292 3986 1321 4054 εἰ
1334 3989 1389 4052 καὶ
1404 3987 1451 4071 μή
1532 3973 1533 4028 ἰ

223 4075 328 4158 ούτως
362 4080 396 4147 ἐν
427 4091 502 4161 ταῒς
533 4091 678 4170 γραφαῖς
701 4083 784 4150 εἰσιν
807 4084 842 4150 αί
864 4087 983 4164 λέξεις,
1014 4079 1112 4166 ἀλλά,
1141 4087 1298 4172 καθάπερ
1322 4087 1452 4172 εἴρηται

222 4178 396 4264 πρότερον,
419 4181 477 4270 τήν
501 4183 535 4251 ἐκ
556 4187 623 4250 τῶν
644 4186 782 4270 γραφῶν
805 4183 956 4251 διάνοιαν
978 4185 1098 4268 έχουσι,
1121 4175 1318 4274 καλταύτην
1341 4186 1451 4274 ἐκφω-
1532 4231 1533 4234 =

222 4277 379 4363 νούμεναι
401 4291 599 4368 σημαίνουσι
620 4293 693 4364 τοῖς
715 4283 844 4366 ’έχουσιν
867 4283 914 4363 εἰς
937 4279 1104 4372 εύσέβειαν
1125 4287 1183 4372 τὴν
1199 4282 1297 4373 ἀκοὴν
1313 4283 1450 4374 όλόκλη-

292 4501 316 4560 1)
335 4501 421 4552 Genes.
440 4502 464 4563 5,
482 4501 506 4552 3.
576 4503 602 4563 2)
620 4505 687 4555 Ιοεο.
708 4505 747 4565 10,
767 4503 808 4554 30.
