3072 5056
356 369 502 412 srxsrocc
516 370 554 412 na
570 368 713 412 nacnnrrs
728 369 1007 427 uacasaaasxnonr.
1256 355 1297 420 89

85 521 179 594 mane,
200 517 393 582 conversione
415 526 466 582 aut
486 519 651 584 mutatione
673 517 856 582 substantiae
878 528 908 583 et
929 520 1045 584 virtutis
1060 520 1169 596 Patris,
1191 521 1228 586 ab
1247 522 1295 584 his
1305 536 1381 581 raro.

84 623 151 684 eninr
172 619 306 684 omnibus
328 619 454 684 alienam
475 639 544 682 esse
566 621 766 682 non-laetam
786 620 883 684 Patris
904 631 1057 696 neutram
1086 641 1191 684 verum
1212 623 1294 688 nisae

84 723 169 784 vulis
190 721 477 787 coamtaaaanataa
499 721 590 784 Patri
610 721 743 796 indicari,
766 721 876 784 nullsxn
898 723 972 784 Filio
992 723 1045 786 llei
1068 742 1135 786 eum
1156 723 1241 786 lacus
1264 731 1295 788 et

84 825 175 886 erulis
201 823 291 886 rebus
320 842 389 886 esse
418 822 659 897 similitudinem,
688 823 741 886 sed
769 823 825 886 soli
847 824 943 899 Patri,
976 825 1026 904 qui
1054 825 1153 906 ipsum
1181 826 1379 906 genuitnnu.

84 927 153 988 anani
172 925 410 988 modo'similem
433 943 517 998 esse,
550 943 647 1006 neque
669 944 708 986 ex
728 924 783 988 alia
805 944 893 1005 quam
915 945 951 988 ex
971 925 1068 988 Patris
1090 925 1295 1008 hypostasiet

84 1027 231 1090 sumanus
253 1047 332 1090 esse.
377 1026 431 1090 Cui
453 1029 518 1088 voci
540 1027 598 1088 hoc
618 1027 709 1090 modo
732 1025 893 1106 explicatae
915 1027 1053 1090 assentiri
1071 1039 1184 1092 rectum
1207 1028 1294 1092 nobis

83 1130 164 1190 risum
184 1137 244 1198 est,
274 1129 513 1210 mundoquidem
535 1128 719 1208 exploratum
742 1128 895 1202 hahemus,
918 1137 1034 1190 veteres
1057 1130 1199 1208 quosdam
1223 1149 1294 1192 eru·

83 1230 149 1291 ditos
169 1240 197 1293 et
217 1229 350 1292 illustres
372 1230 541 1310 Episcopus
563 1249 598 1292 ac
619 1230 800 1310 Scriptores,
823 1249 890 1292 cum
913 1229 949 1292 de
970 1231 1058 1293 Patre
1081 1239 1110 1292 et
1132 1231 1205 1293 l'ilio
1229 1231 1294 1294 dis·

82 1340 208 1409 sererent,
230 1351 305 1394 vote
327 1331 596 1396 consubstantialis
619 1351 691 1394 usos
714 1333 817 1396 luisse.

151 1637 179 1700 8.
222 1636 304 1698 llaec
325 1635 424 1716 itaque
447 1635 484 1696 de
507 1635 582 1697 edita
605 1634 663 1696 fide
686 1635 747 1697 sint
762 1634 848 1710 dicta,
872 1636 917 1696 eui
934 1635 1052 1716 quidem
1069 1656 1173 1699 omnes
1189 1655 1293 1700 sumus

81 1738 189 1808 assensi,
212 1739 267 1800 sed
290 1735 413 1798 nonnisi
434 1745 591 1816 postquam
607 1755 671 1799 rem
687 1745 820 1798 accurate
835 1738 1058 1817 perpendimus,
1081 1757 1177 1818 eoque
1191 1756 1293 1812 sensu,

80 1841 120 1916 qai
139 1839 297 1919 explicatus
321 1847 367 1900 est
389 1857 489 1900 coram
505 1831 733 1917 religiosissimo
749 1838 941 1918 Imperatore,
965 1840 1074 1920 quique
1095 1841 1189 1902 allatis
1205 1856 1294 1921 supra

79 1939 227 2002 rationibus
253 1940 308 2002 luit
330 1940 521 2020 approbatus.
566 1940 846 2002 inathematismum
869 1959 972 2022 porro,
995 1942 1044 2021 qui
1066 1949 1136 2022 post
1150 1942 1237 2004 fitlem
1258 1942 1294 2004 ab

79 2039 127 2103 illis
147 2043 278 2106 adiectus
301 2050 364 2114 est,
387 2039 461 2102 nihil
484 2060 572 2120 grave
594 2050 624 2103 et
645 2042 803 2103 molestum
827 2041 936 2104 habere
959 2043 1204 2116 existimavimus,
1228 2063 1295 2106 cum

81 2143 227 2220 prohibeat,
253 2163 292 2206 ne
313 2162 413 2216 voces,
438 2163 512 2223 quae
534 2161 594 2204 non
618 2151 735 2204 exstent
757 2141 787 2204 in
803 2143 975 2223 Scripturis,
1000 2153 1197 2225 usurpentur3
1219 2165 1295 2224 quae

82 2244 177 2306 scilicet
201 2265 293 2308 causa
321 2246 377 2307 luit
405 2244 503 2305 omnis
532 2247 594 2306 lere
617 2243 815 2306 dissensionis
838 2253 868 2306 et
889 2245 1136 2326 perturbationis,
1167 2246 1295 2326 quaein

81 2343 193 2408 Ecclesia
215 2357 284 2408 orta
308 2355 364 2408 est.
411 2345 483 2408 Cum
506 2345 596 2425 igitur
617 2345 696 2408 nulla
718 2345 858 2408 divinitus
871 2347 1013 2427 inspirata
1027 2347 1177 2427 Scriptura
1190 2366 1243 2408 usa
1257 2349 1296 2409 sit

82 2447 184 2510 ranas
206 2468 248 2511 etc
270 2467 333 2510 non
355 2449 564 2522 existentibus,
587 2449 649 2527 sair
666 2447 828 2529 cla'pucnalo
845 2468 911 2511 cam
926 2467 989 2510 aon
1004 2461 1090 2520 esset,
1114 2448 1239 2528 aliisque
1254 2447 1295 2509 ibi

83 2546 214 2622 subiectis,
239 2549 338 2610 risam
362 2559 408 2612 est
429 2549 536 2610 rationi
560 2558 792 2610 consentaneum
817 2567 876 2610 non
901 2569 968 2610 esse
984 2549 1057 2611 hacc
1077 2551 1121 2611 rel
1137 2551 1233 2612 dicere
1250 2550 1296 2612 rel

83 2647 181 2725 donce,
203 2651 286 2731 quod
309 2669 376 2712 curn
399 2660 511 2711 rectum
534 2669 654 2735 quoqoe
676 2669 744 2712 esse
767 2651 1032 2724 intellexissemus,
1055 2652 1295 2731 approbavimus,

82 2751 305 2832 mranloqnidem
327 2771 384 2814 nec
405 2771 461 2813 nos
484 2759 569 2813 antea
592 2753 761 2813 huiusmodi
779 2751 865 2814 verba
880 2771 1024 2831 usurpare
1040 2752 1119 2812 soliti
1135 2753 1295 2814 ineramus.

151 2855 180 2917 9.
220 2854 285 2915 Nec
307 2854 377 2916 item
399 2852 559 2914 absurdum
581 2854 766 2933 putavimus,
800 2853 847 2913 lais
877 2853 998 2913 vocilius
1028 2871 1090 2914 non
1120 2864 1187 2916 erat
1209 2863 1296 2914 onte-

81 2971 156 3032 pent
174 2961 295 3036 genitus
319 2965 364 3017 est
393 2955 548 3017 anathema
577 2956 690 3030 dicere,
721 2975 787 3016 crim
821 2973 925 3016 omnes
949 2955 1094 3016 fateantur
1114 2954 1220 3016 Filium
1243 2952 1295 3016 llei

81 3051 169 3130 luisse,
189 3057 365 3137 priusquam
388 3057 549 3118 seeundum
577 3075 695 3118 carnem
718 3057 896 3136 gigneretur.

154 3160 201 3220 tu.
248 3157 325 3220 Tum
347 3176 418 3219 vero
440 3158 596 3238 piissimus
618 3167 724 3220 noster
738 3159 903 3237 lmperator
920 3177 972 3220 sua
989 3159 1054 3238 ipse
1070 3158 1205 3220 oratione
1221 3177 1294 3237 pro-

81 3251 169 3328 babat,
197 3259 287 3320 etiam
310 3257 391 3320 illurn
413 3259 507 3346 inisse
529 3259 691 3321 secundum
714 3259 842 3320 divinam
865 3260 929 3321 eius
953 3260 1189 3338 generationem,
1220 3279 1295 3338 quae

83 3365 201 3420 estante
224 3359 325 3422 omnia
347 3360 477 3434 saecula,
508 3360 746 3441 quandoquidem
774 3349 946 3440 priusquam
975 3362 1080 3422 ellectu
1108 3360 1214 3422 luisset
1242 3379 1294 3439 ge·

82 3455 164 3532 nitus,
191 3461 257 3540 ipse
281 3461 415 3540 potentia
436 3469 501 3521 erat
521 3463 550 3522 in
573 3463 676 3534 Patre,
705 3462 774 3524 licet
794 3481 855 3522 non
883 3463 1069 3540 gigneretur3
1098 3462 1296 3541 quippenam

82 3551 155 3617 Pater
174 3579 295 3640 semper
316 3561 405 3622 luerit
426 3571 525 3642 pater,
554 3570 587 3624 ut
609 3574 638 3623 et
659 3581 778 3642 semper
800 3563 855 3624 lirit
877 3571 906 3624 et
928 3581 990 3628 rex,
1003 3574 1031 3624 et
1053 3562 1200 3635 salvator,
1223 3580 1295 3623 nec·

85 3671 133 3714 non
153 3662 249 3722 omnia
271 3663 415 3740 potentii,
435 3681 612 3742 semperque
635 3665 738 3726 eodem
762 3663 851 3724 modo
874 3671 903 3724 et
926 3663 1061 3728 simililer
1082 3681 1115 3724 se
1136 3662 1252 3724 habeat.

85 3764 125 3816 air
145 3769 201 3824 aiio
226 3777 275 3826 rori
299 3777 367 3827 θεοῦ
391 3773 436 3826 καὶ
459 3775 513 3846 πρὸ
540 3781 587 3840 τῆς
610 3791 656 3832 etc.
710 3784 823 3840 relertnr,
843 3790 867 3831 nt
886 3782 1175 3846 aprrctneoaornelar.
1196 3790 1219 3840 et
1238 3783 1294 3848 edit.

85 3840 149 3890 Gelas.
175 3838 374 3910 ὁμολογεῖσθαι
401 3835 471 3894 εἶναι
501 3839 587 3894 αὐτόν
611 3859 657 3898 etc.
709 3849 907 3899 Commelianam.
945 3849 1003 3900 llam
1023 3865 1110 3899 sensns
1130 3857 1180 3908 est,
1198 3849 1297 3908 Filium,

85 3903 149 3984 Eijtio
167 3913 281 3962 Comeret.
303 3905 502 3979 ὁμολογεῖσθαι
520 3904 590 3964 εἶναι
608 3910 658 3963 τὸν
710 3925 836 3982 antequam
856 3924 909 3966 actn
929 3925 954 3965 ut
973 3918 1038 3966 aiunt
1054 3925 1119 3994 fesor
1138 3917 1241 3974 genitus,
1259 3917 1296 3964 lu-

84 3985 192 4028 uterere.
710 3985 759 4033 isse
784 3986 889 4047 potentis
916 3985 938 4032 ia
960 3985 1028 4032 l'atra
1047 3975 1202 4045 αγεννὴτως
1219 3982 1242 4031 id
1261 3990 1298 4032 est

113 4041 168 4094 llaec
186 4057 263 4097 autern
283 4049 354 4098 verba
373 4041 414 4096 ἴοι
436 4041 494 4115 μήν
519 4059 540 4098 et
568 4059 657 4110 celcra,
710 4055 796 4116 alapae
814 4054 851 4101 aui
869 4049 1296 4114 generatione,quodcommorlepu·

86 4119 136 4184 prae
160 4126 291 4177 sequuntur
319 4131 396 4180 vasque
429 4117 457 4166 rol
484 4107 563 4163 ταῦθ’
591 4111 658 4183 ὑμῖν
710 4127 788 4167 tamus
814 4121 966 4182 expressisse
992 4117 1029 4165 lais
1054 4117 1147 4166 verbis:
1174 4117 1227 4167 licet
1250 4134 1297 4168 aon

85 4181 223 4238 conflatur
246 4193 292 4232 etr.
318 4183 405 4232 rlesnnt
430 4185 492 4246 opnrl
521 4187 656 4244 Socratem,
709 4191 849 4250 gigneretur.
888 4185 931 4233 llil
951 4191 1058 4232 vertant:
1077 4185 1178 4246 ingenita
1197 4187 1297 4250 quodum

85 4255 136 4318 quiae
153 4248 212 4297 lorte
230 4251 335 4307 retienit,
355 4265 385 4299 ue
403 4251 516 4308 Eusebii,
536 4267 606 4315 quern
627 4253 657 4300 ab
708 4255 793 4314 morio,·
812 4253 868 4301 alii:
887 4255 990 4314 ingenito
1008 4253 1108 4314 quadum
1124 4253 1222 4314 ratione,
1234 4267 1296 4317 qliae

85 4313 156 4360 triana
174 4315 265 4366 haeresi
286 4332 314 4367 ex
333 4317 490 4381 haospistola
506 4320 656 4382 purgantium
709 4335 757 4368 non
785 4321 816 4368 ita
842 4319 907 4368 clare
927 4331 977 4366 rem
997 4318 1074 4381 ipsam
1093 4319 1202 4368 videntur
1220 4321 1296 4382 signi-

86 4388 218 4442 saseeperat,
236 4399 332 4434 eausam
353 4393 435 4448 aperte
453 4386 576 4448 proderet.
709 4389 790 4435 flastra.

114 4458 141 4493 u.
158 4444 316 4501 Theodorei
335 4443 390 4516 πρὸ
408 4445 530 4500 πάντων.
569 4453 620 4502 lllox
632 4455 656 4502 in
743 4468 766 4502 n.
786 4453 931 4501 Tlaeovloret.
949 4446 995 4500 καὶ
1014 4451 1138 4532 σωτῆρος
1154 4448 1199 4501 καὶ
1217 4445 1296 4500 δονά-

90 4513 210 4587 m⁵3Regio
228 4510 658 4582 &peruriturinngitnrcumiaror
707 4532 754 4586 pet
773 4529 818 4568 ete.
855 4520 906 4568 llox
925 4535 970 4584 pro
989 4514 1059 4568 κατὰ
1077 4535 1112 4568 τα
1130 4512 1200 4568 οὖτά
1218 4521 1295 4568 Editio

91 4585 128 4623 ¹⁰¹⁹
142 4577 240 4652 πατρός
256 4599 302 4637 etc.
339 4585 422 4637 ileliae
438 4596 517 4638 tamen
530 4588 558 4637 acl
569 4588 656 4638 lilium
709 4586 828 4636 Commel.
839 4595 862 4636 et
872 4588 951 4639 Gelas.
971 4589 1061 4639 habent
1078 4583 1163 4637 κατὰ·
