<?xml version="1.0" encoding="UTF-8"?>
<!DOCTYPE html PUBLIC "-//W3C//DTD XHTML 1.0 Transitional//EN"
    "http://www.w3.org/TR/xhtml1/DTD/xhtml1-transitional.dtd">
<html xmlns="http://www.w3.org/1999/xhtml" xml:lang="en" lang="en">
 <head>
  <title>
</title>
<meta http-equiv="Content-Type" content="text/html;charset=utf-8" />
  <meta name='ocr-system' content='tesseract 3.04.00' />
  <meta name='ocr-capabilities' content='ocr_page ocr_carea ocr_par ocr_line ocrx_word'/>
</head>
<body>
  <div class='ocr_page' id='page_1' title='image "./sanctiathanasii01athagoog_0164.png"; bbox 0 0 3072 5056; ppageno 0'>
   <div class='ocr_carea' id='block_1_1' title="bbox 399 344 1282 408">
    <p class='ocr_par' dir='ltr' id='par_1_1' title="bbox 399 344 1282 408">
     <span class='ocr_line' id='line_1_1' title="bbox 399 344 1282 408; baseline 0.008 -15"><span class='ocrx_word' id='word_1_1' title='bbox 399 349 544 394; x_wconf 70' lang='grc' dir='ltr'>ΒΡΙΒΤΘΙΛ</span> <span class='ocrx_word' id='word_1_2' title='bbox 558 347 597 394; x_wconf 78' lang='lat' dir='ltr'>DE</span> <span class='ocrx_word' id='word_1_3' title='bbox 612 347 780 396; x_wconf 71' lang='lat' dir='ltr'>ssttrmtt</span> <span class='ocrx_word' id='word_1_4' title='bbox 793 349 936 396; x_wconf 75' lang='lat' dir='ltr'>btttmtt.</span> <span class='ocrx_word' id='word_1_5' title='bbox 960 345 963 352; x_wconf 81' lang='lat'>&#39;</span> <span class='ocrx_word' id='word_1_6' title='bbox 1221 344 1282 408; x_wconf 72' lang='lat'>115</span> 
     </span>
    </p>
   </div>
   <div class='ocr_carea' id='block_1_2' title="bbox 75 499 1413 1290">
    <p class='ocr_par' dir='ltr' id='par_1_2' title="bbox 76 499 1368 682">
     <span class='ocr_line' id='line_1_2' title="bbox 76 499 1368 582; baseline 0.002 -18"><span class='ocrx_word' id='word_1_7' title='bbox 76 500 170 564; x_wconf 88' lang='lat' dir='ltr'>brbere</span> <span class='ocrx_word' id='word_1_8' title='bbox 188 499 450 567; x_wconf 75' lang='lat' dir='ltr'>existimationem:</span> <span class='ocrx_word' id='word_1_9' title='bbox 474 500 583 564; x_wconf 74' lang='lat' dir='ltr'>Omnia</span> <span class='ocrx_word' id='word_1_10' title='bbox 604 504 685 563; x_wconf 79' lang='lat' dir='ltr'>mairo</span> <span class='ocrx_word' id='word_1_11' title='bbox 707 499 1175 582; x_wconf 59' lang='lat' dir='ltr'>ceremoniarumque</span> <span class='ocrx_word' id='word_1_12' title='bbox 1196 521 1368 574; x_wconf 69' lang='lat' dir='ltr'>rectorum.</span> 
     </span>
     <span class='ocr_line' id='line_1_3' title="bbox 76 601 1282 682; baseline 0.007 -17"><span class='ocrx_word' id='word_1_13' title='bbox 76 603 274 666; x_wconf 74' lang='lat' dir='ltr'>iromtestr&#39;bur</span> <span class='ocrx_word' id='word_1_14' title='bbox 296 606 461 667; x_wconf 78' lang='lat' dir='ltr'>scientium.</span> <span class='ocrx_word' id='word_1_15' title='bbox 506 601 753 682; x_wconf 73' lang='lat' dir='ltr'>Quandoquidem</span> <span class='ocrx_word' id='word_1_16' title='bbox 768 610 865 666; x_wconf 90' lang='lat' dir='ltr'>autem</span> <span class='ocrx_word' id='word_1_17' title='bbox 880 601 1047 668; x_wconf 81' lang='lat' dir='ltr'>Catholicae</span> <span class='ocrx_word' id='word_1_18' title='bbox 1060 605 1209 672; x_wconf 72' lang='lat' dir='ltr'>Ecclesiae</span> <span class='ocrx_word' id='word_1_19' title='bbox 1223 609 1282 674; x_wconf 85' lang='lat' dir='ltr'>fida</span> 
     </span>
    </p>

    <p class='ocr_par' dir='ltr' id='par_1_3' title="bbox 75 703 1413 1290">
     <span class='ocr_line' id='line_1_4' title="bbox 76 703 1283 786; baseline 0.007 -20"><span class='ocrx_word' id='word_1_20' title='bbox 76 721 127 766; x_wconf 90' lang='lat' dir='ltr'>non</span> <span class='ocrx_word' id='word_1_21' title='bbox 145 703 246 766; x_wconf 80' lang='lat' dir='ltr'>auditi</span> <span class='ocrx_word' id='word_1_22' title='bbox 266 705 300 768; x_wconf 90' lang='lat' dir='ltr'>in</span> <span class='ocrx_word' id='word_1_23' title='bbox 320 703 501 785; x_wconf 78' lang='lat' dir='ltr'>impietatem</span> <span class='ocrx_word' id='word_1_24' title='bbox 524 711 595 766; x_wconf 89' lang='lat' dir='ltr'>sunt</span> <span class='ocrx_word' id='word_1_25' title='bbox 623 703 763 782; x_wconf 74' lang='lat' dir='ltr'>collapsi,</span> <span class='ocrx_word' id='word_1_26' title='bbox 796 722 830 768; x_wconf 88' lang='lat' dir='ltr'>ac</span> <span class='ocrx_word' id='word_1_27' title='bbox 854 712 955 766; x_wconf 89' lang='lat' dir='ltr'>mente</span> <span class='ocrx_word' id='word_1_28' title='bbox 983 707 1110 786; x_wconf 89' lang='lat' dir='ltr'>deniquo</span> <span class='ocrx_word' id='word_1_29' title='bbox 1137 711 1283 774; x_wconf 83' lang='lat' dir='ltr'>excaecati</span> 
     </span>
     <span class='ocr_line' id='line_1_5' title="bbox 76 803 1365 884; baseline 0.004 -19"><span class='ocrx_word' id='word_1_30' title='bbox 76 823 138 884; x_wconf 90' lang='lat' dir='ltr'>quae</span> <span class='ocrx_word' id='word_1_31' title='bbox 156 811 231 868; x_wconf 87' lang='lat' dir='ltr'>recta</span> <span class='ocrx_word' id='word_1_32' title='bbox 258 812 330 868; x_wconf 88' lang='lat' dir='ltr'>sunt</span> <span class='ocrx_word' id='word_1_33' title='bbox 352 803 470 884; x_wconf 92' lang='lat' dir='ltr'>obliqua</span> <span class='ocrx_word' id='word_1_34' title='bbox 500 804 686 879; x_wconf 88' lang='lat' dir='ltr'>existimant,</span> <span class='ocrx_word' id='word_1_35' title='bbox 715 803 876 884; x_wconf 82' lang='lat' dir='ltr'>dicuntque</span> <span class='ocrx_word' id='word_1_36' title='bbox 901 805 997 870; x_wconf 86' lang='lat' dir='ltr'>locem</span> <span class='ocrx_word' id='word_1_37' title='bbox 1026 808 1164 874; x_wconf 82' lang='lat' dir='ltr'>tenebras</span> <span class='ocrx_word' id='word_1_38' title='bbox 1193 819 1365 875; x_wconf 73' lang='lat' dir='ltr'>tona-nass.</span> 
     </span>
     <span class='ocr_line' id='line_1_6' title="bbox 76 903 1413 993; baseline 0.01 -29"><span class='ocrx_word' id='word_1_39' title='bbox 76 903 184 984; x_wconf 84' lang='lat' dir='ltr'>irasque</span> <span class='ocrx_word' id='word_1_40' title='bbox 201 905 297 970; x_wconf 89' lang='lat' dir='ltr'>locem</span> <span class='ocrx_word' id='word_1_41' title='bbox 320 904 518 982; x_wconf 77' lang='lat' dir='ltr'>arbitrantur3</span> <span class='ocrx_word' id='word_1_42' title='bbox 548 905 803 987; x_wconf 89' lang='lat' dir='ltr'>operaepretium</span> <span class='ocrx_word' id='word_1_43' title='bbox 824 905 924 980; x_wconf 88' lang='lat' dir='ltr'>luerit,</span> <span class='ocrx_word' id='word_1_44' title='bbox 946 916 979 970; x_wconf 90' lang='lat' dir='ltr'>ut</span> <span class='ocrx_word' id='word_1_45' title='bbox 1006 908 1128 972; x_wconf 88' lang='lat' dir='ltr'>aliarum</span> <span class='ocrx_word' id='word_1_46' title='bbox 1149 911 1282 993; x_wconf 75' lang='lat' dir='ltr'>Dionysii</span> <span class='ocrx_word' id='word_1_47' title='bbox 1404 915 1413 934; x_wconf 68' lang='lat'>⁸</span> 
     </span>
     <span class='ocr_line' id='line_1_7' title="bbox 77 1005 1280 1086; baseline 0.008 -20"><span class='ocrx_word' id='word_1_48' title='bbox 77 1005 244 1085; x_wconf 82' lang='lat' dir='ltr'>epistolarum</span> <span class='ocrx_word' id='word_1_49' title='bbox 265 1005 357 1070; x_wconf 82' lang='lat' dir='ltr'>rerba</span> <span class='ocrx_word' id='word_1_50' title='bbox 379 1007 588 1086; x_wconf 76' lang='lat' dir='ltr'>adhibeamus,</span> <span class='ocrx_word' id='word_1_51' title='bbox 618 1006 713 1070; x_wconf 91' lang='lat' dir='ltr'>allatis</span> <span class='ocrx_word' id='word_1_52' title='bbox 742 1007 779 1070; x_wconf 91' lang='lat' dir='ltr'>ad</span> <span class='ocrx_word' id='word_1_53' title='bbox 800 1008 945 1070; x_wconf 87' lang='lat' dir='ltr'>maiorem</span> <span class='ocrx_word' id='word_1_54' title='bbox 966 1007 1183 1074; x_wconf 86' lang='lat' dir='ltr'>baereticorum</span> <span class='ocrx_word' id='word_1_55' title='bbox 1205 1032 1280 1076; x_wconf 91' lang='lat' dir='ltr'>con-</span> 
     </span>
     <span class='ocr_line' id='line_1_8' title="bbox 76 1107 1282 1190; baseline 0.009 -24"><span class='ocrx_word' id='word_1_56' title='bbox 76 1107 225 1170; x_wconf 87' lang='lat' dir='ltr'>tutationem</span> <span class='ocrx_word' id='word_1_57' title='bbox 247 1127 352 1171; x_wconf 89' lang='lat' dir='ltr'>earnm</span> <span class='ocrx_word' id='word_1_58' title='bbox 373 1107 597 1172; x_wconf 86' lang='lat' dir='ltr'>scribendarum</span> <span class='ocrx_word' id='word_1_59' title='bbox 620 1108 735 1184; x_wconf 58' lang='lat' dir='ltr'>carnin</span> <span class='ocrx_word' id='word_1_60' title='bbox 758 1127 884 1190; x_wconf 87' lang='lat' dir='ltr'>quarum</span> <span class='ocrx_word' id='word_1_61' title='bbox 905 1109 994 1172; x_wconf 89' lang='lat' dir='ltr'>lectio</span> <span class='ocrx_word' id='word_1_62' title='bbox 1016 1129 1074 1172; x_wconf 88' lang='lat' dir='ltr'>nos</span> <span class='ocrx_word' id='word_1_63' title='bbox 1096 1113 1133 1174; x_wconf 89' lang='lat' dir='ltr'>ad</span> <span class='ocrx_word' id='word_1_64' title='bbox 1155 1113 1222 1176; x_wconf 87' lang='lat' dir='ltr'>talia</span> <span class='ocrx_word' id='word_1_65' title='bbox 1243 1116 1282 1177; x_wconf 87' lang='lat' dir='ltr'>da</span> 
     </span>
     <span class='ocr_line' id='line_1_9' title="bbox 75 1205 724 1290; baseline 0.008 -23"><span class='ocrx_word' id='word_1_66' title='bbox 75 1205 131 1269; x_wconf 87' lang='lat' dir='ltr'>liro</span> <span class='ocrx_word' id='word_1_67' title='bbox 150 1209 299 1272; x_wconf 87' lang='lat' dir='ltr'>sentienda</span> <span class='ocrx_word' id='word_1_68' title='bbox 321 1219 410 1290; x_wconf 89' lang='lat' dir='ltr'>atque</span> <span class='ocrx_word' id='word_1_69' title='bbox 430 1210 579 1290; x_wconf 90' lang='lat' dir='ltr'>loquenda</span> <span class='ocrx_word' id='word_1_70' title='bbox 600 1209 724 1273; x_wconf 82' lang='lat' dir='ltr'>induxit.</span> 
     </span>
    </p>
   </div>
   <div class='ocr_carea' id='block_1_3' title="bbox 72 1612 1284 1801">
    <p class='ocr_par' dir='ltr' id='par_1_4' title="bbox 72 1612 1284 1801">
     <span class='ocr_line' id='line_1_10' title="bbox 143 1612 1284 1698; baseline 0.006 -22"><span class='ocrx_word' id='word_1_71' title='bbox 143 1615 189 1678; x_wconf 84' lang='lat'>13.</span> <span class='ocrx_word' id='word_1_72' title='bbox 231 1613 315 1676; x_wconf 91' lang='lat' dir='ltr'>llaec</span> <span class='ocrx_word' id='word_1_73' title='bbox 343 1630 414 1676; x_wconf 78' lang='lat' dir='ltr'>aero</span> <span class='ocrx_word' id='word_1_74' title='bbox 437 1631 525 1676; x_wconf 87' lang='lat' dir='ltr'>causa</span> <span class='ocrx_word' id='word_1_75' title='bbox 546 1612 590 1676; x_wconf 94' lang='lat' dir='ltr'>illi</span> <span class='ocrx_word' id='word_1_76' title='bbox 611 1613 668 1676; x_wconf 88' lang='lat' dir='ltr'>luit</span> <span class='ocrx_word' id='word_1_77' title='bbox 688 1612 761 1676; x_wconf 88' lang='lat' dir='ltr'>alias</span> <span class='ocrx_word' id='word_1_78' title='bbox 784 1613 990 1679; x_wconf 86' lang='lat' dir='ltr'>conscribendi</span> <span class='ocrx_word' id='word_1_79' title='bbox 1011 1616 1165 1698; x_wconf 80' lang='lat' dir='ltr'>epistolas.</span> <span class='ocrx_word' id='word_1_80' title='bbox 1208 1619 1284 1682; x_wconf 81' lang='lat' dir='ltr'>Cum</span> 
     </span>
     <span class='ocr_line' id='line_1_11' title="bbox 72 1709 1283 1801; baseline 0.009 -29"><span class='ocrx_word' id='word_1_81' title='bbox 72 1709 211 1794; x_wconf 72' lang='lat' dir='ltr'>Dionysius</span> <span class='ocrx_word' id='word_1_82' title='bbox 233 1713 406 1795; x_wconf 87' lang='lat' dir='ltr'>episcopus,</span> <span class='ocrx_word' id='word_1_83' title='bbox 429 1722 588 1794; x_wconf 84' lang='lat' dir='ltr'>postquam</span> <span class='ocrx_word' id='word_1_84' title='bbox 610 1713 647 1776; x_wconf 87' lang='lat' dir='ltr'>de</span> <span class='ocrx_word' id='word_1_85' title='bbox 664 1713 897 1794; x_wconf 86' lang='lat' dir='ltr'>Pentapolitanis</span> <span class='ocrx_word' id='word_1_86' title='bbox 919 1715 969 1777; x_wconf 88' lang='lat' dir='ltr'>illa</span> <span class='ocrx_word' id='word_1_87' title='bbox 991 1716 1143 1795; x_wconf 89' lang='lat' dir='ltr'>didicerat,</span> <span class='ocrx_word' id='word_1_88' title='bbox 1166 1721 1283 1801; x_wconf 90' lang='lat' dir='ltr'>episto-</span> 
     </span>
    </p>
   </div>
   <div class='ocr_carea' id='block_1_4' title="bbox 67 1811 1379 3824">
    <p class='ocr_par' dir='ltr' id='par_1_5' title="bbox 67 1811 1379 3824">
     <span class='ocr_line' id='line_1_12' title="bbox 72 1811 1283 1903; baseline 0.009 -29"><span class='ocrx_word' id='word_1_89' title='bbox 72 1811 262 1886; x_wconf 79' lang='lat' dir='ltr'>lamoniam</span> <span class='ocrx_word' id='word_1_90' title='bbox 286 1815 365 1889; x_wconf 88' lang='lat' dir='ltr'>dixi,</span> <span class='ocrx_word' id='word_1_91' title='bbox 388 1823 493 1878; x_wconf 88' lang='lat' dir='ltr'>contra</span> <span class='ocrx_word' id='word_1_92' title='bbox 514 1814 635 1878; x_wconf 90' lang='lat' dir='ltr'>Sabellii</span> <span class='ocrx_word' id='word_1_93' title='bbox 655 1815 803 1878; x_wconf 90' lang='lat' dir='ltr'>baeresim</span> <span class='ocrx_word' id='word_1_94' title='bbox 826 1816 862 1878; x_wconf 90' lang='lat' dir='ltr'>ad</span> <span class='ocrx_word' id='word_1_95' title='bbox 883 1817 1072 1880; x_wconf 79' lang='lat' dir='ltr'>Ammoninm</span> <span class='ocrx_word' id='word_1_96' title='bbox 1095 1831 1124 1884; x_wconf 90' lang='lat' dir='ltr'>et</span> <span class='ocrx_word' id='word_1_97' title='bbox 1144 1819 1283 1903; x_wconf 86' lang='lat' dir='ltr'>Euphro-</span> 
     </span>
     <span class='ocr_line' id='line_1_13' title="bbox 71 1916 1283 1998; baseline 0.01 -24"><span class='ocrx_word' id='word_1_98' title='bbox 71 1931 158 1977; x_wconf 89' lang='lat' dir='ltr'>norem</span> <span class='ocrx_word' id='word_1_99' title='bbox 176 1917 275 1978; x_wconf 90' lang='lat' dir='ltr'>studio</span> <span class='ocrx_word' id='word_1_100' title='bbox 297 1916 453 1996; x_wconf 81' lang='lat' dir='ltr'>religionis</span> <span class='ocrx_word' id='word_1_101' title='bbox 474 1924 631 1998; x_wconf 89' lang='lat' dir='ltr'>permotus</span> <span class='ocrx_word' id='word_1_102' title='bbox 654 1917 845 1998; x_wconf 78' lang='lat' dir='ltr'>scripsisset,</span> <span class='ocrx_word' id='word_1_103' title='bbox 869 1917 989 1997; x_wconf 91' lang='lat' dir='ltr'>qnidam</span> <span class='ocrx_word' id='word_1_104' title='bbox 1011 1939 1046 1982; x_wconf 87' lang='lat' dir='ltr'>ex</span> <span class='ocrx_word' id='word_1_105' title='bbox 1067 1921 1199 1984; x_wconf 84' lang='lat' dir='ltr'>Ecclesia</span> <span class='ocrx_word' id='word_1_106' title='bbox 1220 1923 1283 1986; x_wconf 85' lang='lat' dir='ltr'>lra-</span> 
     </span>
     <span class='ocr_line' id='line_1_14' title="bbox 72 2016 1284 2104; baseline 0.009 -28"><span class='ocrx_word' id='word_1_107' title='bbox 72 2021 136 2088; x_wconf 84' lang='lat' dir='ltr'>tres,</span> <span class='ocrx_word' id='word_1_108' title='bbox 154 2035 242 2080; x_wconf 85' lang='lat' dir='ltr'>sanae</span> <span class='ocrx_word' id='word_1_109' title='bbox 264 2016 387 2098; x_wconf 91' lang='lat' dir='ltr'>quidem</span> <span class='ocrx_word' id='word_1_110' title='bbox 408 2016 562 2082; x_wconf 88' lang='lat' dir='ltr'>doctrinae</span> <span class='ocrx_word' id='word_1_111' title='bbox 582 2018 737 2094; x_wconf 88' lang='lat' dir='ltr'>homines,</span> <span class='ocrx_word' id='word_1_112' title='bbox 760 2035 822 2080; x_wconf 90' lang='lat' dir='ltr'>non</span> <span class='ocrx_word' id='word_1_113' title='bbox 844 2018 984 2082; x_wconf 89' lang='lat' dir='ltr'>sciscitati</span> <span class='ocrx_word' id='word_1_114' title='bbox 1006 2027 1104 2086; x_wconf 69' lang='lat' dir='ltr'>umen</span> <span class='ocrx_word' id='word_1_115' title='bbox 1125 2042 1203 2098; x_wconf 89' lang='lat' dir='ltr'>eum,</span> <span class='ocrx_word' id='word_1_116' title='bbox 1226 2041 1284 2104; x_wconf 91' lang='lat' dir='ltr'>qua</span> 
     </span>
     <span class='ocr_line' id='line_1_15' title="bbox 72 2115 1283 2206; baseline 0.01 -31"><span class='ocrx_word' id='word_1_117' title='bbox 72 2115 100 2177; x_wconf 89' lang='lat' dir='ltr'>de</span> <span class='ocrx_word' id='word_1_118' title='bbox 118 2136 198 2180; x_wconf 81' lang='lat' dir='ltr'>musa</span> <span class='ocrx_word' id='word_1_119' title='bbox 218 2118 258 2182; x_wconf 87' lang='lat' dir='ltr'>ita</span> <span class='ocrx_word' id='word_1_120' title='bbox 282 2119 468 2199; x_wconf 83' lang='lat' dir='ltr'>scripsisset,</span> <span class='ocrx_word' id='word_1_121' title='bbox 490 2119 615 2182; x_wconf 85' lang='lat' dir='ltr'>Romam</span> <span class='ocrx_word' id='word_1_122' title='bbox 637 2138 671 2182; x_wconf 88' lang='lat' dir='ltr'>se</span> <span class='ocrx_word' id='word_1_123' title='bbox 693 2120 845 2182; x_wconf 91' lang='lat' dir='ltr'>contulere</span> <span class='ocrx_word' id='word_1_124' title='bbox 866 2120 1008 2202; x_wconf 89' lang='lat' dir='ltr'>illumque</span> <span class='ocrx_word' id='word_1_125' title='bbox 1028 2125 1105 2205; x_wconf 89' lang='lat' dir='ltr'>apud</span> <span class='ocrx_word' id='word_1_126' title='bbox 1126 2125 1283 2206; x_wconf 77' lang='lat' dir='ltr'>cognomi·</span> 
     </span>
     <span class='ocr_line' id='line_1_16' title="bbox 72 2219 1283 2302; baseline 0.01 -26"><span class='ocrx_word' id='word_1_127' title='bbox 72 2235 125 2278; x_wconf 89' lang='lat' dir='ltr'>nen</span> <span class='ocrx_word' id='word_1_128' title='bbox 143 2219 316 2301; x_wconf 76' lang='lat' dir='ltr'>llionysium</span> <span class='ocrx_word' id='word_1_129' title='bbox 338 2220 506 2284; x_wconf 84' lang='lat' dir='ltr'>Romanum</span> <span class='ocrx_word' id='word_1_130' title='bbox 528 2221 702 2302; x_wconf 88' lang='lat' dir='ltr'>episcopum</span> <span class='ocrx_word' id='word_1_131' title='bbox 730 2231 914 2285; x_wconf 79' lang='lat' dir='ltr'>accusarunt.</span> <span class='ocrx_word' id='word_1_132' title='bbox 961 2223 1076 2296; x_wconf 85' lang='lat' dir='ltr'>Quibus</span> <span class='ocrx_word' id='word_1_133' title='bbox 1102 2225 1152 2289; x_wconf 85' lang='lat' dir='ltr'>ifle</span> <span class='ocrx_word' id='word_1_134' title='bbox 1174 2226 1283 2290; x_wconf 87' lang='lat' dir='ltr'>auditis</span> 
     </span>
     <span class='ocr_line' id='line_1_17' title="bbox 73 2321 1285 2406; baseline 0.009 -25"><span class='ocrx_word' id='word_1_135' title='bbox 73 2335 117 2381; x_wconf 86' lang='lat' dir='ltr'>nra</span> <span class='ocrx_word' id='word_1_136' title='bbox 135 2321 250 2403; x_wconf 85' lang='lat' dir='ltr'>scripsit</span> <span class='ocrx_word' id='word_1_137' title='bbox 273 2331 304 2386; x_wconf 90' lang='lat' dir='ltr'>et</span> <span class='ocrx_word' id='word_1_138' title='bbox 326 2330 431 2386; x_wconf 78' lang='lat' dir='ltr'>contm</span> <span class='ocrx_word' id='word_1_139' title='bbox 453 2322 572 2384; x_wconf 89' lang='lat' dir='ltr'>Sabellii</span> <span class='ocrx_word' id='word_1_140' title='bbox 594 2329 757 2386; x_wconf 86' lang='lat' dir='ltr'>sectatores</span> <span class='ocrx_word' id='word_1_141' title='bbox 781 2331 811 2385; x_wconf 88' lang='lat' dir='ltr'>et</span> <span class='ocrx_word' id='word_1_142' title='bbox 825 2331 928 2386; x_wconf 90' lang='lat' dir='ltr'>contra</span> <span class='ocrx_word' id='word_1_143' title='bbox 943 2343 1006 2400; x_wconf 92' lang='lat' dir='ltr'>eos,</span> <span class='ocrx_word' id='word_1_144' title='bbox 1029 2327 1080 2406; x_wconf 91' lang='lat' dir='ltr'>qui</span> <span class='ocrx_word' id='word_1_145' title='bbox 1100 2327 1165 2392; x_wconf 90' lang='lat' dir='ltr'>eius</span> <span class='ocrx_word' id='word_1_146' title='bbox 1180 2335 1285 2392; x_wconf 87' lang='lat' dir='ltr'>essent</span> 
     </span>
     <span class='ocr_line' id='line_1_18' title="bbox 71 2423 1283 2504; baseline 0.012 -27"><span class='ocrx_word' id='word_1_147' title='bbox 71 2423 231 2498; x_wconf 85' lang='lat' dir='ltr'>sententiae,</span> <span class='ocrx_word' id='word_1_148' title='bbox 256 2441 349 2504; x_wconf 90' lang='lat' dir='ltr'>quam</span> <span class='ocrx_word' id='word_1_149' title='bbox 371 2443 438 2487; x_wconf 90' lang='lat' dir='ltr'>cum</span> <span class='ocrx_word' id='word_1_150' title='bbox 460 2433 532 2504; x_wconf 88' lang='lat' dir='ltr'>post</span> <span class='ocrx_word' id='word_1_151' title='bbox 551 2424 638 2486; x_wconf 78' lang='lat' dir='ltr'>Arius</span> <span class='ocrx_word' id='word_1_152' title='bbox 660 2425 850 2504; x_wconf 89' lang='lat' dir='ltr'>protulisset,</span> <span class='ocrx_word' id='word_1_153' title='bbox 878 2425 915 2488; x_wconf 90' lang='lat' dir='ltr'>ab</span> <span class='ocrx_word' id='word_1_154' title='bbox 937 2425 1070 2490; x_wconf 83' lang='lat' dir='ltr'>Ecclesia</span> <span class='ocrx_word' id='word_1_155' title='bbox 1091 2435 1139 2492; x_wconf 89' lang='lat' dir='ltr'>est</span> <span class='ocrx_word' id='word_1_156' title='bbox 1160 2429 1283 2504; x_wconf 71' lang='lat' dir='ltr'>ciamus,</span> 
     </span>
     <span class='ocr_line' id='line_1_19' title="bbox 70 2523 1284 2608; baseline 0.012 -28"><span class='ocrx_word' id='word_1_157' title='bbox 70 2523 198 2600; x_wconf 83' lang='lat' dir='ltr'>aequalem</span> <span class='ocrx_word' id='word_1_158' title='bbox 220 2525 309 2588; x_wconf 72' lang='lat' dir='ltr'>mens</span> <span class='ocrx_word' id='word_1_159' title='bbox 331 2524 401 2587; x_wconf 87' lang='lat' dir='ltr'>licet</span> <span class='ocrx_word' id='word_1_160' title='bbox 423 2542 459 2587; x_wconf 87' lang='lat' dir='ltr'>ex</span> <span class='ocrx_word' id='word_1_161' title='bbox 481 2524 625 2587; x_wconf 89' lang='lat' dir='ltr'>diametro</span> <span class='ocrx_word' id='word_1_162' title='bbox 648 2526 815 2605; x_wconf 90' lang='lat' dir='ltr'>oppositam</span> <span class='ocrx_word' id='word_1_163' title='bbox 833 2525 952 2588; x_wconf 88' lang='lat' dir='ltr'>Sabellii</span> <span class='ocrx_word' id='word_1_164' title='bbox 974 2527 1155 2608; x_wconf 86' lang='lat' dir='ltr'>impietatem</span> <span class='ocrx_word' id='word_1_165' title='bbox 1178 2549 1284 2594; x_wconf 90' lang='lat' dir='ltr'>eornm</span> 
     </span>
     <span class='ocr_line' id='line_1_20' title="bbox 70 2618 1283 2706; baseline 0.011 -27"><span class='ocrx_word' id='word_1_166' title='bbox 70 2618 261 2702; x_wconf 84' lang='lat' dir='ltr'>blasphemiae,</span> <span class='ocrx_word' id='word_1_167' title='bbox 289 2625 340 2706; x_wconf 91' lang='lat' dir='ltr'>qui</span> <span class='ocrx_word' id='word_1_168' title='bbox 362 2625 479 2700; x_wconf 88' lang='lat' dir='ltr'>dicunt,</span> <span class='ocrx_word' id='word_1_169' title='bbox 502 2625 631 2688; x_wconf 84' lang='lat' dir='ltr'>Verbum</span> <span class='ocrx_word' id='word_1_170' title='bbox 653 2625 706 2687; x_wconf 81' lang='lat' dir='ltr'>bei</span> <span class='ocrx_word' id='word_1_171' title='bbox 729 2633 905 2700; x_wconf 89' lang='lat' dir='ltr'>creaturam,</span> <span class='ocrx_word' id='word_1_172' title='bbox 928 2626 1079 2705; x_wconf 86' lang='lat' dir='ltr'>opificium</span> <span class='ocrx_word' id='word_1_173' title='bbox 1100 2637 1131 2690; x_wconf 90' lang='lat' dir='ltr'>et</span> <span class='ocrx_word' id='word_1_174' title='bbox 1151 2647 1216 2692; x_wconf 87' lang='lat' dir='ltr'>rena</span> <span class='ocrx_word' id='word_1_175' title='bbox 1237 2631 1283 2692; x_wconf 87' lang='lat' dir='ltr'>la·</span> 
     </span>
     <span class='ocr_line' id='line_1_21' title="bbox 69 2725 1284 2809; baseline 0.004 -23"><span class='ocrx_word' id='word_1_176' title='bbox 69 2729 132 2786; x_wconf 84' lang='lat' dir='ltr'>ctam</span> <span class='ocrx_word' id='word_1_177' title='bbox 151 2743 224 2789; x_wconf 82' lang='lat' dir='ltr'>esse.</span> <span class='ocrx_word' id='word_1_178' title='bbox 268 2725 354 2790; x_wconf 88' lang='lat' dir='ltr'>blisit</span> <span class='ocrx_word' id='word_1_179' title='bbox 376 2745 494 2807; x_wconf 88' lang='lat' dir='ltr'>quoque</span> <span class='ocrx_word' id='word_1_180' title='bbox 516 2727 553 2790; x_wconf 88' lang='lat' dir='ltr'>ad</span> <span class='ocrx_word' id='word_1_181' title='bbox 575 2726 752 2805; x_wconf 81' lang='lat' dir='ltr'>Dionysium</span> <span class='ocrx_word' id='word_1_182' title='bbox 773 2726 904 2800; x_wconf 88' lang='lat' dir='ltr'>litteras,</span> <span class='ocrx_word' id='word_1_183' title='bbox 927 2734 960 2788; x_wconf 90' lang='lat' dir='ltr'>ut</span> <span class='ocrx_word' id='word_1_184' title='bbox 980 2727 1140 2803; x_wconf 85' lang='lat' dir='ltr'>indicarat,</span> <span class='ocrx_word' id='word_1_185' title='bbox 1168 2747 1225 2809; x_wconf 91' lang='lat' dir='ltr'>qna</span> <span class='ocrx_word' id='word_1_186' title='bbox 1247 2730 1284 2791; x_wconf 88' lang='lat' dir='ltr'>da</span> 
     </span>
     <span class='ocr_line' id='line_1_22' title="bbox 70 2825 1285 2908; baseline 0.008 -25"><span class='ocrx_word' id='word_1_187' title='bbox 70 2838 97 2882; x_wconf 86' lang='lat' dir='ltr'>re</span> <span class='ocrx_word' id='word_1_188' title='bbox 114 2837 260 2892; x_wconf 79' lang='lat' dir='ltr'>amicatus</span> <span class='ocrx_word' id='word_1_189' title='bbox 286 2827 324 2890; x_wconf 89' lang='lat' dir='ltr'>ab</span> <span class='ocrx_word' id='word_1_190' title='bbox 346 2827 404 2892; x_wconf 89' lang='lat' dir='ltr'>illis</span> <span class='ocrx_word' id='word_1_191' title='bbox 426 2828 542 2892; x_wconf 89' lang='lat' dir='ltr'>luisset.</span> <span class='ocrx_word' id='word_1_192' title='bbox 574 2827 628 2890; x_wconf 90' lang='lat' dir='ltr'>llle</span> <span class='ocrx_word' id='word_1_193' title='bbox 650 2844 721 2888; x_wconf 77' lang='lat' dir='ltr'>sero</span> <span class='ocrx_word' id='word_1_194' title='bbox 743 2825 960 2905; x_wconf 87' lang='lat' dir='ltr'>quamprimum</span> <span class='ocrx_word' id='word_1_195' title='bbox 975 2827 1021 2890; x_wconf 90' lang='lat' dir='ltr'>sui</span> <span class='ocrx_word' id='word_1_196' title='bbox 1036 2828 1181 2908; x_wconf 77' lang='lat' dir='ltr'>purgandi</span> <span class='ocrx_word' id='word_1_197' title='bbox 1196 2847 1285 2892; x_wconf 88' lang='lat' dir='ltr'>causa</span> 
     </span>
     <span class='ocr_line' id='line_1_23' title="bbox 70 2919 1284 3008; baseline 0.009 -27"><span class='ocrx_word' id='word_1_198' title='bbox 70 2919 146 2986; x_wconf 88' lang='lat' dir='ltr'>libros</span> <span class='ocrx_word' id='word_1_199' title='bbox 167 2927 269 3004; x_wconf 87' lang='lat' dir='ltr'>edidit,</span> <span class='ocrx_word' id='word_1_200' title='bbox 295 2947 372 3008; x_wconf 88' lang='lat' dir='ltr'>qnos</span> <span class='ocrx_word' id='word_1_201' title='bbox 393 2927 548 3008; x_wconf 88' lang='lat' dir='ltr'>inscripsit</span> <span class='ocrx_word' id='word_1_202' title='bbox 568 2927 717 2990; x_wconf 90' lang='lat' dir='ltr'>Elencbus</span> <span class='ocrx_word' id='word_1_203' title='bbox 740 2932 770 2988; x_wconf 85' lang='lat' dir='ltr'>ot</span> <span class='ocrx_word' id='word_1_204' title='bbox 789 2926 943 3008; x_wconf 84' lang='lat' dir='ltr'>Apologia.</span> <span class='ocrx_word' id='word_1_205' title='bbox 987 2927 1043 2990; x_wconf 90' lang='lat' dir='ltr'>llic</span> <span class='ocrx_word' id='word_1_206' title='bbox 1066 2921 1284 2994; x_wconf 80' lang='lat' dir='ltr'>animadvertas</span> 
     </span>
     <span class='ocr_line' id='line_1_24' title="bbox 69 3023 1379 3113; baseline 0.007 -27"><span class='ocrx_word' id='word_1_207' title='bbox 69 3023 140 3088; x_wconf 73' lang='lat' dir='ltr'>velim</span> <span class='ocrx_word' id='word_1_208' title='bbox 160 3029 355 3094; x_wconf 85' lang='lat' dir='ltr'>execrandam</span> <span class='ocrx_word' id='word_1_209' title='bbox 377 3029 487 3092; x_wconf 80' lang='lat' dir='ltr'>Christi</span> <span class='ocrx_word' id='word_1_210' title='bbox 510 3027 641 3092; x_wconf 90' lang='lat' dir='ltr'>bostium</span> <span class='ocrx_word' id='word_1_211' title='bbox 665 3028 823 3101; x_wconf 89' lang='lat' dir='ltr'>ollicinam,</span> <span class='ocrx_word' id='word_1_212' title='bbox 847 3037 875 3090; x_wconf 91' lang='lat' dir='ltr'>et</span> <span class='ocrx_word' id='word_1_213' title='bbox 897 3049 956 3108; x_wconf 88' lang='lat' dir='ltr'>quo</span> <span class='ocrx_word' id='word_1_214' title='bbox 970 3039 1057 3110; x_wconf 92' lang='lat' dir='ltr'>pacto</span> <span class='ocrx_word' id='word_1_215' title='bbox 1073 3031 1110 3093; x_wconf 94' lang='lat' dir='ltr'>ad</span> <span class='ocrx_word' id='word_1_216' title='bbox 1125 3049 1210 3094; x_wconf 89' lang='lat' dir='ltr'>suam</span> <span class='ocrx_word' id='word_1_217' title='bbox 1223 3031 1284 3113; x_wconf 89' lang='lat' dir='ltr'>ipsi</span> <span class='ocrx_word' id='word_1_218' title='bbox 1372 3085 1379 3094; x_wconf 94' lang='lat'>.</span> 
     </span>
     <span class='ocr_line' id='line_1_25' title="bbox 70 3123 1283 3214; baseline 0.007 -26"><span class='ocrx_word' id='word_1_219' title='bbox 70 3123 243 3204; x_wconf 82' lang='lat' dir='ltr'>ignominiam</span> <span class='ocrx_word' id='word_1_220' title='bbox 265 3131 343 3194; x_wconf 87' lang='lat' dir='ltr'>baec</span> <span class='ocrx_word' id='word_1_221' title='bbox 363 3131 520 3192; x_wconf 79' lang='lat' dir='ltr'>moverint.</span> <span class='ocrx_word' id='word_1_222' title='bbox 565 3129 637 3192; x_wconf 86' lang='lat' dir='ltr'>Cum</span> <span class='ocrx_word' id='word_1_223' title='bbox 667 3129 745 3191; x_wconf 89' lang='lat' dir='ltr'>enim</span> <span class='ocrx_word' id='word_1_224' title='bbox 767 3128 927 3209; x_wconf 82' lang='lat' dir='ltr'>Dionysius</span> <span class='ocrx_word' id='word_1_225' title='bbox 949 3129 1102 3196; x_wconf 85' lang='lat' dir='ltr'>Romanus</span> <span class='ocrx_word' id='word_1_226' title='bbox 1125 3133 1283 3214; x_wconf 87' lang='lat' dir='ltr'>episcopus</span> 
     </span>
     <span class='ocr_line' id='line_1_26' title="bbox 69 3225 1281 3311; baseline 0.01 -27"><span class='ocrx_word' id='word_1_227' title='bbox 69 3225 192 3293; x_wconf 76' lang='lat' dir='ltr'>aduersos</span> <span class='ocrx_word' id='word_1_228' title='bbox 213 3250 270 3294; x_wconf 91' lang='lat' dir='ltr'>eos</span> <span class='ocrx_word' id='word_1_229' title='bbox 296 3231 385 3293; x_wconf 84' lang='lat' dir='ltr'>etiarn</span> <span class='ocrx_word' id='word_1_230' title='bbox 406 3231 571 3310; x_wconf 87' lang='lat' dir='ltr'>scripserit,</span> <span class='ocrx_word' id='word_1_231' title='bbox 594 3232 644 3310; x_wconf 89' lang='lat' dir='ltr'>qui</span> <span class='ocrx_word' id='word_1_232' title='bbox 667 3230 768 3292; x_wconf 86' lang='lat' dir='ltr'>dicunt</span> <span class='ocrx_word' id='word_1_233' title='bbox 781 3230 888 3292; x_wconf 83' lang='lat' dir='ltr'>Filium</span> <span class='ocrx_word' id='word_1_234' title='bbox 904 3231 959 3293; x_wconf 85' lang='lat' dir='ltr'>llei</span> <span class='ocrx_word' id='word_1_235' title='bbox 980 3241 1145 3311; x_wconf 85' lang='lat' dir='ltr'>creaturam</span> <span class='ocrx_word' id='word_1_236' title='bbox 1168 3242 1198 3295; x_wconf 91' lang='lat' dir='ltr'>et</span> <span class='ocrx_word' id='word_1_237' title='bbox 1218 3251 1281 3296; x_wconf 89' lang='lat' dir='ltr'>rem</span> 
     </span>
     <span class='ocr_line' id='line_1_27' title="bbox 70 3325 1282 3414; baseline 0.009 -28"><span class='ocrx_word' id='word_1_238' title='bbox 70 3325 158 3391; x_wconf 87' lang='lat' dir='ltr'>ladam</span> <span class='ocrx_word' id='word_1_239' title='bbox 178 3349 257 3406; x_wconf 87' lang='lat' dir='ltr'>esse,</span> <span class='ocrx_word' id='word_1_240' title='bbox 282 3331 395 3411; x_wconf 92' lang='lat' dir='ltr'>liquido</span> <span class='ocrx_word' id='word_1_241' title='bbox 418 3339 546 3406; x_wconf 87' lang='lat' dir='ltr'>constat,</span> <span class='ocrx_word' id='word_1_242' title='bbox 568 3350 630 3394; x_wconf 92' lang='lat' dir='ltr'>non</span> <span class='ocrx_word' id='word_1_243' title='bbox 651 3331 838 3412; x_wconf 89' lang='lat' dir='ltr'>iamprimum</span> <span class='ocrx_word' id='word_1_244' title='bbox 861 3333 914 3394; x_wconf 88' lang='lat' dir='ltr'>scd</span> <span class='ocrx_word' id='word_1_245' title='bbox 930 3333 1001 3396; x_wconf 91' lang='lat' dir='ltr'>olim</span> <span class='ocrx_word' id='word_1_246' title='bbox 1016 3351 1134 3414; x_wconf 87' lang='lat' dir='ltr'>quoque</span> <span class='ocrx_word' id='word_1_247' title='bbox 1154 3334 1192 3396; x_wconf 92' lang='lat' dir='ltr'>ab</span> <span class='ocrx_word' id='word_1_248' title='bbox 1214 3353 1282 3398; x_wconf 89' lang='lat' dir='ltr'>om-</span> 
     </span>
     <span class='ocr_line' id='line_1_28' title="bbox 70 3425 1282 3498; baseline 0.007 -8"><span class='ocrx_word' id='word_1_249' title='bbox 70 3425 143 3489; x_wconf 83' lang='lat' dir='ltr'>nibus</span> <span class='ocrx_word' id='word_1_250' title='bbox 169 3433 357 3495; x_wconf 89' lang='lat' dir='ltr'>anathemate</span> <span class='ocrx_word' id='word_1_251' title='bbox 390 3433 557 3495; x_wconf 90' lang='lat' dir='ltr'>damnatam</span> <span class='ocrx_word' id='word_1_252' title='bbox 578 3433 672 3495; x_wconf 89' lang='lat' dir='ltr'>luisse</span> <span class='ocrx_word' id='word_1_253' title='bbox 694 3432 803 3494; x_wconf 87' lang='lat' dir='ltr'>Christi</span> <span class='ocrx_word' id='word_1_254' title='bbox 824 3433 957 3496; x_wconf 90' lang='lat' dir='ltr'>bostium</span> <span class='ocrx_word' id='word_1_255' title='bbox 978 3435 1154 3498; x_wconf 78' lang='lat' dir='ltr'>brianonum</span> <span class='ocrx_word' id='word_1_256' title='bbox 1174 3435 1282 3498; x_wconf 88' lang='lat' dir='ltr'>baere-</span> 
     </span>
     <span class='ocr_line' id='line_1_29' title="bbox 67 3525 1284 3617; baseline 0.005 -24"><span class='ocrx_word' id='word_1_257' title='bbox 67 3525 125 3589; x_wconf 73' lang='lat' dir='ltr'>sim.</span> <span class='ocrx_word' id='word_1_258' title='bbox 163 3531 278 3596; x_wconf 85' lang='lat' dir='ltr'>lleinde</span> <span class='ocrx_word' id='word_1_259' title='bbox 308 3553 375 3596; x_wconf 89' lang='lat' dir='ltr'>cum</span> <span class='ocrx_word' id='word_1_260' title='bbox 396 3534 558 3614; x_wconf 81' lang='lat' dir='ltr'>Dionysius</span> <span class='ocrx_word' id='word_1_261' title='bbox 579 3533 795 3596; x_wconf 80' lang='lat' dir='ltr'>Alexandrinus</span> <span class='ocrx_word' id='word_1_262' title='bbox 824 3534 983 3614; x_wconf 90' lang='lat' dir='ltr'>episcopus</span> <span class='ocrx_word' id='word_1_263' title='bbox 1011 3536 1048 3598; x_wconf 89' lang='lat' dir='ltr'>de</span> <span class='ocrx_word' id='word_1_264' title='bbox 1076 3536 1202 3617; x_wconf 89' lang='lat' dir='ltr'>epistola</span> <span class='ocrx_word' id='word_1_265' title='bbox 1229 3555 1284 3605; x_wconf 87' lang='lat' dir='ltr'>sua</span> 
     </span>
     <span class='ocr_line' id='line_1_30' title="bbox 72 3633 1282 3717; baseline 0.008 -28"><span class='ocrx_word' id='word_1_266' title='bbox 72 3643 129 3689; x_wconf 83' lang='lat' dir='ltr'>sese</span> <span class='ocrx_word' id='word_1_267' title='bbox 146 3634 289 3713; x_wconf 80' lang='lat' dir='ltr'>prugarit,</span> <span class='ocrx_word' id='word_1_268' title='bbox 310 3634 407 3714; x_wconf 90' lang='lat' dir='ltr'>palam</span> <span class='ocrx_word' id='word_1_269' title='bbox 430 3644 479 3697; x_wconf 86' lang='lat' dir='ltr'>est</span> <span class='ocrx_word' id='word_1_270' title='bbox 498 3635 582 3698; x_wconf 89' lang='lat' dir='ltr'>illurn</span> <span class='ocrx_word' id='word_1_271' title='bbox 603 3653 659 3698; x_wconf 90' lang='lat' dir='ltr'>nec</span> <span class='ocrx_word' id='word_1_272' title='bbox 680 3635 746 3697; x_wconf 90' lang='lat' dir='ltr'>eius</span> <span class='ocrx_word' id='word_1_273' title='bbox 767 3633 862 3696; x_wconf 84' lang='lat' dir='ltr'>luisse</span> <span class='ocrx_word' id='word_1_274' title='bbox 884 3637 1060 3712; x_wconf 88' lang='lat' dir='ltr'>sententiae,</span> <span class='ocrx_word' id='word_1_275' title='bbox 1081 3655 1169 3717; x_wconf 87' lang='lat' dir='ltr'>quam</span> <span class='ocrx_word' id='word_1_276' title='bbox 1185 3636 1212 3700; x_wconf 85' lang='lat' dir='ltr'>ei</span> <span class='ocrx_word' id='word_1_277' title='bbox 1227 3638 1282 3700; x_wconf 92' lang='lat' dir='ltr'>ad·</span> 
     </span>
     <span class='ocr_line' id='line_1_31' title="bbox 70 3729 1102 3824; baseline 0.009 -33"><span class='ocrx_word' id='word_1_278' title='bbox 70 3729 196 3808; x_wconf 77' lang='lat' dir='ltr'>munuc,</span> <span class='ocrx_word' id='word_1_279' title='bbox 216 3751 317 3815; x_wconf 89' lang='lat' dir='ltr'>neque</span> <span class='ocrx_word' id='word_1_280' title='bbox 340 3735 462 3798; x_wconf 89' lang='lat' dir='ltr'>omniuo</span> <span class='ocrx_word' id='word_1_281' title='bbox 483 3755 574 3817; x_wconf 87' lang='lat' dir='ltr'>prava</span> <span class='ocrx_word' id='word_1_282' title='bbox 594 3735 657 3798; x_wconf 77' lang='lat' dir='ltr'>Arii</span> <span class='ocrx_word' id='word_1_283' title='bbox 678 3735 813 3800; x_wconf 87' lang='lat' dir='ltr'>doctrina</span> <span class='ocrx_word' id='word_1_284' title='bbox 833 3736 978 3802; x_wconf 85' lang='lat' dir='ltr'>imbutum</span> <span class='ocrx_word' id='word_1_285' title='bbox 999 3738 1102 3824; x_wconf 82' lang='lat' dir='ltr'>luisse.</span> 
     </span>
    </p>
   </div>
   <div class='ocr_carea' id='block_1_5' title="bbox 70 4018 1372 4636">
    <p class='ocr_par' dir='ltr' id='par_1_6' title="bbox 70 4018 1372 4636">
     <span class='ocr_line' id='line_1_32' title="bbox 70 4018 1316 4090; baseline 0.011 -29"><span class='ocrx_word' id='word_1_286' title='bbox 70 4018 122 4090; x_wconf 61' lang='lat' dir='ltr'>opali</span> <span class='ocrx_word' id='word_1_287' title='bbox 143 4019 199 4068; x_wconf 81' lang='lat' dir='ltr'>liter</span> <span class='ocrx_word' id='word_1_288' title='bbox 220 4023 347 4072; x_wconf 72' lang='lat' dir='ltr'>remaclus.</span> <span class='ocrx_word' id='word_1_289' title='bbox 384 4021 453 4072; x_wconf 82' lang='lat' dir='ltr'>Colb.</span> <span class='ocrx_word' id='word_1_290' title='bbox 481 4031 505 4073; x_wconf 93' lang='lat' dir='ltr'>et</span> <span class='ocrx_word' id='word_1_291' title='bbox 529 4023 575 4072; x_wconf 84' lang='lat' dir='ltr'>les.</span> <span class='ocrx_word' id='word_1_292' title='bbox 594 4020 643 4071; x_wconf 81' lang='grc' dir='ltr'>τοῦ</span> <span class='ocrx_word' id='word_1_293' title='bbox 730 4038 753 4086; x_wconf 79' lang='lat' dir='ltr'>g.</span> <span class='ocrx_word' id='word_1_294' title='bbox 770 4023 818 4072; x_wconf 77' lang='grc' dir='ltr'>καί</span> <span class='ocrx_word' id='word_1_295' title='bbox 839 4024 907 4076; x_wconf 85' lang='lat' dir='ltr'>deest</span> <span class='ocrx_word' id='word_1_296' title='bbox 931 4024 954 4072; x_wconf 88' lang='lat' dir='ltr'>in</span> <span class='ocrx_word' id='word_1_297' title='bbox 979 4023 1077 4074; x_wconf 85' lang='lat' dir='ltr'>Tauria.</span> <span class='ocrx_word' id='word_1_298' title='bbox 1104 4031 1128 4074; x_wconf 91' lang='lat' dir='ltr'>et</span> <span class='ocrx_word' id='word_1_299' title='bbox 1152 4025 1196 4074; x_wconf 85' lang='lat' dir='ltr'>lea.</span> <span class='ocrx_word' id='word_1_300' title='bbox 1232 4025 1282 4074; x_wconf 93' lang='lat' dir='ltr'>lbi·</span> <span class='ocrx_word' id='word_1_301' title='bbox 1313 4051 1316 4058; x_wconf 93' lang='lat'>·</span> 
     </span>
     <span class='ocr_line' id='line_1_33' title="bbox 70 4078 1282 4156; baseline 0.012 -30"><span class='ocrx_word' id='word_1_302' title='bbox 70 4081 143 4130; x_wconf 74' lang='lat' dir='ltr'>aaron</span> <span class='ocrx_word' id='word_1_303' title='bbox 165 4078 247 4151; x_wconf 74' lang='grc' dir='ltr'><strong><em>λόγος</em></strong></span> <span class='ocrx_word' id='word_1_304' title='bbox 269 4089 294 4151; x_wconf 76' lang='grc' dir='ltr'>β.</span> <span class='ocrx_word' id='word_1_305' title='bbox 337 4087 385 4140; x_wconf 88' lang='lat' dir='ltr'>Sed</span> <span class='ocrx_word' id='word_1_306' title='bbox 415 4097 592 4154; x_wconf 86' lang='lat' dir='ltr'>consequenter</span> <span class='ocrx_word' id='word_1_307' title='bbox 616 4105 643 4140; x_wconf 84' lang='lat' dir='ltr'>ea</span> <span class='ocrx_word' id='word_1_308' title='bbox 696 4089 750 4140; x_wconf 89' lang='lat' dir='ltr'>dem</span> <span class='ocrx_word' id='word_1_309' title='bbox 769 4091 867 4142; x_wconf 80' lang='lat' dir='ltr'>Tanain.</span> <span class='ocrx_word' id='word_1_310' title='bbox 886 4089 988 4140; x_wconf 85' lang='lat' dir='ltr'>etColb.</span> <span class='ocrx_word' id='word_1_311' title='bbox 1006 4085 1140 4156; x_wconf 77' lang='grc' dir='ltr'>γεννητόν</span> <span class='ocrx_word' id='word_1_312' title='bbox 1158 4091 1282 4141; x_wconf 86' lang='lat' dir='ltr'>mendose.</span> 
     </span>
     <span class='ocr_line' id='line_1_34' title="bbox 70 4151 1372 4232; baseline 0.006 -34"><span class='ocrx_word' id='word_1_313' title='bbox 70 4151 168 4228; x_wconf 69' lang='lat' dir='ltr'>ponenda</span> <span class='ocrx_word' id='word_1_314' title='bbox 187 4163 327 4232; x_wconf 47' lang='lat' dir='ltr'>ossenpatet</span> <span class='ocrx_word' id='word_1_315' title='bbox 344 4170 372 4206; x_wconf 86' lang='lat' dir='ltr'>ex</span> <span class='ocrx_word' id='word_1_316' title='bbox 391 4157 601 4220; x_wconf 80' lang='lat' dir='ltr'>praecedentibus.</span> <span class='ocrx_word' id='word_1_317' title='bbox 695 4157 749 4209; x_wconf 90' lang='lat' dir='ltr'>llox</span> <span class='ocrx_word' id='word_1_318' title='bbox 768 4159 823 4220; x_wconf 76' lang='lat' dir='ltr'>ltep.</span> <span class='ocrx_word' id='word_1_319' title='bbox 843 4159 940 4208; x_wconf 84' lang='lat' dir='ltr'>Tanrin.</span> <span class='ocrx_word' id='word_1_320' title='bbox 960 4157 1031 4208; x_wconf 85' lang='lat' dir='ltr'>Colb·</span> <span class='ocrx_word' id='word_1_321' title='bbox 1049 4158 1095 4207; x_wconf 86' lang='lat' dir='ltr'>les.</span> <span class='ocrx_word' id='word_1_322' title='bbox 1114 4167 1137 4208; x_wconf 88' lang='lat' dir='ltr'>et</span> <span class='ocrx_word' id='word_1_323' title='bbox 1155 4159 1220 4209; x_wconf 83' lang='lat' dir='ltr'>Er.l.</span> <span class='ocrx_word' id='word_1_324' title='bbox 1232 4151 1283 4206; x_wconf 77' lang='grc' dir='ltr'>τὸν</span> <span class='ocrx_word' id='word_1_325' title='bbox 1369 4213 1372 4220; x_wconf 27' lang='lat'><strong>¹</strong></span> 
     </span>
     <span class='ocr_line' id='line_1_35' title="bbox 100 4218 1253 4288; baseline 0.004 -20"><span class='ocrx_word' id='word_1_326' title='bbox 100 4231 117 4264; x_wconf 80' lang='lat' dir='ltr'>e.</span> <span class='ocrx_word' id='word_1_327' title='bbox 134 4229 207 4268; x_wconf 76' lang='lat' dir='ltr'>tom</span> <span class='ocrx_word' id='word_1_328' title='bbox 224 4236 293 4281; x_wconf 78' lang='grc' dir='ltr'>αντη</span> <span class='ocrx_word' id='word_1_329' title='bbox 312 4224 381 4274; x_wconf 86' lang='lat' dir='ltr'>deest</span> <span class='ocrx_word' id='word_1_330' title='bbox 399 4225 422 4274; x_wconf 91' lang='lat' dir='ltr'>io</span> <span class='ocrx_word' id='word_1_331' title='bbox 442 4225 512 4276; x_wconf 78' lang='lat' dir='ltr'>Collo.</span> <span class='ocrx_word' id='word_1_332' title='bbox 695 4223 745 4274; x_wconf 77' lang='lat' dir='ltr'>cod</span> <span class='ocrx_word' id='word_1_333' title='bbox 763 4223 830 4274; x_wconf 76' lang='lat' dir='ltr'>deod</span> <span class='ocrx_word' id='word_1_334' title='bbox 847 4218 938 4288; x_wconf 75' lang='grc' dir='ltr'><strong><em>λόγον.</em></strong></span> <span class='ocrx_word' id='word_1_335' title='bbox 975 4224 1002 4274; x_wconf 93' lang='lat' dir='ltr'>ln</span> <span class='ocrx_word' id='word_1_336' title='bbox 1021 4225 1091 4274; x_wconf 87' lang='lat' dir='ltr'>editis</span> <span class='ocrx_word' id='word_1_337' title='bbox 1109 4219 1159 4273; x_wconf 80' lang='grc' dir='ltr'>τόν</span> <span class='ocrx_word' id='word_1_338' title='bbox 1176 4225 1253 4276; x_wconf 82' lang='lat' dir='ltr'>deest.</span> 
     </span>
     <span class='ocr_line' id='line_1_36' title="bbox 99 4281 1283 4361; baseline 0.006 -27"><span class='ocrx_word' id='word_1_339' title='bbox 99 4283 115 4330; x_wconf 85' lang='lat' dir='ltr'>l.</span> <span class='ocrx_word' id='word_1_340' title='bbox 130 4285 223 4338; x_wconf 82' lang='lat' dir='ltr'>Tauria.</span> <span class='ocrx_word' id='word_1_341' title='bbox 242 4289 288 4340; x_wconf 88' lang='lat' dir='ltr'>les.</span> <span class='ocrx_word' id='word_1_342' title='bbox 308 4281 433 4357; x_wconf 72' lang='grc' dir='ltr'>ἀδελφοί.</span> <span class='ocrx_word' id='word_1_343' title='bbox 462 4293 527 4342; x_wconf 85' lang='lat' dir='ltr'>lolra</span> <span class='ocrx_word' id='word_1_344' title='bbox 545 4293 644 4345; x_wconf 77' lang='lat' dir='ltr'>Tauria.</span> <span class='ocrx_word' id='word_1_345' title='bbox 731 4293 755 4342; x_wconf 88' lang='lat' dir='ltr'>b.</span> <span class='ocrx_word' id='word_1_346' title='bbox 773 4293 830 4354; x_wconf 65' lang='lat' dir='ltr'>iles.</span> <span class='ocrx_word' id='word_1_347' title='bbox 848 4291 946 4342; x_wconf 79' lang='lat' dir='ltr'>Taurin.</span> <span class='ocrx_word' id='word_1_348' title='bbox 972 4291 1039 4341; x_wconf 87' lang='lat' dir='ltr'>Colb.</span> <span class='ocrx_word' id='word_1_349' title='bbox 1069 4291 1114 4343; x_wconf 87' lang='lat' dir='ltr'>les.</span> <span class='ocrx_word' id='word_1_350' title='bbox 1128 4285 1283 4361; x_wconf 77' lang='grc' dir='ltr'>χριστομᾶ·</span> 
     </span>
     <span class='ocr_line' id='line_1_37' title="bbox 72 4345 1035 4430; baseline 0.032 -35"><span class='ocrx_word' id='word_1_351' title='bbox 72 4347 132 4430; x_wconf 56' lang='lat' dir='ltr'>ciffi}</span> <span class='ocrx_word' id='word_1_352' title='bbox 148 4345 184 4406; x_wconf 77' lang='grc' dir='ltr'>εἰς</span> <span class='ocrx_word' id='word_1_353' title='bbox 200 4349 371 4424; x_wconf 73' lang='grc' dir='ltr'><em>τὴνῬώμην.</em></span> <span class='ocrx_word' id='word_1_354' title='bbox 398 4359 460 4408; x_wconf 88' lang='lat' dir='ltr'>Editi</span> <span class='ocrx_word' id='word_1_355' title='bbox 478 4354 646 4428; x_wconf 67' lang='lat' dir='ltr'>collapopdc</span> <span class='ocrx_word' id='word_1_356' title='bbox 692 4373 763 4427; x_wconf 67' lang='grc' dir='ltr'>κων·</span> <span class='ocrx_word' id='word_1_357' title='bbox 797 4360 860 4410; x_wconf 57' lang='lat' dir='ltr'>Edisti</span> <span class='ocrx_word' id='word_1_358' title='bbox 877 4350 1035 4424; x_wconf 53' lang='grc' dir='ltr'>θὲθμᾶἶων·</span> 
     </span>
     <span class='ocr_line' id='line_1_38' title="bbox 73 4413 1281 4494; baseline 0.007 -22"><span class='ocrx_word' id='word_1_359' title='bbox 73 4413 233 4494; x_wconf 51' lang='lat' dir='ltr'>‘toticipat</span> <span class='ocrx_word' id='word_1_360' title='bbox 258 4425 334 4476; x_wconf 79' lang='lat' dir='ltr'>l&#39;orro</span> <span class='ocrx_word' id='word_1_361' title='bbox 353 4427 471 4491; x_wconf 81' lang='lat' dir='ltr'>epistolae</span> <span class='ocrx_word' id='word_1_362' title='bbox 481 4427 587 4492; x_wconf 75' lang='lat' dir='ltr'>Dionysii</span> <span class='ocrx_word' id='word_1_363' title='bbox 595 4430 645 4479; x_wconf 85' lang='lat' dir='ltr'>llo·</span> <span class='ocrx_word' id='word_1_364' title='bbox 731 4429 747 4478; x_wconf 91' lang='lat' dir='ltr'>i.</span> <span class='ocrx_word' id='word_1_365' title='bbox 763 4417 964 4494; x_wconf 76' lang='grc' dir='ltr'><em>χριστομάχων</em></span> <span class='ocrx_word' id='word_1_366' title='bbox 987 4427 1054 4478; x_wconf 85' lang='lat' dir='ltr'>deest</span> <span class='ocrx_word' id='word_1_367' title='bbox 1078 4429 1102 4478; x_wconf 89' lang='lat' dir='ltr'>in</span> <span class='ocrx_word' id='word_1_368' title='bbox 1121 4429 1194 4481; x_wconf 87' lang='lat' dir='ltr'>Taor.</span> <span class='ocrx_word' id='word_1_369' title='bbox 1212 4421 1281 4480; x_wconf 74' lang='lat' dir='ltr'>Celb-</span> 
     </span>
     <span class='ocr_line' id='line_1_39' title="bbox 76 4488 779 4560; baseline 0.021 -30"><span class='ocrx_word' id='word_1_370' title='bbox 76 4494 126 4534; x_wconf 80' lang='lat' dir='ltr'>nant</span> <span class='ocrx_word' id='word_1_371' title='bbox 143 4488 203 4540; x_wconf 88' lang='lat' dir='ltr'>iutra</span> <span class='ocrx_word' id='word_1_372' title='bbox 222 4501 370 4544; x_wconf 88' lang='lat' dir='ltr'>memoratae</span> <span class='ocrx_word' id='word_1_373' title='bbox 394 4495 457 4546; x_wconf 88' lang='lat' dir='ltr'>band</span> <span class='ocrx_word' id='word_1_374' title='bbox 485 4497 567 4560; x_wconf 71' lang='lat' dir='ltr'>erigas</span> <span class='ocrx_word' id='word_1_375' title='bbox 586 4511 644 4560; x_wconf 85' lang='lat' dir='ltr'>pars</span> <span class='ocrx_word' id='word_1_376' title='bbox 697 4495 779 4546; x_wconf 86' lang='lat' dir='ltr'>lasuit.</span> 
     </span>
     <span class='ocr_line' id='line_1_40' title="bbox 73 4545 1230 4636; baseline 0.007 -34"><span class='ocrx_word' id='word_1_377' title='bbox 73 4550 207 4606; x_wconf 68' lang='lat' dir='ltr'>ademario</span> <span class='ocrx_word' id='word_1_378' title='bbox 225 4561 378 4624; x_wconf 85' lang='lat' dir='ltr'>praecedenti</span> <span class='ocrx_word' id='word_1_379' title='bbox 398 4570 498 4614; x_wconf 85' lang='lat' dir='ltr'>tractato</span> <span class='ocrx_word' id='word_1_380' title='bbox 518 4579 585 4614; x_wconf 87' lang='lat' dir='ltr'>num.</span> <span class='ocrx_word' id='word_1_381' title='bbox 603 4563 643 4614; x_wconf 84' lang='grc'>26.</span> <span class='ocrx_word' id='word_1_382' title='bbox 732 4563 754 4612; x_wconf 84' lang='lat' dir='ltr'>lt.</span> <span class='ocrx_word' id='word_1_383' title='bbox 773 4562 872 4636; x_wconf 78' lang='lat' dir='ltr'>Tauria.</span> <span class='ocrx_word' id='word_1_384' title='bbox 892 4561 959 4614; x_wconf 87' lang='lat' dir='ltr'>Colb.</span> <span class='ocrx_word' id='word_1_385' title='bbox 979 4555 1081 4619; x_wconf 70' lang='lat' dir='ltr'>lescle</span> <span class='ocrx_word' id='word_1_386' title='bbox 1099 4545 1183 4612; x_wconf 71' lang='grc' dir='ltr'><em>οὗτοι.</em></span> <span class='ocrx_word' id='word_1_387' title='bbox 1228 4595 1230 4604; x_wconf 69' lang='lat'>.</span> 
     </span>
    </p>
   </div>
   <div class='ocr_carea' id='block_1_6' title="bbox 1045 4644 1084 4696">
    <p class='ocr_par' dir='ltr' id='par_1_7' title="bbox 1045 4644 1084 4696">
     <span class='ocr_line' id='line_1_41' title="bbox 1045 4644 1084 4696; baseline 0 -20"><span class='ocrx_word' id='word_1_388' title='bbox 1045 4644 1084 4696; x_wconf 69' lang='lat'>8*</span> 
     </span>
    </p>
   </div>
   <div class='ocr_carea' id='block_1_7' title="bbox 0 0 1540 5056">
    <p class='ocr_par' dir='ltr' id='par_1_8' title="bbox 0 0 1540 5056">
     <span class='ocr_line' id='line_1_42' title="bbox 0 0 1540 5056; baseline 0 1"><span class='ocrx_word' id='word_1_389' title='bbox 0 0 1540 5056; x_wconf 95' lang='lat' dir='ltr'> </span> 
     </span>
    </p>
   </div>
  </div>
 </body>
</html>
