3118 5052
467 333 577 378 enarre
593 333 626 376 rr.
642 333 759 376 caram
774 333 909 376 amenas.
1228 316 1292 380 345

99 506 152 550 ease
169 495 195 548 et
212 503 291 548 numu
310 503 328 546 e
349 483 434 546 lactis
463 482 571 556 rebus,
600 481 654 544 sed
683 489 777 546 artem
805 483 924 544 meandi
945 491 1082 580 tanquam
1105 502 1122 544 a
1144 484 1380 564 magianum.

100 598 122 650 et
138 587 230 650 artillm
249 586 402 658 didicisse.
431 593 517 665 etque
539 584 585 646 ita
601 584 659 664 ipsi
681 585 759 658 uec,
783 604 871 665 quem
894 585 1069 664 magistrum
1092 584 1210 658 hebuit,
1232 585 1291 648 mi-

99 689 225 750 nistrasse.
279 687 358 750 Haec
390 686 469 750 enim
502 686 636 750 Asterius
671 686 831 767 Sophiste,
864 695 968 766 utpute
1000 686 1152 748 Christum
1186 687 1294 750 dactus

97 809 192 870 regan,
212 809 292 853 ausus
314 797 362 851 est
384 788 527 861 scribere,
550 787 673 850 minime
695 787 731 850 ad
755 807 789 848 ea
809 807 885 868 quae
900 787 969 850 inda
983 795 1151 867 sequuntur
1165 787 1294 850 absurda

98 891 234 954 accedeus.
273 891 346 954 llam
370 889 396 952 si
419 909 469 952 aas
491 890 610 974 creandi
633 899 733 970 puteat
753 889 866 963 duceri,
888 889 1007 956 rideant
1028 907 1067 950 nc
1088 890 1186 970 ipsum
1203 891 1293 954 etiam

97 991 172 1054 deum
195 1011 250 1056 nan
277 1001 379 1056 natura
408 992 462 1054 sed
490 1000 554 1054 arte
583 991 718 1074 opificem
749 1009 819 1054 ease
841 990 956 1064 dicant,
985 990 1026 1054 ita
1048 997 1082 1052 ut
1102 1009 1137 1052 ea
1158 991 1294 1055 facultate

96 1093 300 1174 principante
345 1093 474 1168 Deinde.
504 1093 531 1156 si
558 1093 612 1156 uei
639 1093 792 1174 Sapientia
820 1093 988 1156 facultatem
1010 1092 1131 1156 creandi
1152 1093 1294 1156 diacende

97 1197 256 1276 compararit,
277 1195 430 1278 quomoda
452 1196 598 1276 sapientia
613 1196 755 1277 appellari
770 1205 879 1276 potest,
900 1213 975 1276 quaa
990 1195 1126 1256 dncmica
1141 1193 1295 1274 indigeat?

98 1295 160 1367 Quid
177 1315 239 1360 raro
260 1298 326 1379 ipsa
349 1307 411 1360 erat
433 1307 590 1376 antequam
612 1296 764 1360 disceret?
784 1297 846 1360 Nec
860 1297 939 1358 enim
956 1296 1103 1378 sapientia
1125 1307 1198 1368 erat,
1220 1315 1297 1376 quae

96 1396 205 1460 ductim
230 1419 303 1479 epus
331 1399 444 1462 habuit
487 1399 588 1462 lnauis
617 1417 725 1480 nempe
754 1409 784 1462 et
810 1417 900 1462 vacua
927 1417 978 1460 res
1006 1398 1102 1478 aliqua
1130 1397 1201 1470 luit,
1234 1415 1297 1460 nun

98 1499 392 1564 autemaubatantialie
415 1501 576 1580 sapientia,
607 1502 661 1562 sed
692 1500 855 1580 sapientiae
876 1519 986 1563 nemen
1008 1499 1192 1581 prolicienda
1215 1499 1296 1564 abti-

94 1598 159 1672 nuit‚
179 1619 245 1679 quae
266 1601 379 1666 tamdiu
399 1605 497 1666 lutura
520 1611 566 1666 est
588 1603 751 1683 sapientia,
782 1603 921 1682 quamdiu
943 1603 1023 1684 qued
1045 1601 1148 1665 didicit
1169 1619 1295 1664 conaer-

94 1707 176 1762 ratura
200 1709 252 1764 eal.
294 1703 370 1766 liam
398 1705 479 1785 quad
502 1705 609 1786 aliquis
631 1723 693 1767 nou
715 1707 820 1766 natura
842 1705 895 1767 scd
917 1705 1015 1768 stedia
1038 1712 1218 1784 consecutus
1240 1711 1296 1778 eat,

91 1797 114 1859 id
132 1799 273 1882 aliqmcda
294 1814 399 1888 pateat
417 1806 581 1869 dediscere.
624 1807 706 1870 llaec
726 1815 826 1872 auum
848 1807 884 1869 de
906 1807 960 1869 Dei
982 1807 1079 1868 Verba
1101 1807 1210 1879 dicere.
1234 1823 1296 1868 nen

40 1975 45 1986 ⁵
91 1904 203 1978 prolecta
224 1905 537 1972 Christianurmn'sed
558 1909 719 1972 Gentilium
741 1919 798 1971 eet.
882 1957 896 1994 ,ι

159 2109 205 2171 29.
246 2109 364 2172 Etenim
392 2111 419 2173 ai
447 2109 570 2174 facultas
599 2111 718 2173 creandi
740 2110 873 2174 docmina
895 2109 1061 2191 comparari
1073 2117 1187 2190 queat,
1216 2110 1295 2172 inri-

88 2203 153 2268 dian
168 2209 208 2272 rel
224 2211 311 2276 etiam
330 2211 560 2274 imbecilitatem
574 2213 664 2276 stulte
679 2213 709 2273 in
725 2213 818 2274 [teum
833 2211 987 2286 inducunt,
1010 2212 1148 2274 invidiam
1165 2211 1295 2292 quidem,

90 2307 144 2384 quia
164 2329 219 2374 nen
240 2314 351 2376 multus
372 2313 510 2378 docuerit
530 2315 648 2376 creandi
670 2323 775 2387 artem,
798 2323 831 2376 ut
852 2297 1099 2394 quemadmodum
1121 2315 1204 2376 multi
1220 2314 1297 2376 circa

88 2406 155 2471 illum
174 2421 241 2476 sunl
260 2409 437 2495 Archangeli
460 2424 489 2478 et
502 2417 616 2496 Angeli,
637 2417 679 2482 ita
701 2416 835 2479 etmulti
857 2424 959 2478 essent
979 2425 1140 2490 creatores,
1163 2415 1298 2478 imbecil-

89 2507 181 2574 tiaran
202 2534 288 2590 reru,
313 2516 465 2596 quianon
488 2517 572 2578 solua
594 2537 645 2579 res
666 2519 800 2597 potuerit
820 2519 936 2591 lacere,
959 2517 1014 2579 sad
1035 2517 1170 2580 adiutore
1192 2525 1222 2580 et
1243 2517 1299 2578 ad·

86 2611 205 2676 ministm
232 2637 310 2699 apua
341 2617 494 2693 habuerim
526 2637 705 2699 quamquam
732 2621 839 2682 iactam
865 2627 1000 2682 naturam
1023 2637 1040 2680 a
1062 2619 1128 2680 solo
1150 2619 1212 2680 lieo
1236 2619 1301 2686 lieri

85 2729 164 2790 passe
182 2727 339 2784 ostensum
361 2721 420 2782 iam
438 2731 495 2795 est,
517 2721 755 2800 quandoquidem
770 2719 873 2793 Filius,
897 2721 947 2800 qui
964 2729 997 2782 ut
1011 2727 1116 2800 putant
1130 2729 1180 2780 est
1193 2721 1299 2796 lectus,

85 2817 172 2880 aaulc
186 2819 246 2884 [len
269 2823 371 2902 potuit
392 2823 466 2886 lieri.
511 2823 619 2884 Verum
642 2821 721 2884 nulla
743 2841 776 2884 ra
798 2827 878 2883 certe
896 2839 972 2902 opus
988 2821 1079 2882 habet
1093 2820 1190 2890 Derrsa
1211 2819 1300 2884 absit

85 2915 141 2995 lpse
160 2923 235 2986 enirn
258 2925 349 2989 dixit:
382 2925 494 2988 Plenus
518 2944 595 2988 aum.
639 2925 701 2988 Nec
728 2923 798 2986 itere
821 2923 949 2986 Verbum
972 2923 1115 2984 discenda
1137 2923 1231 2984 lamus
1254 2929 1303 2984 eet

83 3031 199 3098 creator,
227 3027 281 3089 sed
312 3045 380 3090 cunr
408 3027 449 3088 ait
477 3027 574 3106 imago
597 3035 629 3088 et
649 3027 793 3106 sapientia
815 3026 930 3101 Patris,
959 3045 994 3088 ea
1015 3043 1091 3104 quae
1113 3031 1183 3087 sunt
1205 3023 1390 3086 Patriacum.

83 3121 168 3184 afficit.
210 3127 272 3191 Nec
293 3129 384 3192 etiam
406 3127 511 3191 Filium
534 3129 644 3192 crearit
663 3147 764 3190 rerum
787 3131 931 3190 factarum
954 3125 1174 3190 efficiendarum
1196 3133 1323 3202 eausar'

81 3239 194 3304 namque
212 3231 352 3310 quamvis
375 3231 482 3292 existat
501 3231 612 3305 Pilius,
635 3231 723 3294 Pater
744 3229 938 3292 nihilominus
960 3229 1029 3309 agit,
1053 3236 1086 3290 ut
1109 3229 1173 3308 ipse
1195 3227 1299 3292 dumi-

82 3339 135 3385 nua
150 3325 195 3390 lais
216 3331 318 3394 verbis
335 3331 438 3394 docet:
463 3332 556 3396 Pater
571 3351 653 3398 meaa
667 3353 764 3415 uapuc
777 3335 864 3396 made
882 3343 1040 3412 operatur,
1064 3343 1093 3394 et
1108 3350 1159 3411 epa
1176 3348 1299 3412 operer.
1400 3373 1409 3384 -

82 3423 219 3504 Quodsi,
248 3441 284 3502 ut
305 3435 436 3513 putatis,
458 3433 569 3496 idcirco
591 3433 684 3496 Filius
705 3435 800 3496 lactus
823 3443 885 3506 est,
908 3442 942 3495 ut
962 3453 1006 3504 ea,
1029 3452 1104 3512 quae
1125 3441 1196 3512 pest
1217 3433 1299 3500 illum

82 3527 205 3607 esistunt,
228 3536 423 3614 produceret,
448 3545 477 3598 et
499 3537 564 3622 ipae
587 3543 684 3598 tamen
706 3536 794 3598 Pater
815 3545 886 3615 post
902 3536 1012 3598 editum
1027 3535 1134 3596 Filium
1150 3544 1301 3614 operatur,

82 3644 248 3706 superuacua
271 3655 346 3699 sane
369 3644 416 3698 est
438 3637 609 3700 huiusmodi
626 3637 692 3699 Filii
715 3637 894 3718 procreatio.
939 3637 1097 3698 Praeterea
1113 3653 1165 3696 cur
1181 3651 1303 3712 quaeso,

81 3745 136 3792 eum
162 3752 219 3798 naa
247 3757 355 3800 creare
381 3739 483 3811 vellet,
520 3739 730 3800 intermedium
757 3739 884 3819 aliquem
912 3737 1059 3818 quaesiuit
1086 3735 1304 3806 administrum,

81 3835 153 3908 quasi
174 3838 290 3902 scilicet
314 3859 374 3902 nnn
397 3842 547 3902 sufficeret
569 3841 634 3902 eius
658 3841 793 3903 veluntas
816 3841 852 3902 ad
882 3857 917 3902 ea
932 3839 1114 3911 ¹allicienda,
1144 3855 1220 3916 quae
1242 3834 1305 3914 ipse

79 3931 218 4002 vuluerit?
240 3941 378 4005 Clamant
400 3942 510 4022 quippe
525 3943 713 4022 Scripturae:
739 3943 849 4005 Omnia
870 3959 1072 4025 quaecumque
1099 3938 1199 4001 ualuit
1218 3939 1301 4016 facit,

79 4085 164 4138 flthlcr.
189 4093 302 4144 Felrlrm.
326 4095 347 4144 l.
366 4103 388 4145 el
406 4097 430 4146 4.
448 4090 543 4144 namot
562 4085 664 4162 ἀρχάγ-
750 4111 773 4158 p.
792 4097 891 4157 sepulcr.
909 4090 1023 4159 γέγωνεν
1039 4085 1105 4145 uia'c·

74 4149 344 4225 rdeaaeutdyyctea
379 4163 424 4214 atti
444 4165 664 4214 eteditictiurnnr.
751 4157 1074 4218 nuicr'rnlamrnbtcplie.
1103 4159 1307 4208 conletatur.

75 4219 160 4273 πολλαὶ
176 4220 304 4292 ἄγγελοι.
717 4237 741 4280 et
759 4234 858 4290 sepner.
877 4225 968 4278 ditur
990 4221 1062 4295 ἡμᾶς
1084 4222 1184 4275 arinca
1221 4227 1309 4276 tillet

104 4305 123 4340 e.
141 4297 241 4357 Sagram.
270 4300 330 4358 ttae.
355 4298 453 4350 Gcbler.
473 4298 579 4348 lelrlrrn.
600 4298 665 4349 1.4.
691 4337 695 4358 ,
718 4298 775 4348 editi
793 4293 883 4344 atta»
899 4302 992 4345 κτίσαι

75 4357 278 4427 derivandae
312 4367 391 4416 Ceteri
410 4375 433 4415 et
451 4368 508 4415 editi
525 4362 665 4430 recludet.
752 4367 767 4418 i.
793 4369 893 4426 separer.
919 4365 974 4426 ltep.
1001 4363 1100 4415 contar.
1120 4371 1144 4411 et
1160 4361 1264 4412 Feleirm.
1284 4363 1307 4412 l.

76 4422 140 4502 lpus
165 4443 223 4493 „aar
241 4437 349 4491 sepner.
367 4435 465 4484 cotun.
484 4443 508 4484 aa
526 4435 665 4484 aarum.
718 4423 854 4498 ἃναῠιῷ.
891 4421 1204 4495 narrasrarrattvatap.
1233 4431 1307 4478 asaro

75 4489 148 4550 mia·
162 4493 221 4570 γὰρ
239 4487 311 4550 abre.
339 4503 382 4550 tlil
398 4491 584 4555 ete-datioeriric
600 4489 685 4553 eine·
737 4511 773 4551 nst
794 4505 892 4564 Seguer.
912 4492 1036 4561 tuaique·
1054 4493 1100 4548 arci
1118 4497 1157 4564 τῷ
1174 4493 1309 4626 γὰρέπ-

99 4565 117 4612 l.
132 4569 237 4632 sepner.
256 4577 284 4620 et
304 4568 410 4622 narare.
430 4571 452 4620 l.
471 4561 606 4630 decipere.
742 4563 826 4636 'picra
855 4569 1067 4620 Gauler.l⁴’elelm.
1082 4569 1102 4618 t.
1115 4567 1171 4618 etl.
1183 4559 1233 4614 inc
1264 4573 1308 4614 cc·
