3088 5024
436 331 552 378 cousns
565 331 784 376 ιιιιιιιιιιιιιιιι
799 331 887 376 unsa
902 332 934 374 u.
1220 323 1283 387 935

49 485 174 568 namin
193 485 253 548 boc
274 483 368 564 gratis
390 482 447 546 sita
468 483 534 546 luit.
571 483 630 546 llos
653 499 724 544 raro
746 475 816 544 duin
838 499 958 544 manem
981 483 1075 548 solam
1091 487 1371 566 coublemiui,e.ou.

48 605 149 667 nequo
169 587 282 668 peccam
303 585 525 648 damnationem
545 602 642 664 nequo
664 583 772 646 mortis
795 582 1023 648 dissolutionem
1052 605 1149 668 neque
1176 609 1282 656 resur-

48 689 192 752 rectionis
221 687 509 752 eonsummatiuuem
539 703 636 766 neque
665 684 754 747 llcrbi
781 684 1048 750 immutabilitatem
1076 689 1283 760 demonstrare

48 791 165 866 valada,
188 809 224 855 eo
246 791 326 870 quod
349 797 431 852 extra
454 806 553 852 sacras
576 787 743 868 Scripturas
765 788 938 868 evagemini,
962 807 995 852 ea
1015 789 1184 869 loquentes,
1207 812 1283 873 quae

48 893 153 956 Ariani
174 891 462 976 cavillantur,·cum
491 897 591 952 tamen
619 889 657 952 de
684 889 782 952 anima
810 897 912 971 aperto
941 891 972 952 iu
1003 892 1096 954 sacris
1120 893 1283 975 Scripturis

49 1013 154 1056 sermo
175 992 336 1066 habeatur,
352 1000 382 1055 et
403 992 578 1056 oeconomia
600 999 804 1056 consummata
827 992 866 1054 sit
888 959 1026 1058 exbiritis
1048 994 1187 1060 omnibus
1206 1017 1282 1060 eon·

50 1094 259 1160 summationis
280 1094 409 1157 indiciis.

139 1300 188 1362 18.
232 1288 329 1358 Porro
351 1296 570 1359 baereticorum
593 1295 641 1358 alii
665 1315 743 1370 eum,
767 1297 816 1378 qui
839 1297 921 1359 visus
945 1307 999 1370 est,
1022 1299 1197 1362 coufitentes
1215 1300 1280 1364 eius

50 1398 196 1462 divinitati
217 1417 280 1462 non
302 1399 435 1473 uadunt,
458 1398 507 1462 alii
528 1417 609 1472 vero,
623 1400 683 1490 ¹qui
705 1399 798 1462 Derim
821 1399 1011 1473 confitentur,
1034 1399 1131 1464 caruis
1147 1401 1211 1464 eius
1226 1421 1280 1482 ge-

50 1501 237 1565 nerationem
259 1510 378 1580 negant,
401 1500 460 1574 alii,
483 1501 533 1581 qui
556 1519 674 1564 earnem
697 1519 765 1564 cum
787 1499 939 1564 divinitate
960 1501 1147 1575 confitentur,
1170 1509 1282 1582 negant

50 1604 179 1666 animam
201 1605 266 1667 eius
289 1602 422 1666 extitisse
444 1603 616 1684 similesque
638 1602 759 1704 iurippis
780 1603 898 1680 Arimis
922 1603 1065 1678 eludunt,
1093 1604 1142 1684 qui
1164 1623 1279 1667 corrue·
1352 1659 1356 1668 .

49 1711 308 1768 austuriensis
331 1713 361 1768 et
383 1705 517 1784 obliquas
540 1705 785 1786 propositiones,
806 1713 841 1768 ut
862 1705 900 1768 de
921 1704 978 1766 illis
1001 1705 1192 1785 quaestiones
1214 1707 1279 1786 agi-

49 1806 140 1868 tando
162 1807 360 1887 simpliciores
381 1807 413 1868 in
435 1806 650 1869 dubitationem
672 1805 819 1878 iniiciant,
848 1805 918 1868 dum
946 1806 1004 1886 ipsi
1026 1807 1146 1868 interim
1167 1808 1199 1870 in
1221 1808 1280 1871 fide
1315 1863 1321 1872 .

48 1907 207 1972 haesitant.
250 1908 356 1973 itidem
379 1917 407 1970 ct
430 1909 488 1989 ipsi
509 1909 551 1971 ita
572 1907 655 1988 loqui
677 1907 823 1970 didicere:
846 1907 1046 1988 „Ecquisnam
1069 1907 1128 1980 ille,
1151 1907 1279 1988 quima-

50 2017 128 2084 „tus
151 2017 253 2072 estex
273 2008 389 2072 blariai
431 2010 562 2083 Deusne,
584 2028 622 2071 an
644 2007 787 2071 bomo?“
809 2016 844 2070 nt
858 2009 884 2072 si
905 2009 1024 2089 quidem
1043 2009 1154 2073 dixeris
1169 2010 1280 2086 Homo,

49 2111 117 2173 eius
139 2110 281 2174 divinitati
303 2094 392 2174 iidem
414 2129 474 2173 non
497 2110 620 2185 babeat,
654 2111 685 2172 iu
712 2111 772 2173 buc
798 2110 990 2174 consentiens
1019 2111 1195 2186 haereticis,
1229 2111 1281 2192 qui

48 2212 146 2275 eidem
168 2213 256 2276 fidem
277 2191 340 2276 nou
358 2212 500 2287 habuere,
522 2212 601 2292 quod
624 2212 651 2274 si
673 2211 784 2274 dixeris
798 2212 888 2286 Deus,
912 2212 975 2274 eius
997 2212 1093 2275 carnis
1109 2213 1281 2292 generatio-

48 2331 117 2376 nem
140 2324 228 2394 neget
248 2324 279 2378 et
300 2333 366 2378 cum
389 2314 557 2388 haereticis,
580 2314 631 2394 qui
653 2313 732 2376 illam
754 2322 872 2392 negant,
895 2297 1067 2376 abducatur.
1110 2313 1188 2376 Hinc
1208 2333 1279 2376 rur·

49 2399 134 2478 susis:
155 2415 255 2491 „Quis
278 2416 406 2496 est-qui
427 2434 538 2496 passus
562 2414 633 2478 asti
656 2416 792 2495 quisnam
808 2414 964 2477 crucifixus
987 2413 1055 2478 esti
1091 2415 1219 2488 Deusne,
1242 2434 1281 2478 an

49 2515 220 2590 „bomo?“
251 2526 283 2581 ut
311 2517 337 2580 si
365 2517 485 2597 quidem
515 2517 596 2580 dicas
623 2517 721 2590 Deus,
748 2515 955 2596 blasphemum
983 2516 1053 2596 quid
1081 2519 1216 2597 proferat
1243 2537 1281 2580 ox

48 2619 198 2682 sententia
219 2619 380 2700 impiorum
401 2616 589 2694 Arianodum,
612 2617 660 2682 sin
682 2626 781 2679 antem
795 2616 876 2677 dicas
892 2615 1000 2690 Homo,
1024 2634 1060 2677 ex
1074 2616 1191 2680 ludalca
1206 2637 1279 2681 seu-

47 2723 139 2784 tentia
160 2721 308 2802 loquatur.
352 2721 394 2783 Ea
421 2721 459 2784 de
488 2739 576 2784 causa
606 2727 725 2782 sauctae
747 2718 917 2798 Scripturas
939 2717 1067 2779 Verbum
1089 2717 1277 2780 ineffabiliter

48 2841 84 2884 ex
106 2823 196 2886 Patre
217 2822 311 2886 Deum
334 2841 403 2886 esse
426 2831 456 2884 et
477 2823 577 2902 ipsum
599 2820 739 2882 extremis
767 2817 954 2899 temporibus
977 2835 1012 2880 ex
1036 2817 1154 2897 Virgine
1175 2817 1362 2886 bonni-essa.

47 2941 117 2986 nem
141 2925 270 3004 genitum
294 2943 363 2987 esse
384 2923 571 3004 praedicant,
602 2929 635 2982 ut
663 2939 759 3000 neque
781 2920 861 2984 Deus
889 2938 950 2982 non
978 2919 1150 2982 crederetur
1180 2937 1277 2999 neque

47 3026 147 3088 caruis
170 3025 321 3106 generatio
344 3033 511 3104 negaretur.
556 3022 612 3084 Ubi
633 3031 731 3083 autem
755 3031 801 3083 est
821 3021 919 3082 caruis
940 3039 1072 3094 nomeu,
1095 3020 1205 3082 ibidem
1228 3009 1278 3082 io-

48 3127 107 3188 tius
130 3128 216 3189 adest
238 3125 396 3206 compositi
419 3142 562 3204 compago
585 3131 707 3203 excepto
729 3129 863 3202 peceato.
908 3119 946 3182 Et
966 3122 1002 3184 ad
1025 3139 1136 3184 nomeu
1159 3121 1278 3201 quidem

48 3227 181 3290 bominis
203 3228 374 3308 passionem
397 3227 554 3309 applicant,
577 3244 633 3288 nee
655 3225 730 3288 ultra
751 3223 993 3305 progrediuntur,
1015 3231 1049 3285 ut
1069 3224 1179 3304 ubique
1199 3224 1279 3286 seri-

48 3336 134 3409 ptum
156 3338 203 3392 est
225 3330 256 3390 in
278 3330 372 3391 saeris
393 3329 527 3392 Litteris.
570 3327 613 3390 Ile
642 3327 793 3388 divinitate
820 3334 918 3388 autem
940 3326 1028 3388 Verbi
1056 3323 1280 3388 immutabilita-

49 3439 109 3492 tem
142 3439 171 3492 et
199 3430 429 3494 ineffabilitatem
460 3431 648 3492 confitentur.
692 3428 823 3508 ideoque
852 3427 888 3489 dc
910 3428 1008 3490 Verbo
1037 3429 1156 3506 quidem
1188 3434 1220 3489 ut
1241 3426 1279 3488 de

47 3529 111 3594 Deo
134 3532 312 3611 loquuntur,
347 3533 480 3595 eiusdem
510 3551 579 3594 vero
609 3539 642 3592 ut
663 3531 792 3592 bominis
815 3529 1037 3609 generationem
1060 3535 1213 3598 enarrant,
1247 3535 1279 3587 ut

47 3633 128 3695 idem
151 3633 217 3713 ipse
239 3633 412 3696 naturaliter
434 3643 464 3696 et
484 3652 554 3696 vere
576 3643 734 3711 utrumque
758 3631 807 3703 sit,
829 3630 908 3692 Deus
925 3627 1044 3708 quidem
1060 3625 1156 3706 quoad
1178 3633 1277 3686 aeter-

45 3815 150 3884 μένσιι.
189 3820 241 3869 llox
259 3820 329 3870 Gobl.
344 3805 583 3870 corescumbam
595 3801 638 3866 αὖ.
723 3816 748 3866 b.
767 3815 865 3876 Segner.
883 3805 1052 3862 παὶτιῦιιν.
1089 3811 1151 3862 sliu
1168 3802 1280 3860 aoiso'u.
1358 3815 1366 3824 '

80 3903 105 3950 g.
126 3889 226 3946 Segusr.
245 3877 290 3934 ba
307 3880 356 3936 ἴᾰν
371 3881 424 3952 μὲν
441 3879 510 3952 εἴπῃ.
541 3886 640 3937 Gobler.
691 3884 750 3934 lbid.
770 3882 860 3944 buglis.
880 3871 920 3930 ἴπ’
940 3873 1065 3946 ἐσχάτου.
1101 3871 1279 3945 ibidlrsnup-

46 3963 70 4004 et
88 3954 197 4004 solcum.
217 3955 238 4005 l.
258 3945 303 4002 ἴνα
321 3946 345 4004 εἴ
360 3949 412 4020 μέν
429 3946 499 4020 εἴπῃ.
537 3954 598 4004 Editi
618 3959 641 4002 et
691 3947 774 4001 stow
791 3947 869 4000 *deest
898 3950 922 3998 iu
949 3951 1046 4000 Goblsr.
1074 3955 1097 3996 et
1125 3945 1229 3996 Felelm.
1256 3947 1279 3996 1.

46 4023 139 4072 caeteri
157 4037 216 4072 mss.
235 4013 281 4069 ἴνα
298 4015 347 4071 ἐὰν
369 4017 422 4088 μὲν
445 4015 549 4071 εἴπωσι.
589 4021 641 4071 blox
691 4021 743 4068 bos
762 4021 861 4080 Seguer.
881 4017 978 4069 Goblss.
1003 4025 1027 4066 et
1050 4013 1191 4065 isicium.
1209 4007 1279 4080 μηδὲ

45 4091 150 4170 Segosa.
167 4083 295 4169 πρόηιᾳι.
334 4091 431 4141 Gobler.
450 4089 597 4170 etul‘elelsm.
618 4089 640 4167 l.
691 4080 756 4166 tisis
773 4076 922 4164 ducerer-:iffi
941 4077 1019 4152 μηδέ.
1054 4083 1116 4133 Editi
1133 4073 1280 4148 privaberis

44 4159 638 4290 ἴιῖἴνῖἴιιῖαιὶῖσξὼὲιῖιῖιῖἴῖζἴῖιῖιῖιῖἴθῖἴινωῖἴεἴιριῖ]
692 4154 994 4284 ιωῆαπδηιζιῖοἴυ]ἴίεἴιῖιΙιιι.
1025 4226 1049 4267 ει
1074 4215 1222 4267 Fabiani.
1250 4208 1281 4266 ἴν

44 4294 149 4344 Gobler.
168 4301 192 4342 et
210 4291 319 4344 isicius.¹
337 4295 358 4344 l.
383 4286 407 4344 εἴ
424 4284 452 4340 d’
472 4285 541 4360 einp.
578 4293 639 4343 Cae·
690 4281 792 4342 πᾶσαιι
809 4287 870 4342 ταῖς
887 4281 968 4353 ἁγίας
973 4283 1116 4403 lpnp'uic.

44 4363 91 4410 teri
112 4375 168 4410 cum
187 4361 257 4410 editis
274 4353 323 4410 ἐὰν
343 4355 373 4410 δὲ
390 4353 512 4411 εἴπωσιν.
548 4360 641 4411 ibidem
726 4359 747 4408 Ιι.
766 4348 934 4420 διιιιιι.δὲῖ
954 4369 971 4402 α
990 4367 1036 4408 τις
1053 4353 1209 4418 ανθριιπσς.
1228 4351 1283 4403 llox

45 4429 150 4492 Segosa.
169 4423 332 4493 φθέγξηται.
376 4430 472 4482 Gobler.
493 4437 517 4479 et
534 4429 641 4478 Felcltm.
691 4425 764 4477 basil.
783 4425 882 4488 Seguer.
901 4423 999 4474 Gobler.
1024 4429 1048 4470 et
1065 4421 1170 4470 Fslcltrn.
1192 4419 1212 4472 Ι.
1236 4413 1283 4468 stol

49 4497 72 4546 l.
100 4494 260 4561 φθέγξεται.
304 4497 367 4549 Editi
391 4506 415 4550 et
438 4498 526 4550 caeteri
553 4491 642 4562 φθέγ-
693 4485 837 4554 ἀληθινῶς.
873 4491 935 4542 Editi
958 4484 1005 4566 ιιιιῖ
1028 4479 1164 4549 ἀληθινός.
1206 4488 1282 4566 iidem

44 4561 160 4620 ξωνται.
693 4577 752 4614 mss.
767 4561 834 4616 iutra
856 4557 889 4628 τῇ
906 4569 1032 4624 rovenses
1048 4555 1097 4623 τῆς
1112 4567 1265 4628 γυναικοπ-
