3128 5052
471 313 705 358 antonomum
721 312 917 356 samrroneu.
1059 317 1064 326 ·
1249 296 1307 360 721
1358 342 1399 354 .,

54 477 134 540 est,
166 485 231 531 non
254 465 354 541 multi,
387 483 484 546 neque
513 484 548 527 ex
571 461 786 538 multisonus,
816 463 869 526 sed
901 409 984 528 solus
1011 465 1078 546 ipse
1101 465 1231 546 Spiritus
1254 473 1411 538 estnon„

57 571 150 643 Quia
177 570 258 632 enim
278 561 359 631 ¹unm
382 577 428 631 est
450 567 558 641 Filius,
588 567 638 648 qui
661 575 691 629 et
711 568 813 628 vivens
837 575 884 628 est
905 567 1050 641 Verbum,
1079 587 1169 632 uuam
1192 587 1310 648 quoque
1425 573 1427 578 '

60 691 145 734 esse
170 689 298 733 necesse
321 678 369 758 est
389 671 550 750 perfectam
573 679 602 731 et
622 669 757 749 plenam,
781 645 1012 730 sarr‘euttcamem
1035 678 1065 730 et
1085 670 1335 746 illuminantem·

60 775 227 835 viventem
250 772 314 833 eius
338 771 497 833 efficaciam
525 779 555 833 et
576 771 705 846 danum,
734 769 814 848 quod
843 787 879 830 ex
899 769 987 832 Patre
1009 771 1171 850 procedere
1193 772 1311 848 dicitur,

63 877 144 956 quia
168 895 206 937 ex
228 857 336 947 Verba,
359 874 439 954 quod
462 893 497 935 ex
519 873 607 935 Patre
636 890 705 934 esse
734 871 923 944 conceditur,
953 871 1073 950 effulget
1095 881 1125 935 et
1146 873 1181 935 ab
1205 874 1310 936 eodem

65 977 208 1040 mittitur
229 995 263 1038 ac
284 975 381 1038 datur.
417 975 524 1037 Filium
546 974 667 1055 quidem
682 993 699 1035 a
714 971 800 1036 P'atre
815 974 892 1035 mitti
908 973 1098 1036 rarissimum
1120 982 1177 1048 est,
1198 985 1231 1038 ut
1245 978 1312 1056 ipse

64 1080 119 1142 liis
144 1079 247 1140 verbis
272 1067 413 1140 testatori
429 1059 488 1140 'Sic
509 1078 592 1140 Dens
616 1077 721 1139 dilenit
742 1077 904 1154 nundum,
935 1087 970 1138 nt
992 1074 1103 1140 Filt'ettn
1128 1097 1220 1140 snum
1240 1083 1312 1140 nni-

67 1183 214 1262 gennem
234 1184 378 1244 mitteret.
421 1179 471 1242 Sic
493 1178 581 1240 otiam
602 1177 694 1240 Filius
716 1179 858 1259 Spiritum
883 1177 981 1241 mittit.
1031 1179 1069 1240 Si
1088 1179 1184 1252 enim,
1205 1179 1312 1259 inquit,
1422 1230 1425 1238 ,

70 1303 129 1365 epo
160 1283 282 1354 alnao,
303 1286 422 1344 mittam
443 1281 640 1344 Paracletum.
691 1281 783 1344 Filius
807 1281 943 1344 similiter
963 1281 1083 1343 Patrem
1105 1280 1247 1355 honorat,
1279 1289 1314 1343 ut

71 1386 145 1464 ipse
168 1383 224 1445 ait:
247 1383 309 1466 Epo
331 1393 359 1445 te
376 1383 554 1464 clarificavi.
599 1382 727 1464 Spiritus
751 1383 822 1446 item
837 1384 942 1446 Silium
958 1383 1097 1458 honorat,
1119 1391 1153 1446 ut
1168 1383 1245 1446 idem
1261 1383 1312 1445 it-

72 1487 136 1548 lius
160 1483 250 1548 dixit:
264 1473 338 1548 'itte
357 1504 404 1548 ne
427 1485 617 1566 clarificabit.
650 1484 753 1578 ¹Silius
776 1493 929 1566 praeterea
951 1486 1035 1549 dicit:
1063 1487 1148 1561 Quae
1170 1487 1314 1549 onde'oia

75 1587 186 1666 Patre,
211 1587 281 1650 laec
304 1587 415 1669 loquor
435 1587 612 1650 inmunda.
669 1586 797 1667 Spiritus
820 1598 918 1649 autem
941 1607 977 1650 ex
999 1587 1072 1650 Filio
1095 1606 1214 1668 quoque
1235 1588 1313 1650 acci-

75 1689 134 1770 pit.
180 1689 226 1752 De
246 1707 326 1765 mea,
356 1689 461 1768 inquit,
485 1693 610 1770 accipiet
631 1700 661 1752 et
682 1690 876 1752 annuntiabit
898 1691 994 1752 nadr'e.
1037 1691 1153 1754 Rursus
1175 1687 1268 1752 Filius
1277 1689 1315 1750 in
1427 1677 1433 1690 '

77 1791 205 1854 nomine
225 1791 323 1853 Patris
345 1790 434 1852 venit.
477 1791 521 1852 lta
543 1791 632 1854 etiam
655 1789 790 1872 Spiritus
813 1804 953 1864 sanetus,
976 1792 1072 1872 iuquit
1092 1791 1200 1868 Filius,
1231 1811 1315 1874 poem

79 1898 182 1958 mittet
204 1891 299 1956 Pater
325 1895 505 1956 innomine
525 1909 601 1954 mea.

171 2097 222 2159 21.
268 2095 341 2156 Cum
357 2095 446 2174 igitur
464 2095 591 2158 eundem
615 2093 751 2157 ordinem
773 2095 956 2177 eandemque
971 2105 1106 2160 naturam
1120 2097 1229 2161 habeat
1244 2098 1316 2179 Spi-

82 2199 161 2260 ritus
183 2215 253 2277 erga
274 2195 396 2270 Filium,
420 2198 537 2276 qualem
559 2195 652 2260 Filius
675 2215 744 2278 erga
766 2197 903 2272 Patrem,
927 2218 985 2278 qua
1006 2217 1118 2280 quaeso
1140 2201 1258 2262 rationo
1277 2200 1315 2278 is,

85 2299 136 2381 qui
158 2299 303 2380 Spiritum
324 2307 458 2361 sanctum
481 2317 545 2360 rem
568 2307 695 2360 mentam
719 2317 788 2382 esse
810 2299 978 2374 contendit,
1011 2319 1072 2362 non
1101 2300 1179 2364 idem
1207 2321 1316 2365 neces-

87 2401 167 2463 sario
190 2401 227 2462 de
247 2399 322 2461 Filio
345 2399 477 2462 sentiet?
519 2400 593 2462 llam
616 2400 643 2460 si
665 2397 731 2460 Filii
751 2399 885 2478 'Spiritus
915 2419 965 2462 res
995 2409 1041 2486 est
1062 2411 1177 2478 creata,
1206 2421 1317 2465 canse-

87 2521 181 2583 queus
214 2510 259 2563 est
287 2510 320 2562 ut
347 2510 377 2561 et
398 2499 528 2563 Verbum
557 2499 653 2563 Patris
685 2519 748 2562 rem
777 2510 903 2562 creatam
933 2521 1002 2563 esse
1030 2503 1186 2565 fateantur.
1238 2503 1318 2566 llaec

87 2621 194 2683 nempe
223 2601 334 2682 opinati
355 2602 457 2664 Ariani
484 2603 515 2665 in
544 2601 673 2682 Caiphae
694 2599 875 2663 Iudaismum
904 2601 1017 2682 delapsi
1046 2613 1126 2665 sunt.
1171 2604 1204 2665 Si
1224 2623 1316 2683 porro

89 2703 134 2778 hi,
162 2703 211 2785 qui
235 2703 271 2765 de
294 2701 406 2783 Spiritu
429 2705 503 2765 haec
523 2703 634 2766 audent
661 2702 777 2777 dicere,
809 2703 871 2763 Arii
900 2702 1077 2764 sententiam
1105 2705 1182 2765 tucri
1209 2705 1401 2780 nolintrmn.

90 2805 152 2870 ems
175 2825 246 2886 erga
268 2805 357 2867 verba
379 2823 498 2886 quoque
519 2805 650 2886 fugiant,
679 2823 735 2866 nec
765 2803 846 2884 impii
870 2803 931 2866 sint
952 2803 982 2866 in
1005 2803 1148 2885 Spiritum
1171 2815 1315 2868 sunctum.

90 2907 162 2968 Nam
183 2905 339 2978 millius,
362 2907 412 2986 qni
434 2908 465 2970 in
486 2907 574 2970 Patre
597 2916 654 2981 est,
676 2906 707 2967 in
730 2925 789 2986 qno
812 2906 900 2968 etiam
923 2913 970 2968 est
991 2905 1094 2982 Pater,
1117 2924 1179 2968 uon
1201 2915 1247 2969 est
1268 2925 1318 2970 res

92 3016 202 3083 creata,
231 3009 284 3072 sod
305 3008 403 3070 Patris
427 3007 609 3071 substantiae
631 3007 773 3088 proprius
796 3017 857 3083 est,
892 3008 973 3088 quad
996 3015 1025 3070 et
1044 3027 1099 3070 ros
1122 3010 1319 3086 asseveratis3
1429 3045 1434 3054 ·

93 3111 131 3172 ita
152 3118 182 3172 ct
202 3109 344 3191 Spiritum
367 3119 518 3182 sanctum,
549 3112 600 3191 qui
629 3111 660 3172 iu
681 3111 758 3174 Filio
780 3119 827 3172 cst
849 3111 931 3172 etin
953 3127 1012 3190 quo
1035 3110 1128 3173 lilius
1149 3119 1213 3186 est,
1241 3112 1320 3174 inter

93 3229 143 3274 res
163 3219 274 3274 meatim
296 3211 441 3274 collucere
463 3221 515 3275 eut
535 3229 552 3274 a
574 3213 671 3274 Verba
694 3212 825 3284 dividere
851 3221 938 3292 atquc
960 3213 1001 3274 ita
1022 3211 1225 3293 imperfectam
1248 3215 1320 3277 l'ri-

94 3311 211 3376 nitatem
239 3313 364 3376 reddore
390 3315 475 3382 nefas
505 3315 626 3378 omniuo
661 3315 759 3378 fuerit.
805 3315 864 3378 Sed
887 3315 959 3377 satis
982 3315 1022 3377 sit
1042 3299 1319 3398 hactenus'l'ropi-

95 3433 192 3477 corum
214 3407 396 3496 impietatem
419 3435 454 3478 cx
477 3417 641 3496 ignorantia
664 3427 758 3482 ortam
782 3417 971 3498 coarguisse,
1000 3435 1059 3498 qun
1087 3419 1223 3480 videlicet
1243 3419 1320 3480 Pro-

96 3517 197 3597 phetae
220 3526 250 3578 et
270 3517 406 3598 Apostoli
428 3518 517 3580 rerba
540 3520 765 3600 explicaremus,
792 3539 919 3602 quorum
941 3519 981 3580 illi
1005 3537 1129 3580 sensnm
1151 3519 1321 3579 adulteran-

98 3627 140 3680 tes
161 3618 278 3698 seipsos
308 3619 338 3680 in
367 3639 501 3682 errorem
528 3621 719 3684 induxerunt.
763 3621 824 3683 lam
854 3639 925 3684 nero
954 3620 1083 3682 seorsim
1116 3618 1320 3698 inspiciamus,
1383 3641 1390 3655 ·

98 3737 237 3799 quaenam
258 3719 289 3792 in
312 3720 418 3783 divinis
441 3721 603 3804 scripturis
625 3723 662 3784 de
684 3723 798 3804 Spiritu
821 3730 925 3784 sancta
949 3721 1026 3782 dicta
1048 3710 1168 3794 fuerint,
1190 3739 1225 3782 ac
1245 3719 1342 3822 velut·

131 3956 152 4003 p.
175 3939 215 3990 Sic
239 3940 296 4003 lies.
316 3941 338 3990 1.
366 3941 507 4003 Sepuerien.
533 3941 631 3992 Gobler.
657 3950 681 3992 et
766 3943 790 3991 h.
809 3941 850 3991 Sic
868 3941 924 4002 lien.
944 3942 966 3990 l.
985 3948 1008 3990 et
1026 3941 1125 4002 Seguer.
1162 3938 1188 3988 ln
1207 3939 1260 3990 aliis
1279 3953 1322 3988 eu·

100 4009 197 4058 felclm.
217 4009 254 4068 l.‚
279 4011 318 4072 qui
338 4019 417 4061 tamen
436 4009 535 4060 Gobler.
554 4017 577 4059 et
595 4010 680 4059 Felclr·
731 4017 782 4059 tem
808 4017 832 4059 et
856 4009 988 4058 edificari.
1009 4001 1023 4054 d
1042 4009 1117 4058 deest.

100 4077 174 4126 manni
194 4076 215 4126 l.
240 4077 346 4142 portin
370 4091 414 4140 pro
439 4077 556 4143 φρονεῖν
584 4079 681 4126 hebent.
767 4079 782 4127 i.
802 4077 859 4139 fleg.
880 4078 901 4125 t:
921 4068 1053 4144 τροπικὴν
1071 4066 1238 4152 θυςφημὶαν.
1272 4071 1324 4152 ⁸3⁰3

101 4145 141 4194 llil
157 4159 210 4194 raro
229 4153 253 4194 et
271 4147 326 4195 editi
345 4146 381 4196 sic
405 4144 507 4196 hebent:
534 4137 563 4193 a'e‘
577 4139 630 4211 μὲν
646 4138 682 4192 τὰ
733 4145 791 4206 ling.
812 4145 834 4194 l.
858 4141 1051 4206 Separenliasil.
1070 4134 1140 4189 aden
1163 4139 1220 4188 aad
1255 4153 1324 4187 nora
1378 4163 1383 4172 ·

97 4205 190 4277 Ἀρείου
207 4205 544 4279 μὲνπροςποιούμενοιμὴ
599 4213 681 4268 ονεῖν,
734 4205 769 4260 τὰ
787 4205 817 4260 ἐν
834 4211 896 4264 ταῖς
912 4219 957 4260 ete.
992 4209 1083 4270 luglic.
1103 4207 1190 4270 liepl.
1208 4206 1323 4257 etOttob.

100 4273 157 4344 περὶ
173 4273 202 4331 dd
220 4279 269 4330 τοῦ
287 4275 392 4350 καιρὸς
416 4273 450 4328 τὰ
474 4273 544 4328 αὐτὰ
587 4293 684 4346 yeneno
734 4275 769 4328 τὰ
794 4271 864 4327 αὐτὰ
887 4270 949 4327 καθ’
975 4264 1059 4326 ἑαυτὰ
1082 4269 1117 4324 τά
1141 4285 1186 4326 etc.
1221 4277 1283 4325 liniti
1302 4283 1327 4326 et

103 4355 143 4398 etc.
182 4351 237 4412 fleg.
256 4347 280 4400 2.
310 4367 355 4414 pra
386 4342 492 4417 πατρός
519 4349 581 4398 bene
612 4352 683 4398 hebet
735 4350 807 4398 ceteri
827 4339 1081 4398 mestificati.
1120 4345 1325 4421 PaulopastGo·

101 4408 253 4482 antipater.
288 4419 378 4479 tegite.
397 4419 455 4466 item
479 4424 503 4465 et
519 4417 577 4479 ling.
595 4415 618 4466 2.
636 4431 682 4482 pra
734 4417 796 4466 litor.
815 4425 838 4465 et
856 4415 1040 4466 Felclrmennil.
1059 4407 1263 4478 διακρινομενοι
1281 4425 1325 4474 pro

103 4476 217 4533 τὰαῦτᾶ
235 4486 323 4536 habeut
340 4483 465 4534 sotadeo.
503 4485 562 4536 fnit.
582 4485 639 4548 lleg.
660 4485 682 4535 l.
734 4478 926 4550 διακρίνωμεν.
964 4480 1012 4546 [lle
1030 4482 1110 4530 verbis
1133 4474 1244 4548 δόκιμοι
1261 4491 1326 4546 spu·
1409 4533 1412 4540 ,

104 4560 128 4602 et
142 4552 236 4614 Segusa
255 4561 280 4603 et
297 4555 359 4603 inira
378 4544 508 4619 ῥημάτια.
631 4571 634 4582 ·
733 4549 841 4609 πεζῐιαι
858 4553 894 4604 rd.
913 4567 937 4617 p.
952 4551 1008 4602 109.
1027 4558 1077 4600 not.
1097 4543 1132 4614 e]
1183 4589 1186 4593 .

135 4637 259 4684 timulsti
272 4651 324 4685 orr.
338 4651 411 4685 noan.
423 4651 473 4684 sss.
937 4697 940 4704 ,
1090 4632 1125 4684 46
