3158 5050
502 345 610 390 omaro
626 345 664 388 rr.
681 345 798 390 eorraa
811 345 948 390 annuos.
1278 333 1341 396 649

105 511 169 564 eto.
212 497 270 560 lla'e
292 507 339 560 eet
360 513 452 558 oerore
474 495 558 558 Daue
581 505 610 559 et
631 499 696 560 or'to
716 505 851 560 aeterno.
895 496 998 577 ltaque
1025 498 1050 560 si
1072 497 1165 561 Filius
1194 507 1241 562 εει
1271 498 1427 575 vitamet.
1551 517 1556 530 ·

107 619 188 680 quae
209 599 250 660 sit
271 597 350 678 apud
370 598 500 671 Patrem,
523 615 590 660 oum
611 597 691 660 idem
712 597 841 660 loannes
863 597 955 662 dieat:
978 599 1017 662 llt
1036 598 1163 664 Verbum
1176 613 1246 666 erut
1259 603 1343 683 opud

108 701 225 773 Deum,
248 699 384 780 sequitur
405 709 438 762 ut
458 699 551 762 Filius
574 717 677 762 revere
699 700 739 762 sit
761 699 907 776 Verbum,
939 701 1018 781 quod
1041 709 1161 782 semper
1182 704 1259 786 apud
1280 703 1341 766 Pa·

108 813 190 866 trem
211 811 267 866 eet.
311 799 351 864 Ut
370 809 470 864 autem
491 800 584 864 Filius
606 801 734 864 Verbum
757 810 813 876 est,
837 801 877 864 ita
892 803 971 864 Deua
994 802 1061 881 ipae
1084 811 1131 864 eet
1150 803 1248 866 Pater.
1281 803 1341 868 Ce-

110 914 209 968 terum
237 903 330 967 Filius
359 903 524 968 seeundum
552 904 694 966 loannem
721 921 782 966 nou
812 903 909 966 solum
937 903 1035 978 Deua,
1065 905 1119 966 sed
1145 905 1225 968 lleue
1253 923 1342 970 remae

109 1014 169 1070 eet.
212 1005 286 1068 Nom
315 1013 348 1068 ut
373 1005 454 1069 idem
475 1006 604 1068 loaooee
633 1004 689 1068 ait:
716 1005 756 1069 dit
777 1007 859 1068 dieue
887 1016 955 1068 eret
980 1006 1120 1080 Verbum,
1149 1007 1242 1070 Filius
1269 1008 1341 1072 item

108 1108 198 1172 dioit:
228 1108 290 1189 tipo
313 1127 381 1172 auor
402 1112 476 1172 olto.
519 1109 622 1189 ltaque
644 1107 735 1170 Filius
759 1107 886 1171 Verbum
918 1117 948 1171 et
974 1109 1035 1170 rita
1056 1117 1104 1172 eet
1124 1110 1201 1192 apud
1222 1110 1341 1174 Patrem

109 1210 256 1272 existens.
299 1209 456 1274 Praeterea
484 1211 564 1291 quod
592 1210 671 1290 apud
693 1209 820 1272 eundem
835 1211 984 1274 ¹loannem
1006 1211 1129 1292 legitur:
1162 1211 1429 1292 Unlpenr'tuemee.

110 1311 211 1376 Filius
233 1315 286 1393 pur·
311 1323 357 1376 eet
378 1317 411 1376 ire
433 1318 503 1376 erbe
525 1313 645 1389 Pom'a,
679 1321 853 1392 argumento
882 1321 929 1376 εει
954 1313 1061 1377 Filium
1088 1331 1207 1396 eemper
1236 1315 1340 1378 loieee.

110 1414 210 1488 Quem
232 1413 312 1476 enim
333 1415 462 1477 loannes
483 1414 589 1478 Filium
613 1401 755 1496 append,
784 1415 910 1478 eundem
934 1415 1024 1478 David
1046 1435 1164 1480 manum
1187 1425 1273 1478 rorat
1293 1417 1342 1480 bie

110 1515 222 1578 Peelmi
244 1513 358 1578 verbis:
395 1515 434 1580 Ut
459 1517 532 1599 quid
559 1520 675 1579 ouertr'e
701 1533 825 1580 mortum
855 1527 939 1579 tuem
966 1528 997 1583 et
1025 1517 1343 1582 determinante

108 1618 209 1682 medio
231 1622 302 1680 ebro
324 1616 402 1682 tuo?
446 1617 646 1691 Quamobrem
675 1619 702 1680 ei
729 1635 836 1680 manus
858 1617 899 1680 eit
919 1617 950 1680 io
973 1618 1056 1692 aiau,
1087 1627 1118 1682 et
1138 1619 1231 1684 Filius
1254 1620 1342 1682 simi·
1446 1637 1450 1644 ·

109 1718 180 1782 liter
201 1717 242 1780 sit
263 1719 294 1780 iu
317 1719 401 1792 aino,
429 1720 496 1800 ipee'
518 1721 607 1799 igitur
627 1719 719 1782 Filiae
742 1728 789 1784 eet
809 1738 933 1791 manus,
963 1729 994 1780 et
1014 1738 1120 1782 manue
1140 1720 1272 1784 vicissim
1295 1729 1343 1783 eet
1398 1785 1408 1794 ,

111 1819 223 1893 Filius,
256 1839 420 1901 perquem
441 1822 531 1885 Peter
552 1821 653 1884 omnio
674 1821 752 1884 lecit
796 1822 870 1885 Nam
900 1841 1009 1884 moue
1032 1829 1103 1896 tuo,'
1132 1822 1242 1902 inquit,
1269 1821 1344 1902 feeit

112 1922 185 1984 bueo
208 1925 317 1993 meio,
341 1933 371 1984 et
391 1942 484 1986 mortu
507 1925 612 1986 eduarit
630 1923 788 2004 populum,
811 1941 919 2005 nempe
940 1943 995 2004 per
1016 1923 1133 1986 Filium.
1177 1923 1342 1988 llumueei

112 2023 186 2086 beer
206 2027 335 2088 bretolio
357 2025 643 2097 demoraturum,
665 2033 695 2088 ει
715 2029 749 2106 ,ιιι
769 2027 861 2107 fiuent
878 2045 939 2106 pro
961 2030 1016 2102 r‘r'e,
1039 2031 1093 2108 qui
1114 2027 1343 2090 commutabun-

110 2135 187 2198 tur,
211 2131 362 2192 meorum
379 2145 441 2208 pro
462 2125 598 2200 Dilecto·
620 2145 691 2190 rere
713 2145 785 2208 ergo
807 2127 871 2208 ipae
893 2127 1024 2190 Dilectus
1046 2147 1152 2192 manua
1174 2138 1236 2203 eat,
1268 2145 1343 2208 quae

109 2235 223 2290 mutata
245 2235 307 2302 est,
335 2228 372 2290 de
400 2247 460 2309 quo
488 2228 585 2292 diviua
614 2249 731 2310 quoque
754 2249 812 2292 rox
834 2230 889 2292 ait:
925 2229 981 2292 Hr'r
1003 2241 1049 2292 eat
1071 2231 1167 2294 Filr'ur
1189 2249 1271 2294 meur
1295 2232 1343 2293 dt-

113 2329 219 2394 leetue.
263 2329 345 2394 ldem
368 2330 458 2412 igitur
479 2341 526 2394 eet
546 2351 656 2396 moue
677 2351 743 2396 ereo
765 2339 795 2394 et
817 2332 864 2394 lu‘o
885 2344 932 2397 eet
953 2331 1050 2395 Filius
1071 2351 1166 2395 meua.

197 2639 249 2700 ut.
293 2635 389 2698 Porro
417 2635 486 2716 quia
513 2635 651 2698 nonnulli
679 2634 810 2716 imperiti
831 2633 938 2698 Filium
967 2653 1035 2698 εεεε
1065 2641 1207 2714 negemur
1240 2633 1342 2714 parri·

112 2737 248 2822 pendunt
267 2737 325 2800 ieta
345 2737 451 2800 rerba:
474 2737 523 2800 llo
543 2749 632 2802 utero
656 2749 729 2800 oete
743 2737 919 2818 duoe'serum
933 2740 1026 2818 perui
1047 2747 1083 2806 te,
1106 2755 1180 2814 quae
1202 2734 1343 2796 nimirum

113 2844 151 2904 do
171 2841 262 2904 llario
283 2839 387 2902 voluat
408 2839 546 2920 intelligi,
575 2839 716 2919 aiuntque
744 2857 813 2901 eum
835 2857 872 2900 ex
893 2838 983 2900 bieria
1005 2844 1074 2900 anto
1098 2835 1273 2899 matutinum
1295 2836 1340 2898 ei-

112 2945 170 3007 dee
192 2961 260 3006 εεεε
280 2940 429 3022 genitum,
459 2959 515 3002 neo
535 2939 598 3002 lleo
620 2940 740 3003 attribui
762 2958 855 3021 poseo
876 2948 1011 3014 uterum3
1041 2957 1135 3020 pauoa
1164 2940 1201 3001 de
1222 2937 1341 3000 bil'di·

113 3065 181 3108 oere
210 3045 306 3108 virum
338 3053 385 3106 est
411 3043 626 3106 neeeaeorium.
674 3042 776 3124 ltaque
805 3042 834 3106 εἰ
866 3061 902 3104 eo
931 3042 1011 3123 quod
1044 3051 1146 3104 uterue
1180 3041 1341 3104 humanum

113 3147 253 3228 ‹puiddem
275 3153 338 3220 eet,
365 3145 419 3208 Ilei
441 3145 569 3208 elieoom
599 3145 806 3220 maurulum,
835 3143 914 3208 baud
943 3143 1032 3207 dubie
1060 3163 1113 3206 eor
1139 3143 1210 3206 item
1232 3143 1342 3224 aliquid

112 3249 274 3314 humanum
296 3246 452 3328 signifieat
497 3245 556 3320 Qui
577 3247 656 3310 euim
679 3265 731 3308 eor
752 3247 857 3322 babet,
891 3255 1007 3310 uterum
1042 3265 1159 3327 quoquo
1182 3246 1245 3309 aire
1265 3263 1342 3309 ven·

113 3359 191 3414 trem
211 3349 319 3412 bobert
339 3365 463 3410 oeoeeee
485 3355 542 3422 eet,
565 3367 641 3428 quae
663 3347 722 3412 duo
745 3348 848 3429 utique
870 3349 1024 3412 bominum
1048 3347 1180 3412 membra
1200 3358 1286 3424 aunt3
1309 3365 1344 3410 ao
1387 3399 1395 3418 ,

113 3453 239 3533 proiade
259 3449 306 3513 rel
328 3458 486 3531 utrumque
509 3458 558 3512 εει
580 3449 763 3525 tollendum,
786 3450 831 3513 rel
853 3451 973 3530 quinam
995 3450 1036 3513 eit
1055 3451 1211 3530 utriusque
1233 3466 1344 3512 aeneus

114 3551 350 3632 investigandum
372 3559 428 3614 eet
472 3550 511 3614 Ut
532 3551 612 3614 enlm
635 3571 670 3614 ex
692 3551 784 3614 eorde
805 3549 906 3631 prodit
920 3551 1058 3626 Verbum,
1080 3550 1120 3613 ita
1136 3568 1172 3612 ex
1194 3557 1279 3612 utero
1295 3549 1343 3610 le-

116 3661 165 3716 tus
188 3653 292 3716 oritur.
336 3653 526 3733 Quapropter
548 3653 799 3734 quemadmodum
822 3673 889 3716 oum
912 3671 965 3715 eor
984 3652 1047 3714 Deo
1070 3650 1248 3723 attribuitur,
1270 3647 1346 3710 nibil

116 3754 279 3842 bumapum
299 3755 473 3835 cogitamus,
496 3754 586 3818 itaet
607 3755 760 3835 seriptum
782 3754 838 3818 bre
859 3754 1045 3816 dictionem
1058 3763 1147 3816 utero
1169 3749 1272 3823 utitur,
1293 3747 1343 3811 ni-

111 3915 137 3958 et
153 3905 292 3970 Seguerieo.
311 3902 356 3956 καὶ
381 3901 434 3969 ζωὴ
454 3899 469 3968 ἦ
489 3891 564 3956 or’roo.
601 3907 628 3957 lo
646 3907 701 3957 aliie
787 3907 811 3955 d.
830 3905 871 3956 Sir
889 3907 945 3968 fleg.
963 3914 987 3956 et
1004 3905 1103 3967 Segoer.
1138 3906 1166 3954 tt
1187 3903 1227 3953 alii
1246 3909 1270 3954 et
1287 3901 1346 3952 editl

114 3985 193 4026 eutem
212 3984 236 4024 et
254 3975 324 4026 editis
344 3968 358 4054 ᾗ
378 3978 454 4027 deest.
489 3977 549 4026 ltem
569 3977 626 4026 ibid.
646 3976 703 4038 lter.
754 3965 819 4039 ἐξῆγ
856 3987 890 4027 er.

114 4051 138 4094 et
154 4043 298 4105 Segrerieo.
315 4040 399 4092 uoltu
421 4038 451 4094 δὲ
473 4037 505 4092 ri
524 4035 553 4094 ἐν
571 4035 646 4108 edroi
663 4040 703 4108 τῷ
789 4057 810 4092 e.
864 4043 933 4092 abeat
950 4040 980 4090 ab
999 4039 1090 4102 boelio.

111 4101 222 4177 Ἰωάννῃ
241 4103 393 4180 εἰρημένον.
429 4112 470 4162 ste
493 4113 564 4163 etiam
588 4111 659 4162 besil.
680 4119 704 4162 et
789 4112 807 4160 l.
826 4111 885 4172 lies.
904 4101 946 4164 rb,
966 4089 1054 4159 οὗτος.

113 4179 213 4256 duplic„
231 4181 274 4230 aed
293 4181 385 4230 orniaeo
403 4172 493 4230 πάλιν.
529 4181 574 4231 etti
598 4187 623 4230 et
646 4179 704 4230 editi
789 4193 812 4240 e·
831 4178 903 4228 baril.
928 4186 952 4226 et
974 4175 1065 4237 boelio.
1082 4170 1264 4249 permittitur·
1276 4183 1345 4220 mtu-

114 4259 159 4296 ere
177 4239 191 4295 d
211 4237 294 4302 ebrie
307 4238 435 4308 Ἰωάννης
451 4242 542 4306 πάλιν,
757 4245 826 4296 dore.
860 4243 904 4296 etit
923 4253 947 4294 ot
965 4243 1038 4293 editio
1049 4241 1149 4307 ,comm
1167 4253 1187 4304 γ
1218 4237 1344 4298 werdae.

148 4364 169 4398 e.
187 4347 227 4398 sic
252 4349 309 4412 fleg,
329 4349 428 4412 sagn„¹
449 4349 520 4400 pnp-
541 4356 564 4398 ep
579 4347 703 4412 pnsum·
791 4314 814 4363 b.
833 4313 890 4374 lleg.
910 4313 1011 4374 Seguer.
1030 4319 1053 4359 et
1071 4307 1169 4358 Gobler.
1206 4298 1323 4366 eleuter.

115 4415 158 4464 etii
169 4431 224 4466 vero
244 4425 268 4467 et
283 4419 340 4468 editi
357 4413 429 4483 λέγει
443 4407 577 4476 Ἰωάννης·
613 4417 706 4494 ΜΕΝ,
757 4383 807 4499 mii.
821 4369 1137 4510 ablegdilittsiretglztt'pbdiezu
1147 4367 1345 4511 ἕξῖτναῗιοπα.

117 4481 172 4563 R‘sst
197 4491 220 4533 ⁰¹
245 4485 346 4548 ⁸⁰⁸¹¹⁸¹·
371 4480 468 4550 ivm
490 4481 585 4550 λέγων·
624 4483 706 4534 mm
793 4518 814 4566 tr.
834 4517 874 4566 Sie
899 4516 955 4578 lter.
974 4515 1074 4576 Segoer.
1093 4511 1166 4562 Beatl.
1185 4521 1209 4563 et
1225 4510 1350 4575 duellem.

112 4547 219 4616 “¹¹qu
235 4547 314 4617 λέγει·
758 4585 837 4634 Ceteri
855 4592 935 4634 artem
954 4590 977 4632 et
994 4581 1050 4632 editt
1064 4573 1142 4645 λέγει.
