3128 5052
379 369 383 376 ,
490 325 637 370 srssrons
651 325 683 368 rr.
700 326 736 368 so
752 325 948 370 senseronsu.
1258 312 1316 374 tsi

86 477 272 558 promtiores
295 494 364 538 esse
385 475 507 555 possint
528 495 594 536 oum
617 475 653 564 ad
675 474 805 537 breviter
827 475 1067 556 respondendnm
1091 477 1148 552 iris,
1171 479 1220 557 qui
1236 480 1404 558 ipsese-us

86 578 206 660 deiide
229 585 334 638 nostra
356 577 556 656 interrogant,
578 587 640 638 tum
663 572 831 657 ad'impios
852 577 1039 651 refutandum
1063 579 1091 638 id
1117 599 1171 658 rgo
1194 600 1229 640 eo
1252 599 1317 642 ma·
1370 567 1376 580 '

86 680 157 740 iore
179 679 284 740 fidncia
306 679 435 758 suscepi,
459 678 538 758 quod
561 696 627 738 enm
649 685 731 738 reeta
753 679 799 738 sis
820 678 971 757 praeditus
991 680 1181 754 conscientia,
1206 682 1318 760 siquid
1340 719 1344 740 .

2 781 10 790 ’
87 780 236 844 omissum
260 780 364 854 inerit,
393 787 424 840 tu
455 779 521 858 ipse
543 797 603 840 non
626 797 712 858 aegro
736 766 916 859 supplebis.‘
943 780 1043 842 Ariani
1067 783 1119 842 toti
1141 783 1177 842 od
1201 785 1320 864 seipsos

88 881 238 954 conversi,
262 881 393 959 nihilque
415 880 494 942 aliud
516 888 604 960 atque
626 878 705 958 quod
729 889 809 942 extra
831 882 914 959 ipsos
930 881 1060 960 positum
1077 890 1122 944 est
1137 903 1219 945 more
1242 873 1343 947 Sad-¹

88 983 271 1045 ducaeorum
294 982 472 1061 cogitantes,
507 979 634 1042 divinam
657 980 839 1061 Scriptorum
862 981 1000 1044 humanis
1022 983 1184 1046 rotiooiniis
1207 973 1319 1067 rupen·
1351 1026 1355 1037 .

88 1085 175 1146 dunt.
220 1085 292 1146 Cum
322 1084 412 1162 igitur
441 1082 545 1172 Filium
573 1081 670 1144 Petris
698 1083 889 1163 sapientiam,
922 1083 1111 1164 splendorem
1142 1095 1171 1147 et
1193 1088 1320 1150 Verbum

88 1205 161 1248 esse
182 1185 319 1258 audiunt,
342 1185 527 1265 percunctari
550 1184 663 1257 soient,
687 1190 736 1264 qui
758 1185 838 1246 istud
860 1187 959 1264 possit
981 1206 1064 1260 esse,
1094 1188 1179 1266 quasi
1200 1187 1230 1248 id
1253 1207 1320 1251 esse

88 1306 154 1360 nou
175 1289 289 1366 possit,
319 1286 397 1364 quod
427 1286 485 1366 ipsi
514 1286 678 1364 intelligere
701 1304 767 1346 non
798 1296 920 1366 queunt.
965 1287 1051 1350 Certe
1073 1289 1150 1350 idern
1173 1307 1321 1370 peraeque

88 1405 254 1468 possumus
277 1388 314 1450 de
336 1389 474 1450 universo
490 1387 602 1450 nruudo
620 1387 786 1466 inquirere:
810 1387 968 1460 Quomodo
983 1407 1043 1462 res,
1067 1407 1142 1468 quae
1163 1391 1319 1470 aliquando

89 1508 154 1552 non
176 1498 249 1564 erat,
269 1491 367 1570 potuit
388 1488 477 1552 sieri?
505 1489 679 1561 'Quomodo
701 1488 797 1567 pulvis
822 1497 917 1552 terrae
938 1491 1036 1569 potuit
1057 1491 1134 1554 effici
1156 1493 1246 1555 homo
1268 1513 1319 1556 ra-

91 1591 173 1652 tione
195 1589 372 1670 praeditus?
417 1591 575 1664 Quomodo
605 1590 684 1668 quod
714 1579 899 1670 eorrup'tioni
929 1590 1094 1654 subiectum
1124 1603 1184 1668 est,
1218 1595 1320 1656 incor-

88 1687 212 1772 ruptuiu
236 1692 299 1754 leri
321 1690 446 1771 potest?
491 1691 650 1766 Quomodo
665 1701 744 1754 terre
765 1709 857 1772 super
879 1692 971 1754 mario
993 1693 1112 1756 lundata
1135 1705 1191 1770 est,
1215 1705 1245 1758 et
1266 1717 1319 1758 su·
1423 1707 1425 1712 ’

89 1812 148 1873 per
175 1793 296 1856 iiumina
332 1791 516 1874 praeparavit
548 1811 613 1856 eam
641 1791 747 1856 Deus?
790 1792 924 1872 lienique
954 1793 1029 1856 nihii
1061 1794 1139 1858 eliud
1171 1805 1321 1876 superest,

90 1913 180 1974 quam
204 1904 237 1958 ut
258 1896 317 1976 ipsi
341 1896 398 1958 sibi
421 1895 534 1957 dicant:
562 1894 775 1958 Manducemus
798 1906 827 1958 et
849 1895 993 1968 itionum,
1018 1915 1086 1959 eros
1109 1897 1188 1959 essisu'
1207 1904 1322 1960 morte-

90 2015 173 2068 mer,
196 2006 229 2059 ut
248 1997 384 2060 videlieet
405 1997 552 2076 corruptis
575 1994 631 2058 iliis
655 1996 743 2058 simui
765 2005 972 2076 corrumpatur
993 1997 1097 2060 insana
1120 2017 1225 2062 eorum
1247 2000 1321 2062 isse-

90 2097 182 2160 resis.
246 2109 257 2184 J

179 2201 210 2263 2.
254 2199 333 2262 Nihil
354 2200 443 2278 igitur
465 2198 524 2262 nisi
546 2195 671 2264 mortale
702 2205 731 2260 et
749 2206 925 2278 corruptum
948 2209 994 2262 est
1014 2201 1046 2262 in
1069 2201 1124 2263 hae
1144 2203 1322 2265 Asianorum

90 2300 251 2362 sententio.
294 2299 332 2363 At
352 2299 484 2362 veritatis
508 2317 619 2373 sermo,
643 2317 729 2378 quem
752 2299 854 2379 utique
873 2299 941 2362 ilios
957 2301 1093 2364 meditari
1108 2302 1240 2377 decebat,
1263 2306 1322 2368 hu·

5 2419 12 2438 ,
90 2401 223 2464 iusmodi
245 2409 307 2462 est:
331 2401 364 2462 Si
386 2402 465 2474 lons,
487 2400 513 2462 si
535 2401 595 2474 lux,
618 2400 642 2460 si
664 2408 748 2478 pater
770 2409 818 2462 est
838 2400 929 2475 iieus,
956 2403 1039 2464 nelos
1061 2413 1142 2466 oerte
1164 2405 1244 2468 dictu
1267 2411 1322 2480 est,

91 2502 139 2563 vei
161 2503 273 2564 iontem
296 2503 411 2580 aridum
433 2502 479 2563 vei
499 2502 596 2564 iucem
618 2500 683 2562 sine
706 2499 866 2579 splendore
888 2501 933 2564 vei
952 2501 1045 2566 ileum
1067 2504 1133 2566 sine
1147 2505 1245 2568 Verbo
1261 2507 1324 2569 sive

90 2602 210 2664 rationo
231 2613 311 2677 esse,
334 2621 372 2665 ne
394 2602 528 2666 videlieet
550 2600 722 2681 sapientiae,
747 2600 872 2665 rationis
896 2610 926 2662 et
947 2603 1116 2682 splendoris
1133 2625 1239 2685 expers
1256 2626 1322 2668 ore-

92 2704 182 2767 dntur
202 2703 292 2770 Deus.
337 2706 439 2786 itaque
461 2703 530 2785 quie
552 2710 691 2765 aeternus
715 2710 762 2764 est
785 2702 889 2776 Pater,
913 2721 1038 2766 neeesse
1059 2713 1106 2772 ast
1127 2705 1232 2768 Filium
1254 2724 1324 2768 esso

93 2825 214 2888 quoque
236 2815 401 2870 aeternum.
446 2806 646 2883 Quaecunque
668 2803 746 2866 enim
765 2803 796 2866 in
812 2803 898 2866 Patre
913 2822 981 2866 esse
996 2804 1239 2881 intellexerimus,
1261 2825 1339 2876 nou,

93 2918 142 2970 est
164 2908 358 2970 dubitandum
381 2908 452 2989 quin
474 2907 549 2969 haee
570 2905 672 2968 eadem
696 2905 807 2967 sintin
830 2904 917 2979 Filio,
941 2923 1006 2968 eum
1029 2907 1252 2988 ipseiiominus
1275 2909 1323 2971 di-

93 3017 157 3070 oet:
182 3011 299 3088 Omnis,
323 3027 514 3092 quaeeunque
537 3008 625 3071 ledet
646 3006 747 3078 Peter,
769 3025 835 3070 mee
857 3017 944 3079 sunt,
968 3017 997 3069 et
1018 3027 1085 3072 mea
1105 3011 1205 3072 omnia
1218 3010 1408 3090 ,eruimur

94 3118 176 3174 suot.
220 3111 322 3191 itaque
344 3120 481 3198 aeternus
504 3118 551 3172 est
571 3110 674 3184 Pater;
705 3115 845 3170 aeternus
873 3109 944 3170 item
967 3119 1014 3172 est
1034 3111 1146 3186 Filius,
1177 3113 1325 3193 siquidem

92 3211 253 3293 perillum
275 3212 350 3275 laeta
373 3221 444 3274 sunt
465 3212 590 3274 sueonie.
635 3210 711 3274 Vere
733 3217 779 3272 est
795 3210 898 3286 Pater3
920 3230 990 3274 rere
1011 3232 1131 3294 quoque
1153 3215 1324 3278 necessario

94 3322 142 3378 est
162 3313 266 3387 Filius,
289 3317 342 3396 qus·
361 3325 523 3394 estsuper
545 3317 645 3376 omniu
666 3313 749 3374 Deus
772 3313 942 3376 benedictus
964 3318 997 3376 tu
1019 3315 1150 3388 sueonie,
1173 3335 1269 3389 omen,
1293 3325 1326 3379 ut

94 3416 135 3478 ait
156 3416 275 3478 Paulus.
320 3415 387 3478 Non
409 3415 478 3477 iioet
499 3414 535 3476 de
557 3414 645 3476 Patre
665 3413 779 3476 dieerm
801 3415 857 3477 luit
877 3414 1033 3496 aliquando
1056 3435 1123 3480 cum
1145 3436 1207 3480 non
1229 3424 1325 3492 esset3

94 3519 179 3580 nolas
202 3515 339 3578 similiter
361 3523 408 3578 est
429 3515 467 3576 de
480 3515 555 3578 Filio
578 3515 692 3578 dieere:
715 3515 771 3578 luit
785 3515 942 3596 aliquando
958 3537 1025 3578 oum
1041 3536 1100 3580 non
1124 3528 1215 3580 esset.
1250 3519 1325 3578 Om-

96 3617 238 3697 nipotens
262 3625 309 3678 est
330 3616 433 3692 Pater3
455 3617 647 3697 omnipotens
669 3617 756 3680 etiam
780 3626 827 3678 est
848 3617 950 3692 Filius,
973 3618 1085 3692 Ioanne
1107 3617 1239 3678 dicente:
1265 3616 1330 3689 Qus·

137 3805 153 3854 i.
174 3803 238 3854 liaeo
256 3802 326 3851 rerba
352 3793 490 3867 ὄπατὴρ,
519 3796 688 3868 ἀνάγκηκαὶ
738 3801 795 3850 editi
814 3801 913 3852 addunt.
948 3801 1000 3850 iios
1024 3803 1080 3852 item
1104 3802 1162 3863 iles.
1186 3799 1326 3876 Segoeripn.

96 3863 202 3926 totis,
231 3861 246 3917 d
265 3861 305 3916 ὤν
322 3869 409 3920 desunt
426 3872 449 3919 in
469 3869 525 3934 ileg.
545 3881 568 3920 et
585 3873 686 3932 segnes.
739 3868 836 3918 notter.
856 3877 880 3918 et
889 3867 994 3920 Felcism.
1005 3870 1028 3918 i.
1047 3869 1161 3920 omittunt
1177 3870 1247 3918 rerba
1264 3857 1328 3914 eudd

96 3940 188 3991 ibidem
212 3940 235 3988 in
254 3939 312 4002 lies.
330 3939 429 4000 Segner.
454 3953 483 3990 an
506 3940 575 3990 editis
599 3937 687 3988 scribi·
737 3927 783 3984 ἐπὶ
799 3930 871 3992 otoo,
890 3952 951 4001 quse
970 3939 993 3987 in
1011 3937 1065 3988 sliis
1082 3945 1106 3986 et
1124 3937 1194 3986 editis
1209 3934 1328 3984 habentur

97 3993 283 4060 tornielum,
302 4006 346 4056 sed
365 4005 476 4056 mendum
502 4015 553 4068 est,
578 4014 603 4057 ot
621 4006 687 4056 rido-
738 4011 795 4067 post
821 3998 867 4054 tart
888 3998 1000 4071 πατρός.
1045 4005 1112 4063 Quae
1129 4009 1264 4082 sequuntur
1280 3999 1328 4049 ibi·
1396 3997 1408 4031 't

96 4085 150 4138 tur,
174 4074 378 4138 seribendumque
402 4063 441 4122 ὥν
458 4065 534 4122 ἐστιν
552 4065 566 4122 ὅ
584 4065 685 4138 πατὴρ,
738 4074 794 4148 pem
813 4063 948 4152 diriperes
965 4063 1104 4122 slusialni
1118 4063 1188 4126 eloe,
1208 4055 1242 4128 ἦν
1249 4079 1327 4124 ποτε,

96 4152 123 4193 ut
146 4143 218 4205 erigit
241 4157 337 4192 seusus.
379 4135 519 4206 [Praetereo
545 4143 576 4193 ad
603 4156 687 4193 rocem
739 4151 786 4190 οτε
803 4131 851 4190 ote
869 4156 903 4201 ην
921 4157 948 4191 as
966 4155 1026 4191 mss.
1044 4139 1118 4202 liessio
1136 4137 1294 4190 restituimus.

97 4201 202 4288 ἀνάγκη
221 4211 245 4260 in
264 4209 372 4272 margine
391 4209 530 4261 adnototom
550 4218 600 4261 est:
625 4212 689 4262 torte
774 4225 795 4272 g.
813 4204 860 4257 stul
877 4209 945 4260 deest
962 4210 986 4258 io
1005 4207 1062 4269 itess.
1077 4208 1176 4270 Segoer.
1188 4205 1286 4258 Goblsr.
1305 4210 1330 4274 st
1378 4211 1381 4220 '

97 4270 223 4344 risurum]
259 4278 311 4328 idos
335 4279 391 4340 iter.
415 4276 517 4327 Seuer.
540 4278 639 4330 Goisler.
665 4287 690 4328 ot
739 4277 879 4330 tetelmi.
914 4275 1005 4326 ibidem
1025 4274 1124 4326 Gobier.
1142 4272 1288 4326 eti'oielor.
1305 4269 1329 4322 l.

96 4345 204 4397 Feielm.
225 4345 246 4395 i.
271 4347 361 4396 habent
384 4335 421 4397 uls
444 4291 518 4393 elem
541 4337 556 4391 ὅ
575 4341 688 4400 Παῦλος.
739 4341 867 4412 λέγοντος
883 4341 933 4392 τοῦ
947 4334 1092 4398 Ἰωάννου,
1112 4335 1126 4391 ὃ
1146 4333 1186 4392 ὧν
1203 4349 1248 4393 etr„
1283 4340 1329 4392 etit

3 4442 4 4455 ν
97 4413 143 4464 liii
160 4421 185 4464 et
202 4414 260 4464 editi
277 4400 604 4467 deshonorentur.
640 4415 689 4464 ibi·
740 4407 936 4476 mseltyovror
952 4409 1001 4460 τοῦ
1015 4402 1154 4468 Ἰωάννου,
1173 4402 1328 4474 τάδελὲγει,

3 4521 4 4526 ,
97 4481 154 4532 dem
178 4491 234 4546 post
257 4477 412 4561 θέμιςῐῆεε.
430 4482 530 4560 degoen
551 4482 689 4560 Gobierisn.
740 4475 755 4530 d
774 4473 815 4530 ὥν
832 4487 877 4532 ete.
911 4481 976 4562 lidii}
991 4473 1118 4544 λέγοντος
1126 4479 1175 4530 τοῦ
1188 4469 1328 4531 Ἰωάννου.

3 4555 5 4592 t
99 4555 124 4598 et
147 4549 254 4601 Falelm.
274 4550 295 4600 1.
320 4563 371 4598 our
396 4557 523 4610 omrttuut,
550 4557 574 4600 st
603 4549 643 4600 oin
666 4557 691 4600 et
740 4543 900 4612 stertere,
920 4555 1056 4600 noireto.
