3062 5044
468 319 612 364 aersrom
627 321 665 364 ιν.
681 323 717 366 un
734 288 933 368 sannionum
1236 313 1293 376 791

93 471 120 532 id
140 465 209 532 enirn
231 479 281 532 est
298 489 430 551 pugnare
451 471 594 538 adversus
616 473 811 553 Apostolicam
834 474 1082 552 admonitionem
1110 479 1163 542 aed
1184 482 1381 559 potionem.

93 581 124 632 ut
141 573 282 652 praecepit
302 573 378 652 ipse,
401 573 558 636 consulere
580 593 633 654 par
655 583 708 638 est

125 707 129 718 ·
168 678 193 739 l.
237 675 317 738 llaec
339 675 398 738 sint
420 676 455 738 ad
477 685 606 740 vesuam
629 677 835 741 confutandam
857 679 1119 760 stultiloquentiam
1136 684 1219 746 satis.
1256 685 1299 748 Ne

93 776 203 858 amplius
225 777 355 839 illudatis
378 777 489 841 deitati.
532 777 726 842 illudentibus
742 779 821 842 onim
835 799 902 842 mos
925 790 971 844 est
993 801 1026 844 ea
1048 785 1203 861 sciscitari,
1225 807 1300 866 quae

92 880 189 960 scripta
209 897 270 940 non
299 889 384 952 sunt,
413 879 583 942 aedicere:
615 881 732 960 Ergone
759 882 836 944 lilius
864 891 912 944 est
939 883 1067 964 Spiritus
1097 893 1127 947 et
1153 905 1226 950 avus
1253 897 1301 951 est

91 979 191 1044 Pater?
233 981 276 1042 lta
306 981 430 1044 irrident
456 981 597 1062 Episcopi
620 981 779 1046 Caesareae
808 991 838 1046 et
864 985 1062 1065 Scythopolis.
1106 988 1220 1052 Sufficit
1248 1011 1300 1054 vus
1371 994 1376 1004 '

91 1083 215 1155 credere,
244 1082 386 1162 Spiritum
409 1102 470 1144 non
493 1101 561 1146 esse
584 1095 763 1158 creaturam,
792 1086 844 1148 sed
867 1086 1009 1168 Spiritum
1036 1107 1105 1152 esse
1133 1090 1185 1153 llei
1212 1101 1241 1154 et
1269 1095 1299 1154 in

89 1185 151 1267 ipso
171 1184 352 1258 Trinitatem,
375 1185 493 1249 Patrem
516 1192 546 1246 et
559 1185 665 1249 Filium
688 1195 718 1248 et
733 1186 876 1268 Spiritum
901 1198 1045 1252 sanctum.
1089 1191 1189 1272 Neque
1204 1193 1299 1256 Patris

89 1287 199 1349 nomine
220 1286 312 1348 Filius
334 1287 484 1350 vocandus
507 1295 563 1360 est,
587 1305 683 1369 neque
703 1289 774 1351 licet
795 1289 894 1354 dicere
908 1292 1052 1371 Spiritum
1074 1301 1207 1356 sanctum
1230 1315 1298 1358 esse

88 1391 176 1470 ipsum
195 1388 318 1462 Filium,
353 1406 448 1470 neque
469 1388 575 1452 Filium
604 1408 671 1452 esse
699 1391 796 1472 ipsum
818 1393 960 1474 Spiritum
990 1403 1132 1459 sanctum.
1177 1397 1237 1459 Sed
1258 1397 1299 1460 ita

87 1511 118 1554 se
138 1511 183 1554 res
205 1480 293 1552 habe't
314 1491 561 1571 quemadmodum
584 1491 694 1554 dictum
716 1501 776 1567 est,
806 1503 837 1556 et
858 1514 916 1558 una
944 1505 990 1558 est
1017 1497 1048 1558 in
1080 1497 1133 1558 hac
1155 1497 1299 1562 ‘trinitate

85 1593 229 1667 divinitas,
259 1599 289 1654 et
311 1611 367 1656 una
390 1593 464 1654 fides
487 1601 518 1654 et
538 1611 629 1656 unum
651 1593 800 1676 baptisma
822 1605 882 1671 est,
916 1598 996 1677 quod
1017 1598 1048 1659 in
1070 1597 1117 1660 illa
1139 1599 1240 1675 datur,
1270 1609 1300 1663 ol

85 1695 203 1758 initiatio
225 1713 282 1756 una
305 1695 335 1756 in
358 1693 476 1768 Christo
498 1695 567 1758 lesu
589 1695 715 1758 llomino
738 1706 861 1771 nostro,
890 1717 944 1778 per
973 1719 1060 1780 quem
1088 1708 1118 1762 et
1144 1721 1210 1764 cum
1238 1723 1297 1783 quo

82 1798 159 1860 Patn'
179 1783 270 1878 gloria
292 1807 322 1860 et
343 1795 501 1877 imperium
523 1815 590 1860 cum
611 1806 712 1860 sanctu
735 1799 848 1879 Spiritu
878 1799 909 1862 in
932 1801 1030 1864 omnia
1053 1803 1168 1865 saecula
1191 1823 1297 1870 saecu·

82 1899 201 1960 lorum(
226 1899 329 1960 Arnen.

162 2103 190 2166 8.
233 2101 275 2163 lie
297 2121 355 2182 quo
379 2109 477 2164 aarum
499 2100 644 2182 scripsisti
666 2102 739 2165 mihi
760 2103 935 2182 Euangeliou
959 2087 1048 2176 dicto,
1075 2105 1188 2168 reniam
1210 2107 1296 2184 habe,

75 2203 195 2274 dilecte,
224 2203 320 2284 pruho
347 2205 470 2266 allectus
493 2203 602 2266 animu.
647 2205 758 2268 Vereor
780 2205 858 2267 enim
876 2206 909 2269 id
932 2206 978 2268 vel
1000 2206 1144 2270 ullatenus
1166 2211 1295 2290 aggredi,
1361 2237 1365 2244 ·

74 2324 114 2368 ne
128 2305 155 2366 si
169 2305 199 2366 in
215 2299 324 2368 dictum
347 2305 418 2370 illud
440 2314 570 2368 mentem
585 2307 670 2386 quasi
685 2307 857 2370 demersere
874 2307 1057 2388 scrutarique
1073 2328 1210 2390 coepero,
1233 2331 1294 2376 nun

73 2409 184 2472 valeam
211 2408 391 2489 prolundum
420 2407 485 2472 eius
514 2407 695 2472 intellectum
718 2408 882 2474 exhaurire.
925 2408 1037 2472 'lacere
1066 2411 1154 2491 igitur
1181 2413 1217 2475 de
1245 2415 1295 2476 illo

74 2510 197 2572 omnino
219 2518 390 2580 smtucram,
414 2511 460 2572 his
482 2509 633 2590 prioribus
656 2519 814 2572 contentus
836 2511 964 2590 scriptis.
1008 2512 1045 2572 ht
1059 2513 1170 2575 ueritus
1186 2533 1222 2576 ne
1236 2515 1294 2578 ite·
1345 2521 1348 2534 '

71 2631 137 2674 rum
161 2611 216 2674 hac
237 2613 273 2685 de
294 2631 327 2674 ro
350 2613 479 2674 scribere
502 2612 673 2686 contendas,
697 2611 755 2674 vim
770 2611 843 2674 mihi
857 2601 923 2693 ipse
938 2611 1033 2686 intuli,
1056 2623 1089 2676 ut
1110 2615 1156 2676 vel
1177 2616 1378 2687 medio-m

72 2733 154 2776 crem
177 2733 264 2795 quam
287 2715 324 2778 de
346 2715 396 2776 illo
425 2713 512 2776 didici
540 2714 716 2776 sententiam
739 2713 974 2794 perscriberem
1002 2714 1081 2794 quod
1104 2733 1237 2796 sperem,
1267 2717 1317 2780 ait
1401 2734 1404 2749 ¹

70 2835 197 2897 scopum
220 2818 408 2896 attingamus,
431 2817 566 2878 docentis
588 2815 683 2896 gracia
704 2835 768 2884 rem
791 2816 843 2880 tibi
865 2815 1018 2897 probatam
1039 2813 1120 2890 lore,
1137 2815 1184 2879 sin
1205 2817 1294 2878 aber-

68 2937 188 2991 remus,
218 2937 278 2980 non
300 2919 552 3000 reprehensorum
580 2927 624 2992 ts,
655 2919 703 2981 cui
731 2937 797 2982 curn
825 2919 946 2982 allectus
974 2925 1079 2982 noster
1106 2929 1170 2980 tum
1191 2927 1296 2982 nostra

67 3021 228 3084 infirmitas
253 3039 313 3084 nun
335 3023 434 3100 ignuta
457 3030 512 3083 est.
556 3020 672 3084 llictum
695 3021 785 3102 igitur
806 3020 951 3082 eiusmodi
973 3027 1029 3082 est.
1073 3020 1145 3082 Cum
1167 3027 1296 3101 posttot
1349 3028 1351 3036 ’

69 3122 156 3201 signa
178 3123 209 3184 in
232 3121 393 3202 Evangelio,
412 3131 528 3186 narrata
550 3123 624 3186 haec
644 3123 796 3186 Pharisaei
816 3123 1022 3202 loquerentur:
1054 3121 1110 3185 liic
1132 3141 1195 3186 non
1216 3125 1295 3186 elicit

68 3224 229 3288 dueaaoaiu
255 3229 319 3286 asiai
342 3229 376 3286 iat
398 3223 558 3288 beelzebul
583 3229 721 3306 principe
749 3227 993 3300 doemoniorum,
1020 3224 1168 3288 boninus
1196 3229 1295 3288 scieas

66 3329 268 3406 copa‘totioaes
291 3345 397 3390 eorum
420 3327 496 3389 dim't
518 3329 576 3390 er's:
610 3326 703 3388 Omne
724 3345 850 3406 regnum
871 3327 1000 3388 diuisum
1022 3336 1131 3390 contro
1152 3345 1184 3389 aa
1206 3328 1295 3390 deso-

61 3471 93 3526 ἒν
114 3477 155 3544 τῷ
173 3475 310 3544 μέλλοντι,
329 3481 369 3544 qui
388 3478 471 3529 titulos
483 3477 567 3528 iisdem
580 3481 658 3529 verbis
710 3489 765 3543 post
783 3479 839 3530 edit.
851 3471 1014 3545 commoliri
1032 3473 1078 3528 arei
1094 3469 1216 3534 ἐνδύντος,
1237 3479 1293 3530 edit

62 3547 171 3596 habetur
197 3547 221 3596 in
245 3547 318 3598 basil.
343 3556 366 3597 et
383 3547 471 3608 anglic.
513 3547 611 3598 Goblar.
635 3557 659 3598 et
710 3549 785 3598 Paris.
796 3541 842 3625 μὴ
859 3540 987 3602 ἐνδύντος,
1016 3547 1072 3608 lleg.
1097 3554 1120 3596 et
1138 3546 1236 3608 Saguer.
1248 3535 1292 3660 ἔτή

62 3615 175 3664 Felclrm.
196 3617 217 3666 l.
244 3617 280 3665 sie
306 3617 334 3664 ad
361 3617 456 3666 modurn
481 3616 543 3664 tituli
571 3617 659 3665 habant
707 3609 753 3664 aui
771 3609 860 3667 dorus.
897 3615 965 3666 Gobl.
990 3622 1012 3664 et
1030 3613 1135 3664 l'elclm.
1151 3613 1173 3662 l.
1190 3607 1227 3679 ptri
1265 3607 1294 3662 ai-

61 3676 135 3748 πρὸς
154 3676 207 3731 τὸν
224 3677 488 3750 αὖτόνΣεραπίωνο.
515 3681 657 3731 lnFelcltm.
707 3697 764 3736 νας.
803 3683 860 3731 lbid.
880 3683 935 3743 lieg.
955 3689 978 3730 et
995 3673 1199 3742 Seguer.solieir
1216 3673 1293 3732 circi.

60 3748 84 3798 2.
106 3751 171 3800 nibil
191 3767 237 3816 pro
255 3753 445 3803 titulohehatur.
480 3750 656 3810 llagiusautem
709 3752 799 3800 lbidem
819 3750 915 3800 Gohler.
934 3755 956 3798 ct
974 3748 1109 3798 falciml.
1128 3747 1166 3814 τῷ
1183 3744 1290 3814 λογικῷ.

60 3819 90 3868 ad
128 3821 267 3882 marginem
296 3821 367 3870 hahet
393 3811 459 3882 Περὶ
484 3807 658 3881 τόαγγελαοῦ
710 3819 762 3867 Mox
786 3819 842 3876 hag.
867 3826 890 3867 et
909 3817 1007 3878 Seguer.
1025 3809 1076 3876 cair
1093 3810 1123 3864 ἐν
1140 3807 1215 3882 αὐτῷ
1232 3811 1292 3866 deri-

61 3881 161 3949 ρητοῦ,
201 3889 299 3950 Segner.
325 3879 353 3936 id
378 3887 509 3947 marginem
535 3887 590 3934 item
609 3881 658 3932 τοῦ
709 3876 956 3933 semronitarum.
988 3883 1091 3938 ¹Gohler¹
1110 3893 1133 3934 at
1151 3885 1291 3937 ualeant.

60 3945 153 4002 αὐτοῦ
163 3951 229 4032 περὶ
240 3953 288 4004 τοῦ
297 3946 469 4034 aienciaci
485 3948 577 4018 ῥητοῦ,
597 3943 659 4011 ἦτοι
708 3947 759 4014 τὴν
776 3946 862 4018 ἐαυτῷ
880 3945 1006 4008 derivetur
1023 3942 1172 4001 ἇνελκῦσοι.

60 4019 110 4080 τῆς
128 4016 171 4076 εἷς
189 4038 221 4072 το
232 4022 339 4089 πνεῦμα
348 4037 378 4070 το
389 4013 469 4084 ἅγιον
476 4014 655 4086 βλαςφημίας.
742 4037 762 4083 g.
784 4022 839 4081 lteg.
859 4029 882 4070 et
899 4024 998 4082 Segner.
1016 4013 1123 4073 τούτοις
1140 4019 1204 4074 τοῖς.
1242 4022 1291 4071 00.

60 4089 143 4140 Porro
164 4093 227 4142 haec
245 4092 363 4141 subtexuit
381 4090 532 4147 Athanasius,
552 4097 577 4139 ut
585 4091 657 4139 Sera·
709 4089 770 4139 bler.
789 4083 901 4141 τούτους
917 4088 981 4158 τοῖς.
1017 4089 1043 4137 ln
1056 4087 1290 4141 editisroirsolum.

61 4158 131 4218 pioni
153 4173 250 4210 morem
269 4167 376 4220 gereret.
401 4159 441 4222 qui
460 4157 609 4221 postularat,
633 4163 659 4206 ut
744 4149 766 4206 tl.
785 4155 809 4206 ln
829 4157 884 4219 lleg.
904 4166 926 4207 et
944 4159 1042 4216 Seguer.
1059 4149 1160 4222 μαθών
1177 4157 1251 4207 deest.

61 4224 158 4276 dictum
188 4228 250 4277 illnd
269 4227 449 4289 Evangelicum,
475 4241 522 4289 qno
541 4225 660 4274 clauserat
744 4227 759 4275 i.
784 4226 825 4276 Sic
842 4226 897 4287 lleg.
917 4235 940 4274 et
959 4227 1057 4284 Seguer.
1093 4225 1154 4274 Editi
1173 4238 1227 4274 raro
1246 4225 1291 4275 mi·

60 4289 205 4354 Epistulam
217 4295 321 4346 Tertiam
341 4296 370 4344 ad
390 4295 557 4357 suscriptum,
577 4293 660 4358 etpla-
711 4309 755 4343 nus
773 4301 838 4343 recte
856 4287 1004 4358 ῥᾳθυμίαν.
1199 4305 1201 4310 ’

62 4369 135 4410 naret
155 4363 213 4413 sibi.
743 4362 766 4411 lr.
785 4361 881 4414 Guhler.
906 4369 929 4410 et
953 4359 1094 4410 latebunt.
1118 4351 1132 4406 ὁ
1156 4352 1292 4428 discriptos

98 4428 117 4476 l.
137 4431 181 4480 Sic
200 4431 258 4480 edit.
276 4429 393 4480 Commel.
412 4431 466 4492 lleg.
479 4428 658 4492 Segner.llasil.
711 4415 799 4478 einer·
822 4427 899 4477 πᾶσα
922 4421 1045 4492 βασιλείᾳ
1066 4427 1229 4498 μερισθεῖσα
1245 4423 1291 4476 arei

62 4491 162 4554 anglic.
188 4509 211 4548 et
236 4498 340 4548 Felclm.
359 4499 382 4548 2.
418 4499 479 4548 Edit.
506 4511 560 4546 uero
585 4497 659 4547 Paria.
709 4491 745 4545 τὰ
761 4491 829 4558 ἑξῆς.
855 4491 901 4546 διὰ
927 4494 1007 4545 τοῦτο
1024 4491 1093 4562 λέγω
1111 4489 1177 4564 ὑμῖν
1193 4498 1290 4548 omissis

63 4560 220 4616 Gobleriano
232 4575 255 4616 et
274 4567 377 4618 Felclm.
391 4567 412 4617 1.
431 4560 548 4614 diducere.
586 4565 659 4615 l‘unlo
710 4567 866 4618 intermediis.
