3110 5064
206 301 247 366 18
731 313 904 360 ramatum.
969 329 977 350 κ

205 466 328 548 reliquis
351 465 490 530 omnibus
513 464 718 544 distinguitur.
762 465 821 528 Sed
844 465 976 528 nondum
991 463 1147 538 declaravi,
1168 483 1242 545 ques
1265 465 1296 528 in
1319 465 1435 532 delectu

204 569 388 632 instituendo
404 575 526 631 secutus
541 567 598 630 sim
614 569 747 630 rabones
759 567 803 630 rel
815 585 889 648 ques
912 566 948 628 ed
965 565 1081 646 regulas
1097 565 1238 630 iudicium
1254 567 1290 630 de
1306 567 1434 646 singulis

205 671 289 734 libris
311 670 356 732 rel
378 669 557 749 recipiendis
580 669 626 732 rel
642 687 703 732 uon
724 668 902 748 recipiendis
922 667 1092 730 direxerim.
1136 667 1171 730 ln
1185 687 1245 748 quo
1261 669 1290 731 id
1307 668 1433 734 marimo

205 773 366 836 carendum
389 791 456 834 esse
478 773 593 852 putari,
623 790 659 833 nc
688 789 750 833 rem
773 787 891 833 omnem
914 769 950 832 ad
973 788 1071 832 meum
1099 770 1253 833 arbitrium
1276 789 1436 834 revocasse

205 875 332 938 viderer.
396 874 558 953 Propterea
581 874 658 936 sicut
680 873 717 934 de
739 870 872 952 patribus
893 871 986 950 ipsis,
1009 871 1060 952 qui
1082 872 1117 933 ad
1141 873 1243 952 operis
1265 873 1433 937 institutum

204 977 397 1057 pertinerent,
420 995 456 1038 ex
479 976 627 1040 communi
649 973 792 1038 ecclesiae
813 972 959 1038 sententia
981 973 1081 1046 statui,
1104 973 1143 1036 ita
1166 975 1255 1038 etiam
1273 975 1319 1038 illa
1341 991 1433 1054 prae-

187 1077 291 1158 .cipue
312 1077 420 1157 scripta
443 1075 705 1163 circumspicienda
727 1083 756 1136 et
778 1073 931 1154 deligenda
953 1093 1021 1138 esse
1043 1074 1179 1148 iudicavi,
1200 1094 1277 1156 quae
1292 1086 1433 1155 tunquam

205 1197 341 1244 mamam
364 1187 444 1242 recte
468 1176 616 1240 sentiendi
639 1159 667 1240 et
690 1176 815 1241 docendi
837 1175 874 1238 ab
897 1176 1021 1238 ecclesia
1037 1177 1139 1238 cinare
1161 1177 1335 1240 doctoribus
1358 1195 1433 1257 prae

204 1281 271 1344 aliis
300 1281 425 1362 probata
455 1298 523 1340 essa
545 1278 687 1341 riderem.
741 1277 836 1340 Simul
858 1296 947 1354 vero,
976 1277 1124 1358 siquidem
1146 1278 1334 1359 propositum
1356 1278 1433 1342 mihi

205 1392 252 1444 est
278 1381 422 1444 historiae
449 1380 620 1458 dogmatum
646 1378 799 1444 studiosos
827 1379 972 1442 librorum
1001 1379 1038 1440 ab
1066 1379 1165 1442 multis
1193 1379 1432 1445 desideraturum

203 1491 347 1564 apparatu
374 1497 493 1560 augere,
520 1481 556 1543 ad
579 1480 735 1546 consilium
757 1479 816 1544 hcc
841 1481 988 1546 delectum
1010 1482 1233 1546 accommodare
1257 1480 1358 1544 studui
1379 1481 1434 1555 itu,

204 1591 313 1645 utnon
336 1581 516 1662 negligerem
537 1581 631 1646 libros
653 1591 781 1664 patrum,
804 1601 839 1644 ax
862 1583 970 1664 quihus
994 1601 1010 1644 a
1032 1583 1105 1646 viris
1127 1583 1223 1648 doctis
1245 1583 1370 1663 plurime
1392 1582 1431 1646 ad

203 1684 396 1747 enarrandam
420 1692 449 1746 et
471 1683 676 1748 illustrandam
699 1684 869 1765 dogmatum
891 1684 1046 1748 historiam
1068 1685 1180 1748 hauriri
1202 1703 1343 1763 nossem,

286 1785 371 1848 Libri
391 1785 467 1867 ipsi,
495 1803 571 1865 quos
594 1784 639 1848 sic
669 1785 800 1848 delectos
822 1785 1004 1850 Bibliotheca
1038 1787 1171 1860 exhibet,
1204 1787 1337 1868 plerique
1360 1795 1433 1848 suut

203 1906 237 1950 ex
259 1905 385 1950 numero
407 1895 583 1951 tractatuum
603 1888 821 1968 polemicororia
843 1897 872 1950 et
894 1889 1140 1969 dugncoticurom,
1162 1887 1193 1952 in
1215 1889 1323 1969 quibus
1344 1897 1432 1950 rate-

201 1989 245 2052 ris
268 1988 410 2052 ecclesiae
432 1989 571 2052 doctores
594 2009 685 2069 quum
708 1990 924 2054 haereticorum
953 2009 1073 2072 errores
1101 1989 1240 2055 relellunt
1267 2007 1432 2070 eorumque

201 2100 375 2170 argumenta
397 2090 567 2162 mulctant,
594 2098 657 2154 tum
685 2092 822 2170 dogmata
851 2091 1048 2158 ecclesiastica
1078 2092 1209 2156 condant
1229 2101 1260 2154 et
1281 2091 1432 2156 illustrant

202 2200 291 2270 atquc
312 2200 370 2254 tam
394 2193 560 2272 scripturae
583 2211 685 2254 sacrae
706 2193 886 2256 testimoniis
909 2212 997 2274 quam
1011 2202 1129 2273 patrum
1152 2192 1375 2263 auctoritatibus
1398 2203 1431 2256 et

201 2292 509 2372 argumentationibus
532 2292 693 2358 dialecticis
715 2297 900 2358 confirmant
946 2295 977 2357 Si
993 2293 1186 2360 conciliorum
1201 2305 1264 2360 acta
1287 2296 1430 2376 excipias,

201 2401 343 2456 trmtatns
373 2394 520 2458 eiusmodi
548 2395 627 2458 inter
654 2397 753 2460 sontes
786 2397 952 2477 theologiae
979 2397 1141 2462 historicae
1168 2399 1297 2479 primum
1326 2405 1432 2462 teneat

200 2495 299 2558 locum
321 2507 401 2558 certe
422 2515 477 2576 per
499 2497 578 2560 illam
601 2506 737 2572 aetatem,
761 2518 817 2580 qua
839 2500 975 2580 dogmata
991 2499 1028 2560 de
1052 2498 1146 2562 tribue
1162 2499 1193 2562 in
1208 2500 1264 2584 deo
1286 2500 1430 2579 personis

200 2603 287 2676 atque
308 2596 345 2659 de
367 2597 476 2662 Gla-isti
498 2617 628 2679 persona
650 2611 680 2664 ct
700 2600 814 2664 naturis
835 2619 890 2681 pec
903 2601 1039 2676 Arianos,
1060 2600 1294 2682 ¹Apollinaristas,
1317 2599 1431 2662 Nestu-

199 2698 313 2772 rianos,
334 2697 533 2779 Eutychianos
555 2700 689 2782 aliosque
711 2703 878 2766 haereticos
901 2702 931 2764 iu
946 2703 1189 2782 disceptationem
1212 2711 1313 2766 vocata
1334 2720 1432 2781 eaque

200 2799 315 2862 mtioue
338 2799 459 2864 uberius
482 2802 623 2882 explicata
641 2812 671 2866 et
686 2805 850 2868 accuratius
874 2804 993 2866 delinita
1016 2813 1096 2866 sunt.
1141 2803 1256 2868 Nullum
1278 2812 1326 2866 est
1347 2805 1428 2866 euim

198 2900 345 2962 librorum
368 2891 476 2962 tunc‘a
497 2902 632 2982 patribus
656 2907 893 2986 conscriptorum
917 2923 1022 2982 genus,
1045 2906 1122 2985 quod
1145 2906 1212 2985 plus
1235 2905 1339 2970 allerat
1359 2914 1430 2968 stu-

91 2989 103 2998 ’
199 3001 293 3062 diosis
315 2999 459 3062 historiae
481 3002 667 3082 dogmatum,
700 3007 749 3085 qui
772 3025 834 3068 nou
855 3006 945 3068 modo
974 3007 1155 3086 synodorum
1184 3016 1214 3068 ot
1241 3007 1431 3086 singulorum

200 3101 408 3181 theologorum
432 3101 550 3166 decreta
572 3105 782 3186 formulasque.
804 3107 1009 3170 verumetiam
1026 3125 1129 3170 causas
1151 3126 1253 3170 eorum
1276 3109 1432 3171 rationes-

199 3221 267 3282 que,
290 3203 386 3282 quoad
408 3204 471 3266 lieri
493 3213 605 3284 potest,
626 3207 798 3287 perspicere
819 3209 963 3289 planeque
984 3228 1167 3290 cognoscere
1187 3209 1319 3289 cupiunt,
1342 3219 1374 3272 ut
1388 3209 1432 3274 de

197 3304 263 3383 ipsa
286 3303 455 3384 dogmatum
478 3307 601 3369 ueritate
624 3315 654 3369 et
676 3309 838 3373 subtilitate
866 3310 1016 3392 explorate
1046 3309 1177 3374 iudicare
1203 3312 1330 3392 possint.
1373 3309 1431 3376 llla

199 3405 333 3468 eiusdem
355 3405 460 3467 aetatis
483 3407 591 3488 scripta
611 3409 773 3490 polemico,
796 3431 871 3492 quae
892 3431 972 3475 nunc
992 3413 1175 3493 apologetica
1197 3413 1297 3494 potius
1320 3411 1429 3494 appel-

197 3505 258 3568 lare
287 3503 438 3580 solemus,
471 3507 551 3570 reiut
572 3509 694 3574 Eusebii
715 3513 888 3594 Evangelica
916 3515 1100 3595 praeparatio
1124 3521 1155 3576 et
1175 3513 1347 3595 Euangeliou
1368 3514 1428 3576 de-

198 3593 386 3680 miseratio,
408 3607 560 3672 Athanasii
581 3611 659 3674 liber
672 3625 776 3676 contm
791 3623 906 3694 gentes,
921 3615 1127 3696 chrysostomi
1141 3615 1283 3678 adversus
1298 3615 1429 3678 ludaeos

198 3707 349 3770 crationes
372 3716 403 3772 et
424 3709 656 3786 demonstratio,
679 3717 757 3796 quod
781 3716 918 3780 Christus
941 3719 980 3780 sit
1001 3718 1092 3792 deus,
1114 3715 1212 3797 Ggrilli
1235 3715 1429 3780 Alexandrini

198 3819 300 3872 conus
332 3809 454 3890 impium
475 3811 619 3878 lulianum
651 3816 719 3880 libri
740 3819 788 3893 X„
810 3817 989 3882 Theodoreti
1025 3820 1203 3884 Graecarum
1235 3817 1429 3886 abactionem

197 3912 329 3985 curatio,
360 3913 397 3974 ad
427 3914 560 3977 nohtiam
590 3917 759 3996 dogmatum
790 3920 1025 4012 theologicorum
1053 3939 1114 3984 non
1143 3929 1256 3984 tentum
1284 3925 1425 4000 prosunt,

197 4025 338 4092 quanuua
349 4012 416 4076 libri
431 4015 653 4097 apologetarum
669 4021 855 4084 saeculorum
872 4022 996 4086 secundi
1009 4029 1039 4084 et
1053 4022 1144 4096 tertii,
1159 4041 1256 4103 neque
1270 4023 1300 4084 in
1313 4018 1426 4084 biblio·-

68 4129 74 4144 ·
196 4113 327 4186 thaam,
351 4109 447 4194 qualis
470 4115 543 4181 haec
562 4130 666 4183 nostra
686 4131 749 4198 est,
772 4123 928 4201 celeranda
950 4130 1033 4186 suut:
1065 4125 1242 4204 praesertim
1264 4141 1356 4203 quum
1377 4138 1426 4197 ea,

195 4233 271 4294 quae
292 4213 412 4279 Eusebii
439 4229 511 4282 sumt
537 4231 567 4283 et
595 4222 791 4300 Theodoreti,
821 4243 916 4306 nuper
938 4243 954 4286 a
977 4223 1091 4289 Thema
1114 4223 1268 4299 Gaislord,
1298 4223 1363 4286 riro
1385 4221 1428 4288 de

195 4313 301 4378 litteris
323 4317 437 4394 graecis
467 4321 674 4388 immortaliter
701 4318 825 4401 meritc,
855 4325 1014 4407 separatim
1043 4325 1119 4390 edita
1142 4326 1212 4390 sint.
1255 4325 1337 4390 Idem
1359 4324 1426 4388 leco

194 4416 382 4480 iudicandum
403 4429 451 4480 est
473 4421 510 4484 dc
531 4425 729 4506 scriptoribus
752 4428 925 4506 polemicis,
954 4429 1004 4507 qui
1034 4437 1084 4492 aut
1113 4446 1218 4495 omnes
1240 4426 1423 4492 anteceden-

67 4579 70 4588 Α
196 4517 268 4582 tium
291 4529 320 4581 et
342 4537 465 4584 suorum
496 4523 636 4590 haereses
670 4538 871 4608 exposuerunt
904 4529 1050 4610 simulque
1082 4528 1202 4593 easdem
1235 4529 1365 4592 breviter
1387 4545 1423 4595 tc
