3128 5052
366 252 373 284 l

480 365 623 409 sererent
639 365 657 408 r.
675 367 711 408 au
728 365 924 409 ssnarronarr.
1256 355 1316 417 747

56 539 141 600 que
164 519 197 581 in
219 518 270 580 illo
292 517 484 580 reconciliare
513 517 653 596 cupiens,
681 518 849 598 purificares
878 521 941 579 sice
969 535 1044 597 quoe
1071 522 1104 580 io
1133 520 1224 583 coelis
1254 525 1422 586 siceram.-

55 639 160 702 quae
183 627 215 682 ia
237 625 331 682 terris
354 629 436 682 auat.

170 725 221 787 32.
267 709 366 800 ltaq'ue
389 738 424 781 ex
447 719 610 781 divinarum
625 719 844 799 Scripturarum
867 737 1018 782 consensu
1040 721 1160 784 evidens
1183 735 1229 788 eat
1244 726 1313 806 Spi-

57 824 337 886 ritum·sanctum
365 839 429 884 rem
457 829 585 882 creatam
615 838 676 882 non
705 839 788 894 esse,
823 821 876 882 sed
905 822 1059 901 proprium
1082 841 1152 886 esse
1175 827 1261 888 Verbi
1284 837 1314 889 et

56 924 182 986 Patris
205 923 377 984 divinitatis.
423 923 472 983 Sic
494 922 572 1012 enim
589 921 765 984 Sanctorum
782 906 916 983 docuine
939 923 974 984 ed
997 931 1128 986 sanctam
1152 935 1182 987 et
1203 928 1311 993 indivi-

59 1029 171 1088 duam
195 1025 369 1086 Trinitatem
392 1025 601 1086 adstruendam
624 1025 786 1103 conspirat,
810 1043 902 1104 eaque
924 1043 981 1086 une
1004 1033 1051 1088 est
1072 1025 1238 1092 Catholicae
1253 1030 1311 1092 llo-

10 1169 11 1178 ,
60 1127 191 1188 olesla'e
212 1125 296 1188 fides.
341 1125 375 1187 dt
398 1125 544 1187 absurdae
562 1125 763 1206 ‘l'ropicdrum
785 1123 899 1188 lehulae
922 1145 938 1188 e
961 1127 1122 1207 Scripturis
1144 1130 1228 1192 raldo
1246 1131 1311 1192 dis-

61 1227 217 1289 sentiunt
238 1227 487 1307 consentiuntque
512 1213 635 1288 omnino
657 1228 921 1290 comitianorum
944 1229 1079 1302 haeresi3
1101 1229 1181 1292 unde
1202 1232 1311 1294 verisi-

59 1329 151 1390 mile
173 1327 229 1400 sit,
257 1328 325 1389 illos
353 1345 413 1390 non
437 1329 492 1390 alia
513 1329 552 1390 de
574 1347 662 1390 cause
684 1328 723 1389 ita
746 1329 936 1394 dissimulare
957 1329 1015 1392 nisi
1045 1339 1078 1392 ut
1098 1331 1213 1393 facilius
1236 1331 1310 1394 sim-

9 1471 10 1478 1
60 1430 172 1510 plicas
201 1429 382 1508 deciperent.
435 1429 494 1491 S'ed
517 1430 627 1508 gradec
656 1429 777 1492 domino
805 1430 974 1506 habendae,
1008 1429 1103 1512 quod,
1133 1441 1165 1496 ut
1192 1433 1309 1508 scribis,

9 1561 11 1570 ν
61 1533 177 1593 tiotem
201 1546 284 1593 suam
315 1543 382 1592 cum
404 1531 520 1592 Arianis
543 1532 767 1614 contentionem
796 1531 935 1612 obtegere
963 1551 1024 1594 uon
1052 1535 1214 1613 potuerint.
1259 1535 1309 1597 Si-

64 1633 200 1713 quidem
228 1642 258 1694 et
286 1631 403 1694 illorum
432 1633 533 1696 odium
559 1633 591 1693 iu
619 1651 653 1694 sa
685 1633 771 1714 ipsos
800 1634 1035 1700 concitaverunt.
1069 1643 1103 1697 ut
1130 1637 1182 1715 qui
1211 1637 1309 1698 solum

9 1767 11 1790 ‚
63 1735 222 1814 Spiritum
250 1751 311 1794 non
340 1741 438 1795 auteur
459 1733 587 1796 Verbum
616 1751 679 1795 rem
708 1743 834 1798 creatam
868 1753 935 1800 esse
965 1719 1079 1810 efficat,
1113 1746 1144 1798 et
1175 1737 1212 1798 ah
1244 1737 1308 1800 aliis

65 1834 218 1896 omnihus
241 1835 455 1916 reprobantur,
486 1835 565 1914 quod
598 1835 709 1914 liqueat
735 1855 805 1898 vere
834 1855 888 1898 eos
917 1837 1026 1900 bellurn
1048 1847 1149 1900 contra
1173 1849 1308 1902 sanctum

9 1977 10 1984 κ
65 1937 222 2017 Spiritum
244 1955 347 2018 gerere
369 1955 404 1998 ae
424 1937 550 2016 proinde
571 1936 653 1998 brevi
676 1938 740 1999 lore
761 1946 916 2008 mondus,
940 1945 1043 2017 utpote
1065 1939 1177 2018 Spiritu
1199 1959 1307 2004 vacuos

8 2073 10 2078 ,
67 2049 103 2100 et
130 2037 300 2102 destitutos.
345 2039 457 2118 Nempe
479 2039 547 2118 quia
569 2049 640 2100 sunt
662 2039 802 2102 animales
825 2041 974 2114 homines,
995 2059 1057 2102 non
1079 2039 1252 2121 potuerunt,
1276 2052 1309 2104 ut

8 2193 9 2214 ,
68 2141 167 2202 docet
188 2139 293 2202 beatus
316 2139 492 2220 Apostolus,
521 2141 676 2221 percipere
698 2159 774 2222 quae
797 2149 867 2204 sunt
888 2141 1017 2221 Spiritus
1041 2142 1109 2216 liei,
1132 2151 1235 2223 utpote
1257 2143 1307 2224 qui

68 2241 271 2321 spiritualiter
293 2241 534 2304 diiudicarentur.
578 2243 615 2304 at
636 2243 685 2321 qui
714 2261 764 2316 ee,
797 2261 871 2322 quae
901 2253 971 2304 sunt
998 2244 1148 2316 serioris,
1179 2246 1307 2325 sapiunt,

69 2342 176 2406 omnia
198 2343 318 2422 quidem
341 2341 510 2420 diiudicant,
533 2343 593 2421 ipsi
614 2361 685 2404 rero
708 2363 724 2404 e
747 2343 866 2406 nemine
888 2341 1095 2416 diiudicentur,
1118 2347 1321 2426 quandoqul·'

7 2505 8 2508 ,
69 2446 144 2506 dem
168 2444 325 2506 Dominum
347 2443 378 2504 in
402 2443 512 2523 seipsis
535 2443 661 2517 hebent,
685 2445 734 2524 qui
751 2427 816 2504 illis
839 2453 876 2505 et
891 2445 1024 2524 seipsum
1047 2453 1077 2508 et
1097 2465 1152 2526 per
1174 2447 1324 2528 seipsum¹

69 2547 194 2608 Patrem
216 2546 247 2607 in
269 2545 380 2626 Spiritu
402 2545 549 2626 patefacit.

151 2651 211 2712 ι33.
256 2647 319 2728 ligo
341 2647 440 2727 itaque
461 2645 581 2708 tametsi
603 2645 634 2706 in
658 2645 820 2708 solitudine
842 2645 964 2724 degens,
989 2655 1088 2708 tamen
1106 2657 1234 2727 propter
1249 2663 1388 2710 eo-rcsa

50 2769 140 2831 ‘rum
163 2730 386 2829 impudentiam,
408 2747 458 2828 qui
480 2767 497 2810 a
519 2747 641 2808 veritate
664 2747 856 2820 deflexerunt,
879 2745 952 2809 nihil
975 2746 1097 2808 omnino
1120 2748 1156 2810 de
1177 2748 1234 2810 illis
1250 2767 1303 2811 cu-

69 2869 152 2924 reus,
176 2849 283 2932 quibus
305 2852 382 2912 torte
405 2868 488 2912 meae
510 2847 751 2910 ratiocinationes
767 2847 901 2909 iulirmae
915 2856 946 2909 et
967 2845 1095 2909 humiles
1118 2855 1207 2928 etque
1228 2838 1302 2911 adeo

70 2952 241 3014 irridendae
263 2951 451 3024 videbuntur,
474 2951 547 3012 lreec
560 2968 670 3029 pauca,
694 2967 768 3030 quae
793 2947 910 3027 scripsi,
932 2949 969 3010 ad
987 2957 1065 3012 tuam
1081 2949 1221 3030 pietatem
1236 2949 1302 3030 pla·

70 3054 133 3115 cuit
154 3051 288 3126 nsidera,
318 3062 406 3132 teque
429 3041 619 3115 vehementer
641 3069 733 3130 rogo,
765 3059 798 3112 ut
824 3051 855 3111 in
882 3051 929 3114 his
950 3051 1083 3130 legendis
1107 3049 1161 3112 alie
1184 3052 1303 3131 quidem

71 3155 225 3236 ementes,
247 3155 302 3216 alia
324 3173 406 3228 reru,
430 3173 504 3235 quae
526 3155 642 3216 infirma
655 3157 825 3225 'coronent
844 3145 920 3214 ‘mihi
942 3152 1105 3214 condones.
1150 3153 1303 3234 Siquidem

70 3257 145 3318 nihil
166 3257 231 3337 ipse
256 3256 363 3318 tradidi
383 3255 444 3319 nisi
468 3255 630 3318 seeundum
653 3251 852 3333 apostoticam
875 3253 979 3327 iidem,
1009 3263 1099 3333 prout
1119 3273 1154 3317 ea
1175 3254 1302 3317 nohisa

72 3357 207 3439 patribus
230 3357 337 3420 tradita
360 3364 416 3432 est,
439 3355 571 3436 nihilque
594 3363 747 3420 externum
771 3375 837 3418 sum
861 3363 1059 3429 commentus,
1082 3356 1135 3417 sed
1151 3357 1231 3437 quod
1253 3358 1301 3418 di·

71 3459 144 3532 diri,
172 3461 253 3520 iuxta
283 3465 610 3520 mentem.senctarum
633 3457 852 3538 Scripturarum
883 3458 931 3520 his
959 3458 1067 3520 litteris
1098 3459 1223 3520 exarari.
1268 3459 1301 3520 ld

72 3561 149 3622 enim
173 3559 286 3639 optime
314 3579 381 3621 cnm
408 3559 456 3622 his
485 3545 644 3639 congruit,
667 3579 742 3640 quae
773 3559 809 3622 ed
832 3559 964 3622 veritatis
988 3559 1242 3620 confirmationem
1266 3579 1301 3620 ex

72 3660 181 3722 sanctis
204 3658 369 3739 Scripturis
392 3661 579 3723 adduximus
624 3659 690 3722 Non
714 3679 785 3738 ergo
808 3661 993 3722 extrinsecus
1009 3651 1151 3720 accersite
1169 3667 1214 3720 est
1228 3659 1301 3722 haec

72 3771 171 3824 nostra
194 3761 340 3836 doctrina,
363 3763 415 3824 sed
438 3763 503 3843 ipse
526 3762 669 3824 Dominus
685 3762 769 3824 lesus
788 3761 926 3822 Christus
948 3761 1157 3840 perseipsum
1179 3761 1299 3839 quidem

69 3863 285 3944 §emeritanam
308 3881 342 3924 ac
363 3882 419 3926 nos
440 3863 596 3943 perillam
619 3861 726 3926 deinde
749 3861 866 3936 docuit,
896 3879 983 3942 quam
1005 3854 1134 3942 perlecta
1157 3871 1187 3922 et
1207 3861 1299 3940 abso-

71 3965 127 4026 lute
151 3965 191 4026 sit
212 3974 314 4029 sancte
337 3964 490 4036 Trinitas,
514 3983 638 4044 eamque
661 3963 840 4026 individuam
864 3983 897 4024 ao
920 3981 1008 4025 unam
1030 3963 1211 4024 divinitatem
1234 3964 1297 4025 exi·

73 4075 158 4126 stare.
202 4065 235 4127 ld
265 4065 384 4145 inquam
417 4067 479 4148 ipsa
504 4075 629 4128 testatur
651 4067 776 4136 veritas,
809 4065 859 4127 uhi
887 4065 1086 4128 Samaritanae
1116 4065 1170 4125 eit:
1207 4063 1300 4127 Crede

73 4167 148 4238 miii,
170 4168 292 4243 mulier,
315 4173 387 4248 quio
408 4172 489 4230 uenit
513 4168 589 4230 loro
611 4180 640 4231 et
663 4187 752 4250 auae
766 4177 820 4238 est,
845 4185 911 4229 rum
933 4172 1000 4229 vert
1019 4167 1201 4228 adoratores
1224 4167 1299 4227 odo-

74 4317 124 4379 lleg.
145 4319 164 4367 l.
183 4319 323 4379 seruerim.
343 4320 440 4370 [iohler.
466 4329 490 4370 et
508 4321 612 4370 leletm.
633 4322 655 4371 l.
708 4335 756 4370 non
776 4321 832 4382 neg.
849 4319 887 4374 2..
913 4320 952 4383 qni
977 4327 1056 4368 temen
1081 4315 1114 4384 τῇ
1139 4327 1190 4365 σου
1216 4319 1296 4368 hahet.

74 4385 98 4432 ln
115 4385 163 4434 eliis
181 4395 204 4434 et
222 4387 292 4436 editis
310 4391 397 4437 desunt
415 4379 459 4434 ὅτι
473 4381 562 4452 μόνον
580 4403 655 4453 usque
708 4389 786 4439 Ceteri
805 4396 828 4436 et
847 4388 902 4437 editi
917 4385 948 4452 τῇ
965 4385 998 4452 σῇ
1012 4393 1035 4435 rt
1052 4384 1085 4452 τῇ
1103 4398 1153 4434 coo
1171 4395 1195 4435 et
1211 4377 1296 4434 nond

75 4452 101 4500 ad
116 4446 352 4516 norryrrdudqcov.
655 4449 657 4456 '
707 4459 827 4506 omittunt.

106 4519 126 4567 d.
143 4521 241 4582 Sequor.
260 4523 332 4572 tirell.
352 4530 375 4572 et
393 4521 483 4584 laelio.
502 4518 654 4588 γενόμενοι.
741 4525 757 4572 l.
777 4525 825 4586 lleg
846 4523 867 4572 l.
883 4521 983 4583 usqu.
993 4514 1112 4570 ἐπινοῶν
1120 4529 1143 4572 et
1158 4535 1212 4571 mos
1220 4513 1297 4586 ὅπερ.

105 4601 123 4635 a.
140 4587 177 4638 Sic
196 4590 251 4652 llep.
272 4590 293 4639 t.
316 4589 430 4641 tlttohon.
450 4597 473 4639 et
491 4593 590 4652 Sequar.
610 4605 655 4641 nec
740 4605 763 4654 g.
782 4590 873 4653 llam.
892 4587 926 4656 τῇ
942 4587 1132 4658 perpetuitate.
