3048 5052
480 355 589 402 onemo
604 355 625 402 ι.
642 355 758 400 eonrrm
771 357 909 442 ammos.
1239 347 1298 413 183
1381 399 1388 410 .

95 509 140 572 sed
158 517 269 572 aetem
291 514 376 588 atque
398 525 457 572 una
479 508 576 570 estin
598 506 745 572 Trinitote
766 505 916 584 divinitas,
943 527 1003 572 una
1023 511 1136 591 pariter
1157 521 1205 576 est
1226 527 1390 580 san-enea·
1420 560 1423 571 .

93 619 146 674 otae
165 609 312 674 Trinitatis
333 609 443 690 gloria:
470 627 524 670 vos
553 619 653 676 tamen
682 628 747 672 eam
777 609 807 670 in
835 609 967 674 diversas
994 622 1117 676 naturas
1146 613 1301 681 diffindere

93 711 200 785 audetis,
222 731 345 793 cumque
359 712 475 774 Patrem
491 719 644 774 aeternum
662 731 730 774 esse
752 711 933 786 concedatis,
955 713 1014 793 ipsi
1036 713 1073 778 de
1088 715 1197 792 Verbo,
1220 718 1301 800 quod

74 814 126 896 'illi
144 813 254 887 assidet,
277 814 390 876 dicitis:
412 813 480 876 Fuit
501 813 659 894 aliqnando
682 831 749 876 oum
771 831 833 876 non
856 822 947 888 esset,
968 814 1224 897 FilinmqnePani
1246 839 1299 882 as-

94 913 218 978 sidentem
246 903 296 978 ab'
309 916 417 1000 podem
445 934 600 978 removere
628 934 688 978 non
717 913 874 978 dubitatis!
919 915 1053 979 Crealrix
1075 927 1123 980 est
1150 927 1181 982 et
1202 920 1300 1002 opifex

95 1017 218 1094 Τιιιιὶιεες
239 1017 319 1082 hand
342 1016 440 1082 tamen
462 1016 672 1092 reformidatis,
696 1035 761 1078 eam
782 1017 861 1080 inter
881 1035 932 1080 res
954 1037 970 1079 e
993 1017 1086 1082 nihilo
1109 1021 1200 1084 leons
1222 1023 1299 1085 deii-

92 1136 154 1192 eere,
173 1137 224 1182 nee
243 1121 389 1184 veremini
411 1137 515 1190 servos
530 1137 617 1200 parea
632 1121 730 1181 faeere
744 1117 948 1182 nobilissimae
960 1118 1109 1196 Trinitati,
1133 1139 1301 1186 summum·

90 1238 137 1298 que
158 1239 253 1301 regem
279 1221 441 1284 Dominum
464 1220 595 1282 Sabaoth
624 1221 702 1283 inter
729 1221 867 1284 subditos
895 1219 1056 1286 collocare!
1100 1223 1233 1286 Desinite
1255 1243 1300 1300 ea,

89 1339 151 1401 guae
169 1323 353 1388 oommisoeri
375 1343 435 1386 non
459 1329 585 1403 queunt,
616 1322 676 1384 imo
699 1341 749 1397 ea,
779 1333 1047 1402 (praemorsam,
1076 1343 1144 1388 eum
1171 1323 1222 1386 illo
1250 1325 1301 1406 qni

89 1432 134 1498 est,
153 1425 235 1488 simui
255 1423 454 1504 permiscere!
500 1425 559 1498 Qui
582 1423 639 1486 ista
659 1425 835 1505 proterunt,
857 1441 919 1486 non
941 1424 1043 1504 gloria·
1058 1433 1088 1487 et
1108 1425 1225 1488 honore
1246 1424 1301 1489 sed

88 1523 227 1604 ignominia
250 1537 281 1589 et
302 1526 481 1590 contumelia
502 1526 662 1588 nominum
684 1526 825 1588 anciano.
868 1525 942 1588 Nam
966 1527 1017 1607 qni
1038 1527 1114 1590 Filio
1137 1527 1228 1590 inlert
1249 1527 1298 1590 in-

86 1626 191 1703 iuriam,
212 1628 304 1692 inlert
327 1637 357 1689 et
377 1627 469 1690 Patri.
514 1627 546 1689 si
569 1627 648 1690 enim
670 1645 750 1690 nuno
770 1627 901 1708 perlecta
923 1637 970 1692 est
990 1627 1022 1690 in
1043 1628 1188 1692 Trinitate
1210 1629 1299 1692 theo-

86 1727 159 1808 logia,
179 1730 299 1812 eiusque
323 1730 434 1810 agnitio
456 1748 525 1792 vera
547 1739 577 1792 et
598 1730 663 1792 sola
685 1739 733 1792 est
747 1729 871 1810 religio,
893 1739 982 1810 atque
1002 1730 1060 1792 hoo
1082 1739 1146 1806 est,
1169 1719 1248 1812 guod
1271 1739 1301 1794 et

85 1839 182 1894 reetnm
202 1841 232 1894 et
251 1833 321 1914 ipsa
342 1831 452 1894 veritas
474 1839 536 1908 est;
558 1831 589 1894 id
612 1839 692 1894 oerte
713 1850 833 1913 semper
854 1832 896 1894 ita
918 1831 1013 1894 luisse
1036 1831 1179 1912 oportuit,
1201 1851 1240 1896 ne
1258 1832 1299 1906 id,

86 1933 151 2011 guod
169 1941 280 1999 reolum
304 1942 342 1996 ει
356 1933 465 1996 veritae
488 1942 544 2008 est,
568 1933 638 2014 quid
661 1932 853 1998 adventitium
876 1952 945 1996 esse
960 1941 1012 1996 ant
1026 1932 1193 2012 theologiae
1213 1953 1311 2005 eom·,

85 2033 245 2110 plementum
268 2054 306 2098 ex
329 2033 501 2098 aooessione
523 2034 676 2098 constituti
697 2043 829 2116 putetur.
872 2033 906 2097 ld
928 2034 1048 2116 inquam
1080 2053 1206 2098 neeesse
1229 2054 1297 2100 om·

85 2135 143 2198 nino
161 2137 214 2203 luit
235 2156 306 2200 esse
330 2137 367 2198 ab
389 2137 580 2212 aeternitate3
608 2155 677 2200 nem
699 2137 726 2198 si
747 2136 784 2201 ab
807 2136 982 2202 aeternitate
1002 2155 1065 2200 non
1087 2137 1212 2214 luisset,
1240 2155 1298 2201 neo

85 2253 149 2300 nune
171 2239 242 2302 haee
269 2239 339 2320 ipsa
372 2237 519 2318 theologia
547 2238 608 2302 sive
637 2237 797 2300 divinitatis
826 2239 910 2300 notio
940 2236 1006 2300 talis
1035 2256 1104 2302 esse
1134 2247 1297 2320 oporteret,

86 2338 129 2400 sed
152 2340 260 2420 qualem
289 2340 330 2402 ab
359 2339 445 2402 initio
473 2340 568 2403 luisse
595 2339 723 2420 lingitis,
757 2347 791 2402 nt
817 2358 913 2420 neque
940 2358 1020 2402 nuno
1049 2349 1129 2402 esset
1157 2339 1384 2406 Trinitasnats.

85 2437 175 2502 Verum
193 2461 283 2504 nemo
308 2441 496 2505 Christianus
526 2449 585 2504 mm
611 2442 779 2523 petulantes
808 2437 965 2522 pertuderit
990 2441 1168 2504 haereticos.
1218 2441 1300 2504 Haeo

85 2539 150 2604 enim
174 2543 336 2607 Gentilium
362 2543 485 2625 propria
514 2553 600 2620 snnt,
629 2551 662 2605 nt
689 2545 793 2606 laetam
816 2543 956 2606 inducent
977 2535 1152 2605 Trinitatem
1175 2547 1300 2624 eam'que

85 2659 138 2704 cnm
156 2644 243 2708 rebus
265 2646 354 2708 laetis
377 2645 565 2726 coniungant.
610 2645 763 2725 Siquidem
792 2663 892 2708 rerum
914 2645 1056 2706 laetarum
1086 2651 1133 2704 est
1153 2643 1298 2705 delectio·

82 2760 128 2804 nes
147 2755 175 2808 et
193 2747 386 2810 aooessiones
409 2748 572 2829 suscipere.
616 2748 654 2815 tt
676 2746 911 2808 Christianorum
934 2744 1008 2806 fides
1030 2743 1243 2806 immutabilem
1265 2760 1300 2805 oo

83 2846 223 2921 perlectam
239 2849 349 2929 suique
365 2867 485 2932 semper
506 2850 635 2912 similem
652 2847 768 2910 beatam
784 2846 918 2926 agnoseit
934 2844 1120 2920 Trinitatem,
1143 2863 1198 2906 nee
1212 2844 1298 2924 qrrie-

83 2963 155 3024 qoam
180 2951 308 3030 amplius
339 2950 477 3014 Trinitati
494 2952 602 3025 addit,
635 2969 732 3031 neque
759 2967 824 3012 eam
853 2965 982 3028 unquam
1013 2947 1157 3010 delenisse
1179 2945 1297 3026 cogitat.

82 3043 143 3110 liam
162 3059 322 3132 unumque
344 3052 423 3118 dioto
445 3053 569 3134 impium
591 3062 649 3117 est.
691 3051 769 3114 ilino
791 3069 856 3114 eam
883 3068 945 3114 non
979 3050 1097 3131 ignorat
1118 3067 1185 3111 enm
1207 3046 1299 3110 rebus

82 3148 150 3212 laetis
171 3171 358 3233 nequaquam
381 3174 451 3218 esse
471 3155 664 3236 permixtam,
671 3154 932 3246 ‚individuamque
955 3152 1020 3214 eius
1044 3149 1204 3214 divinitatis
1227 3149 1298 3212 uni·
1359 3179 1363 3186 ·

83 3257 157 3314 loten
177 3263 206 3316 et
225 3265 330 3318 serrat
350 3265 379 3318 et
400 3257 523 3332 adorat,
546 3257 583 3318 ab
598 3257 781 3324 ¹dolenorum
803 3255 947 3318 abhorret
967 3249 1178 3335 impietatibus,
1202 3251 1298 3334 eonti-

83 3357 201 3435 tetnrque
223 3365 255 3418 et
277 3357 362 3420 novit
382 3376 503 3439 semper
524 3359 619 3422 luisse
641 3359 758 3422 Filium.
801 3357 949 3421 deterens
976 3355 1056 3416 enim
1078 3361 1124 3416 est
1146 3359 1178 3416 ut
1198 3352 1297 3428 Pater,

84 3453 154 3516 enm
173 3469 218 3521 est
238 3459 372 3532 Verbum
392 3468 557 3524 aeternum.
601 3461 634 3522 ld
657 3461 735 3548 enim
750 3461 864 3535 ‚iterum
885 3458 975 3520 libeat
996 3455 1154 3536 dispioere.

156 3561 202 3624 19.
248 3559 286 3622 Si
308 3559 472 3640 sapientiae
494 3569 524 3624 et
545 3563 622 3625 vitae
643 3563 712 3624 lons
734 3569 782 3624 eet
802 3569 832 3622 ει
852 3558 960 3622 dieitur
980 3555 1078 3630 Dens,
1108 3553 1151 3617 uti
1171 3573 1227 3635 per
1246 3555 1297 3616 le·

87 3657 190 3723 remim
210 3661 269 3725 ait:
293 3661 342 3724 Me
363 3663 592 3745 dereliguernnt
611 3665 730 3744 sontem
751 3677 845 3742 ogone
867 3663 969 3732 otone,
991 3664 1022 3720 et
1041 3674 1164 3720 rursus:
1199 3654 1298 3718 Tiro-

86 3771 134 3820 ιιιι
150 3761 265 3842 gloriae
290 3764 436 3838 eotenus,
460 3765 662 3847 sanctificatio
684 3772 803 3836 nostro,
828 3763 996 3842 expectatio
1018 3756 1137 3831 lereti,
1160 3755 1297 3826 Domine,

112 3925 130 3959 ι.
147 3912 214 3966 Forte
233 3913 406 3968 συνιστᾶται
658 3913 692 3972 0
709 3913 783 3964 editio
798 3913 917 3965 comrettl.
934 3909 1029 3962 πλεῖον
1046 3907 1086 3976 τῇ.
1125 3906 1296 3967 tutasque.

112 3978 126 4026 l·
141 3979 179 4032 su
195 3983 270 4035 tanti.
288 3986 380 4046 legite.
398 3985 455 4046 llog.
475 3981 580 4034 Folclrm.
591 3981 614 4033 2.
634 3991 658 4036 et
708 3972 771 4032 orire
794 3973 872 4041 ἐνδεῆ
894 3993 962 4030 ποτε
985 3969 1094 4036 ταύτην.
1131 3973 1195 4024 noio
1213 3972 1295 4023 etalii

84 4043 103 4094 5·
133 4042 656 4132 ltSegner3etl'elelm.l,niedrigern.
708 4039 773 4129 aridi
789 4041 867 4108 ἐνδεῆ
885 4041 995 4107 toritas.
1095 4105 1108 4120 .
1253 4103 1267 4119 .

84 4111 237 4168 tellemar
255 4115 408 4186 ariopalto.
424 4155 429 4164 .
446 4120 497 4170 lton
517 4120 621 4170 Feletm.
631 4117 657 4170 2.
742 4134 758 4168 ι.
777 4117 833 4180 lleg.
852 4124 877 4165 et
894 4115 999 4166 l'elolm.
1020 4109 1044 4160 d.
1069 4121 1127 4158 των
1143 4119 1294 4186 γεννζιτινν.

84 4188 104 4228 et
118 4183 184 4236 editio
202 4187 322 4240 Commel.
336 4179 470 4247 Ἑλλήνων
485 4179 542 4255 γὰρ
559 4184 657 4237 ταῦτα.
741 4186 764 4234 l.
783 4186 824 4235 ste
841 4184 899 4246 lleg.
923 4188 947 4232 et
964 4183 1066 4242 signer.
1105 4175 1132 4227 ln
1161 4175 1231 4226 oditis
1259 4167 1297 4231 oie

84 4243 134 4300 ltid
144 4251 198 4316 lleg.
209 4245 239 4306 ¹et
250 4253 355 4308 Felelm.
366 4256 390 4306 d.
407 4249 522 4320 γενειὴν
539 4247 656 4320 εἴιόγεν
708 4251 784 4304 deest
819 4251 873 4302 ilex
894 4249 995 4311 Segner.
1013 4238 1060 4294 καὶ
1075 4237 1131 4323 peip
1148 4237 1196 4292 sai
1211 4241 1295 4321 τεῦιρ

84 4323 103 4365 ιι
118 4333 168 4371 mox
185 4322 328 4386 γεννητοῖς
344 4331 369 4376 et
385 4321 533 4392 γεννητῶν.
707 4311 790 4370 πάλιν
833 4317 895 4370 Editi
906 4325 930 4367 et
940 4305 1037 4366 alitent
1051 4326 1106 4379 γαρ
1124 4303 1171 4362 nori
1186 4303 1218 4361 ἱν
1234 4325 1297 4360 τευ·

111 4399 131 4446 l·
147 4389 187 4442 Sie
203 4391 304 4454 Segmr.
323 4394 380 4454 lleg.
398 4393 472 4442 desit.
492 4401 516 4442 et
532 4389 657 4454 anglicam.
707 4400 748 4452 τῳ
765 4355 854 4434 uitta·
893 4383 954 4435 lbid·
972 4381 1096 4446 &tillim-
1121 4371 1228 4445 'iniri
1246 4373 1296 4441 ”if

85 4449 107 4498 tt
122 4454 190 4506 editio
208 4459 325 4510 domuel.
340 4458 508 4529 χρωιιανεῦ
526 4452 563 4508 δέ.
710 4455 821 4522 σοφίαι.
1271 4509 1295 4524 ,,

111 4519 306 4588 esre-sagae.
325 4528 422 4582 ιιιιιι.
442 4527 614 4580 neaeman
633 4525 657 4578 1.
744 4517 1082 4598 1.sreseruor·‚et¹oen
1102 4515 1143 4580 ¹⁷,
1162 4512 1195 4564 ¹2
1214 4509 1296 4590 ,⁸4¹⁰

86 4581 133 4650 id·
155 4605 211 4643 roro
234 4587 327 4651 antio
342 4609 370 4650 τι
388 4593 429 4665 τῇ.
466 4593 660 4650 retemta
709 4605 765 4646 tero
785 4598 809 4643 et
825 4589 867 4642 otii
884 4579 1049 4655 tgovperoo
1069 4577 1194 4652 ⁸7²th
1208 4589 1295 4624 ”W
