3110 5064
268 361 310 425 50
376 409 378 422 .
671 373 697 415 S.
712 373 866 417 Arnfflsu
880 373 1103 416 Ancnmmscom

182 526 327 590 ΜἉτοῦ
350 522 458 608 λόγου,
483 517 588 598 οότως
610 517 735 598 εἰκόνος
756 513 856 586 αἰποῦ
880 515 975 597 όντος
997 518 1030 586 ἒν
1053 511 1142 606 αὐτῷ
1165 516 1302 603 ἰκτίσθη
1317 521 1361 586 τὰ
1374 519 1479 587 πάντα.

269 620 375 702 οῦτως
396 624 432 690 δέ
453 646 505 700 τις
526 626 604 706 περὶ
625 623 684 686 τοῦ
705 627 819 705 κυρίου
842 618 1083 703 διανοούμενος,
1108 615 1145 686 οῦ
1169 620 1355 707 προςκόιγει
1375 625 1421 707 τῷ
1442 621 1482 686 λί-

267 709 323 811 θφ
345 727 404 790 τοῦ
427 720 725 809 προςκόμματος“ι,
750 715 835 786 ἀλλὰ
855 721 980 805 μᾶλλον
1003 720 1204 806 πορεύσεται
1225 719 1311 808 πρὸς
1331 722 1389 806 τὴν
1412 721 1483 806 λάμ-

268 839 331 913 ψιν
352 832 523 892 κατέναντι
544 827 603 892 τοῦ
626 821 738 911 φωτὸς
759 825 817 908 τῆς
839 817 1015 909 ἀληθείας·
1038 825 1136 889 τοῦτο
1159 822 1219 907 γὰρ
1236 819 1338 902 όντως
1353 823 1422 890 ἰστί
1436 826 1483 910 τῆς

267 923 448 1016 ”ἀληθείας
480 925 518 991 τὸ
556 923 723 1013 φρόνημα,
760 918 819 1010 κᾷν
848 924 1072 1008 όιαῤῥαγῶσιν
1100 911 1194 990 οῦτοι
1222 925 1481 1012 φιλονεικοῦντες,

244 1028 349 1117 ’μήτε
370 1026 428 1094 τόν
449 1025 539 1094 θεὸν.
555 1024 743 1112 σεβόμενοι,
773 1023 856 1112 μήτε
876 1023 955 1103 τοὺς
976 1024 1011 1091 ἐκ
1031 1028 1098 1090 τῶν
1120 1019 1324 1105 ἀποδείξεων
1346 1024 1483 1110 ἐλέγχους
1533 1047 1534 1090 ι

268 1128 510 1217 ἐντρεπόμενοι.
1533 1121 1534 1182 ί

355 1237 401 1298 18.
452 1231 494 1298 Οί
521 1231 581 1314 μὲν
605 1217 662 1294 οῦν
685 1229 762 1312 περί
785 1221 945 1310 Εόσέβιον
968 1223 1073 1306 οὕτως
1095 1224 1319 1311 ἐξεταζόμενοι
1340 1225 1417 1293 τότε
1439 1227 1484 1291 διὰ
1533 1213 1534 1308 λ

266 1334 402 1399 πολλῶν
424 1335 477 1399 καί
500 1329 713 1415 καταγνόντες
735 1329 871 1409 ἑαυτῶν,
894 1328 986 1394 καθὰ
1009 1339 1184 1414 προεῖπον,
1209 1325 1416 1413 ὑπέγραψαν,
1439 1328 1483 1393 καί
1533 1369 1534 1404 η

266 1432 482 1519 μεταγνόντες
503 1427 669 1520 ἠρέμησαν
690 1432 744 1497 καί
769 1425 984 1516 ἀνεχώρησαν.
1011 1429 1146 1517 ’ἐπειδὴ
1170 1431 1206 1496 όὲ
1221 1418 1315 1495 οὗτοι
1329 1427 1484 1495 νεανιενό-
1533 1475 1534 1506 ,

266 1558 361 1619 μενοι
382 1537 456 1611 ταῖς
479 1527 646 1616 ἀσεβείαις
667 1533 720 1596 καί
744 1531 1012 1608 σκοτοδινιῶντες
1034 1534 1110 1614 περί
1133 1529 1191 1614 τὴν
1213 1525 1376 1620 ἀλήθειαν
1398 1527 1483 1596 οὐδὲν
1533 1535 1534 1614 λ

268 1635 378 1722 ἕτερον
399 1629 421 1722 ἢ
441 1637 632 1720 κατηγορεῖν
653 1630 711 1719 τὴν
735 1630 873 1698 σόνοόον
896 1629 1128 1717 ἰπιχειροόσιν,
1153 1631 1342 1704 εἰπάτωσαν
1364 1627 1444 1718 ἡμῖν
1458 1629 1485 1696 ἰν
1533 1663 1534 1710 η

266 1742 375 1803 ποίων
406 1731 499 1801 αῦτοί
529 1737 666 1822 γραφῶν
692 1732 876 1817 μαθόντες,
905 1727 927 1819 ἢ
954 1731 1047 1817 παρὰ
1074 1739 1163 1812 τίνος
1184 1737 1250 1799 τῶν
1272 1727 1374 1816 ἁγίων
1396 1728 1485 1799 ἀκοό-
1533 1773 1534 1827 η

266 1863 397 1918 σαντες,
427 1834 722 1921 συμπεφορήκασιυ
751 1833 883 1912 ἑαυτοῖς
904 1833 1063 1920 ῥημάτια,
1092 1833 1131 1898 τό
1155 1833 1190 1913 ἐξ
1210 1828 1267 1900 οῦκ
1290 1830 1410 1914 όντων,
1439 1835 1484 1899 καί
1533 1847 1534 1920 η

267 1935 324 2003 οῦκ
345 1928 384 2022 ἦν
406 1940 486 2022 πρὶν
508 1939 665 2022 γεννηθῇ,
694 1937 750 2000 καί
782 1933 822 1998 τὸ
849 1924 889 2020 ἦν
911 1957 996 2002 ποτε
1024 1930 1080 2000 ὅτε
1102 1931 1160 2000 οῦκ
1181 1924 1236 2022 ἦν,
1265 1937 1318 2000 καὶ
1340 1933 1381 2000 τὸ
1402 1939 1485 2021 Ι’τρε-
1533 1967 1534 2024 η

266 2035 361 2117 πτόν,
384 2041 439 2104 καί
460 2035 499 2102 τὸ
522 2035 758 2124 προϋπάρχειν,
782 2037 836 2101 καί
858 2034 897 2100 τὸ
918 2034 1099 2123 θελήματι,
1124 2035 1158 2102 ἒν
1181 2031 1232 2114 οίς
1252 2034 1336 2103 κατὰ
1357 2039 1416 2100 τοῦ
1437 2061 1486 2100 κο·
1533 2027 1534 2108 λ

266 2145 339 2225 ρίου
362 2139 535 2219 παίζοντες
556 2138 813 2222 μυθολογοῦσιν.
858 2131 958 2220 όμίν
980 2136 1041 2222 γὰρ
1062 2136 1224 2222 μακάριος
1238 2138 1375 2216 Παῦλος
1397 2137 1485 2222 ίντῇ
1533 2167 1534 2228 η

265 2238 353 2325 πρὸς
377 2235 544 2323 Ἑβραίους
572 2244 671 2324 φησί·
703 2243 817 2303 πίστει
850 2241 987 2321 νοοῦμεν
1016 2243 1238 2326 κατηρτίσθαι
1264 2237 1341 2316 τοῦς
1370 2238 1488 2315 αἰῶνος
1533 2279 1534 2336 η

266 2340 388 2426 ῥήματι
408 2343 503 2418 θεοῦ,
528 2339 574 2417 εἰς
595 2337 634 2404 τὸ
656 2335 717 2423 ῖμὴ
740 2336 774 2404 ἰκ
790 2343 998 2424 φαινομένων
1013 2337 1052 2403 τὸ
1066 2338 1271 2424 βλεπόμενον
1285 2342 1485 2424 γεγονέναώ).
1533 2339 1534 2428 ἰ

267 2437 335 2508 ἀλλ’
361 2437 456 2509 οῦόίν
477 2439 587 2507 κοινόν
609 2441 656 2526 τῷ
680 2437 765 2525 λόγῳ
788 2437 874 2525 πρὸς
895 2437 971 2517 τοὺς
993 2439 1133 2518 αἰῶνας·
1156 2435 1255 2517 αῦτὸς
1275 2439 1336 2525 γάρ
1360 2439 1449 2506 ἐστιν
1471 2435 1486 2503 ό

265 2542 491 2629 προῦπάρχιον
519 2539 606 2628 ’ἰπρὸ
633 2544 699 2608 τῶν
722 2538 868 2619 αἰώνων,
898 2535 946 2606 δι’
971 2529 1011 2605 οὗ
1033 2542 1087 2605 καὶ
1110 2541 1142 2606 οῖ
1165 2540 1282 2618 αἰῶνες
1302 2538 1486 2625 γεγόνασιν·

266 2645 300 2713 ἐν
323 2645 360 2712 όί
379 2649 426 2732 τῷ
449 2649 594 2729 Ποιμένι
614 2649 814 2730 γέγραπται·
845 2640 961 2728 ἐπειδὴ
983 2643 1037 2708 καὶ
1059 2644 1158 2708 τοῦτο
1180 2646 1235 2707 καί
1255 2665 1309 2706 τοι
1330 2640 1375 2728 μὴ
1398 2635 1436 2707 ὂν
1458 2640 1488 2706 ἐκ

179 2757 256 2805 1²³2⁴·
265 2749 324 2814 τοῦ
345 2745 483 2826 κανόνος
504 2751 731 2834 προφέρουσι·
754 2747 907 2830 οπρῶτον
918 2741 1053 2809 πάντων
1065 2749 1255 2822 πίστευσον,
1279 2737 1487 2820 ότιείςέστιν

265 2847 402 2928 όθεός,
435 2844 453 2914 ό
481 2847 524 2914 τὰ
545 2847 656 2914 πάντα
678 2853 792 2923 κτίσας
813 2849 867 2911 καί
890 2850 1103 2929 καταρτίσας,
1133 2845 1187 2910 καί
1211 2842 1356 2929 ποιήσας
1378 2843 1411 2909 ἰκ
1433 2845 1488 2908 τοῦ

262 2949 307 3033 μὴ
341 2946 436 3026 όντος
469 2949 516 3026 εἰς
541 2947 580 3012 τὸ
610 2942 695 3013 εἶναι
721 2945 764 3011 τὰ
792 2945 911 3009 πάντα.
958 2940 1042 3010 ἀλλὰ
1069 2947 1122 3011 καί
1150 2947 1248 3010 τοῦτο
1271 2945 1374 3012 πάλιν
1396 2939 1488 3010 οῦόίν

262 3041 434 3130 πρὸςτὸν
461 3047 534 3112 υίόν
561 3046 647 3112 ἐστιΙ
682 3049 760 3133 περὶ
787 3042 848 3129 γὰρ
877 3047 943 3110 τῶν
965 3044 1100 3112 πάντων
1123 3047 1209 3130 λέγει
1229 3049 1295 3111 τῶν
1318 3039 1364 3112 δι’
1391 3040 1489 3110 αὐτοῦ

263 3151 454 3233 γενομένων,
478 3135 524 3211 ῶν
546 3148 599 3212 καί
624 3143 723 3224 ἀλλος
746 3145 834 3211 ἰστίν
858 3141 972 3224 αὐτός·
996 3141 1109 3232 οὐγὰρ
1126 3142 1489 3234 οἰόντετὸνδημιουρ-
1533 3155 1534 3192 ἰ

263 3251 389 3334 γοῦντα
405 3258 477 3325 τοῖς
498 3241 554 3312 ὑπ’
580 3240 680 3312 αῦτοῦ
702 3251 892 3331 γενομένοις
914 3255 1211 3332 συγκαταριθμεῖν,
1240 3248 1270 3314 εἰ
1290 3247 1334 3336 μὴ
1357 3251 1409 3314 καί
1433 3247 1489 3314 τὸν

264 3345 475 3432 ἀρχιτέκτονα
497 3357 570 3426 τοῖς
591 3341 647 3412 ὑπ’
672 3343 773 3413 αὐτοῦ
795 3353 983 3433 γενομένοις
1005 3349 1247 3437 οἰκοδομήμασι
1262 3349 1319 3416 τὸν
1335 3345 1434 3415 αὐτόν
1450 3347 1489 3414 ἀν
1533 3367 1534 3384 ·

261 3474 315 3527 τις
336 3452 562 3536 παραφρονῶν
585 3449 683 3533 λέγοι.
729 3450 949 3517 όιατί·τοίνυν
972 3445 1142 3537 ἀγράφους
1164 3448 1257 3516 αὐτοὶ
1281 3452 1384 3530 λέξεις
1405 3449 1490 3537 πρὸς
1533 3539 1534 3542 ¹

263 3545 417 3636 ἀσέβειαν
441 3549 650 3637 ἐφευρόντες,
675 3539 849 3618 αἰτιῶνται
869 3551 946 3631 τοῦς
967 3547 1149 3640 ’ἀγράφοις
1170 3554 1296 3632 λέξεσιν
1319 3549 1490 3638 εὐσεβοῦν-

261 3677 339 3732 τας,·
372 3650 492 3735 τὸμὲν
513 3650 574 3736 γὰρ
598 3646 730 3736 ἀσεβεῖν
752 3655 923 3731 παντελῶς
945 3645 1140 3731 κεκώλυται,
1163 3649 1223 3741 κᾷν
1245 3655 1412 3731 ποικίλοις
1434 3653 1490 3739 ῥη-

261 3775 346 3837 μασι
366 3754 419 3817 καί
444 3757 609 3830 πιθανοῖς
631 3759 819 3840 σοφίσμασι
841 3753 1054 3840 περιβάλλειν
1077 3749 1158 3820 αῦτό
1179 3779 1231 3833 τις
1254 3754 1418 3842 ἐπιχειρῇ·
1450 3753 1488 3819 τὸ

263 3855 299 3922 όὲ
322 3849 468 3939 εὐσεβεῖν
497 3849 590 3919 ὅσιον
618 3853 711 3939 παρὰ
744 3859 849 3923 πᾶσιν
879 3853 1102 3942 ὡμολόγηται,
1132 3851 1192 3943 κᾷν
1215 3855 1416 3937 ξενιζοόσαις
1438 3857 1490 3921 λέ-

262 3957 334 4036 ξεσί
354 3981 405 4034 τις
424 3953 599 4042 χρήσηται,
630 3955 691 4033 ἕως
712 3955 814 4040 μόνον
838 3954 857 4022 ό
879 3960 980 4044 λέγων
1004 3952 1134 4042 εὐσεβὲς
1155 3958 1244 4040 Ιἕχον
1264 3957 1303 4021 τό
1327 3956 1488 4044 φρόνημα,

260 4052 394 4124 καλεῖτ’
419 4053 543 4138 αὐτῶν,
576 4055 776 4142 ῦνενόηκευ,
801 4054 944 4145 εὐσεβῶς
965 4057 1121 4144 βούλεται
1142 4065 1321 4144 σημαίνειν.
1367 4056 1488 4140 τὰμὲν

331 4245 355 4306 1)
374 4245 443 4296 Rom.
462 4246 486 4306 9,
505 4246 546 4297 32.
616 4247 642 4307 2)
661 4247 733 4296 Hebr.
754 4247 793 4306 11,
813 4247 837 4297 3.

295 4393 317 4428 a.
337 4378 392 4440 nog.
412 4373 555 4444 εὐσεβείας.
903 4383 971 4446 prius
990 4397 1019 4430 εο
1039 4383 1149 4440 existere,
1169 4397 1196 4430 τε
1214 4381 1318 4447 deniquo
1336 4383 1430 4433 εΡεῑτε
1442 4397 1488 4432 σου

295 4447 318 4496 b.
334 4443 517 4511 Νεοτρελτίευί
535 4449 662 4506 docebant.
680 4451 782 4508 Verbum
797 4464 851 4498 esse
904 4458 988 4500 οειυικ
1007 4451 1048 4499 σαί
1067 4450 1187 4499 voluntate
1207 4465 1260 4498 esse
1280 4452 1434 4512 productum,
1454 4451 1492 4500 id-

261 4515 385 4564 muwbihs
405 4525 513 4572 naturae.
533 4518 563 4565 ίιτ
583 4529 608 4567 οι
626 4533 653 4567 se
671 4518 700 4567 εἰ
714 4517 848 4566 bonumve!
904 4533 950 4582 φιτ
968 4518 1017 4567 ime
1036 4518 1134 4568 vocibus
1153 4517 1309 4576 significatur.

262 4583 350 4632 malum
377 4592 461 4648 posset
487 4594 641 4649 convertam
669 4586 763 4636 Patrem
790 4587 847 4636 item
936 4601 956 4635 ο.
975 4586 1016 4636 Sic
1034 4585 1090 4648 λος.
1110 4591 1136 4633 οι
1154 4583 1252 4634 enom.
1274 4585 1303 4634 de
1321 4585 1490 4636 ίοσετσιιίοοτ
