3106 5056
500 375 657 424 esseron.
673 377 790 424 corrue
803 377 940 425 munos.
1259 365 1349 434 tat.

98 526 121 588 si
140 533 257 590 creatus
288 533 350 600 est,
378 543 488 606 resque
518 527 677 594 universae
699 537 814 594 essue
835 531 1009 614 peripsum
1032 534 1126 597 laetae
1148 545 1219 600 suot
1240 529 1272 600 ¹et
1291 536 1410 599 iuerat.

97 627 159 708 ipso
181 628 359 703 consistunt,
382 629 533 710 quomodo
556 639 586 693 et
606 650 656 694 res
680 641 794 695 creatas
817 651 919 696 creare
941 642 972 696 et
993 653 1051 698 una
1066 655 1102 700 ex
1123 637 1225 714 rebus,
1248 657 1325 721 quae

98 730 214 812 inipso
235 731 415 806 consistunt,
436 739 540 812 potest
561 730 655 796 asse?
684 733 767 808 Quae
788 733 907 798 illorum
929 747 1178 802 commentorum
1193 739 1325 806 absurda

98 849 163 894 esee
182 831 348 898 loerdeoter
368 841 477 913 patent,
499 841 580 897 certe
601 853 619 898 a
640 835 765 898 veritate
779 835 845 917 ipsa
866 836 1091 916 convincuntur,
1113 859 1190 922 quae
1204 843 1324 924 quidem

98 951 151 998 noa
173 935 271 1011 docet,
291 935 375 1000 illum
398 936 628 1018 primogenitum
649 937 681 1000 ln
702 937 803 1000 miultis
823 939 964 1002 iratribus
988 940 1146 1005 ob·carnis
1168 945 1325 1024 cognatio-

97 1055 163 1100 nem
183 1047 320 1102 rocstnm
340 1038 451 1115 losse,
480 1039 711 1122 primogenitum
733 1059 804 1104 vero
826 1059 862 1104 ex
883 1043 1029 1118 mortuis,
1057 1043 1128 1125 quia
1149 1063 1185 1108 er
1206 1047 1274 1126 ipso
1295 1055 1327 1111 et

98 1147 164 1220 post
183 1140 283 1221 psum
303 1149 492 1204 mortuorum
516 1151 565 1204 est
584 1143 783 1218 resurreetio,
813 1143 942 1224 deniqne
969 1144 1203 1227 primogenitum
1225 1149 1324 1212 omnic

98 1249 246 1304 menturae
267 1251 394 1324 propter
406 1242 504 1306 Patris
520 1244 551 1308 iu
573 1243 713 1308 homines
732 1244 956 1328 benignitatem,
978 1265 1034 1328 per
1048 1267 1136 1328 quarn
1150 1267 1213 1312 non
1227 1250 1326 1314 solum

98 1341 195 1406 omnia
215 1343 246 1406 in
273 1344 370 1424 ipsius
398 1343 495 1408 Verbo
525 1345 687 1410 constituta
715 1355 802 1424 sunt,
834 1366 937 1411 rerum
968 1348 1035 1430 ipsa
1064 1351 1153 1413 etiam
1180 1359 1326 1427 ereatura,

99 1461 182 1522 quse,
203 1453 235 1506 nt
255 1445 297 1508 ait
316 1446 488 1527 Apostolus,
512 1448 728 1514 revolutionem
747 1441 884 1531 filiorum
905 1433 966 1513 Der·
985 1463 1158 1533 mertone,
1183 1453 1326 1518 literuli-

100 1553 154 1606 ιιι·
172 1565 197 1610 o
213 1551 360 1611 ceredam
383 1553 593 1630 corruptionis
615 1553 649 1614 ἐπ
664 1549 835 1614 illectorem
848 1550 966 1631 gloriae
979 1553 1118 1633 filiorum
1131 1553 1201 1618 oet.
1236 1553 1327 1619 Cuius

97 1645 153 1708 lnoe
173 1655 260 1728 pacto
281 1649 422 1714 liberatae
444 1671 500 1715 nee
521 1671 583 1714 non
605 1653 755 1726 omniurn,
784 1653 833 1733 qui
863 1653 914 1717 lllii
936 1655 1004 1717 laeti
1026 1655 1162 1746 ruenni,
1180 1655 1327 1722 Dominus

96 1747 314 1830 primogenitus
336 1755 453 1816 loturus
482 1761 545 1828 est,
574 1763 605 1818 ut
633 1773 699 1818 oum
728 1755 794 1837 lpse
815 1755 930 1836 primus
953 1755 1074 1830 dieitur,
1105 1776 1140 1820 aa
1161 1776 1237 1838 quac
1257 1767 1329 1840 post

97 1847 197 1929 ipsum
219 1861 305 1928 sunt,
337 1863 549 1934 perseverent,
578 1863 610 1918 ut
638 1863 708 1937 pote
731 1875 807 1937 quae
829 1875 865 1918 ex
887 1855 984 1918 Verbo
1008 1865 1147 1940 tanquam
1169 1878 1205 1923 ex
1227 1859 1327 1941 aliquo

96 1953 245 2036 principio
266 1956 425 2037 pendeant.

182 2059 236 2122 64.
280 2057 359 2121 Sane
380 2078 437 2122 nec
458 2078 513 2139 ego
536 2059 677 2132 dubitem,
700 2059 773 2140 quin
794 2061 879 2140 ipsos
903 2060 991 2124 etiam
1006 2060 1116 2143 impios
1130 2061 1240 2143 pudeat
1254 2071 1416 2126 sunem
1490 2095 1497 2108 -

95 2155 268 2222 huiusmodi
290 2160 465 2224 sententiae.
509 2159 574 2224 Nisi
597 2161 676 2224 enim
699 2161 738 2224 ita
761 2179 795 2224 se
815 2180 866 2224 res
883 2162 1000 2238 habeat,
1022 2163 1065 2225 uti
1081 2181 1173 2246 supra
1188 2163 1327 2240 diximus
1362 2179 1367 2186 '

97 2259 151 2322 sed
174 2279 244 2324 eum
267 2265 372 2324 natura
394 2272 525 2326 creatum
548 2264 627 2326 inter
648 2283 697 2326 res
719 2263 833 2326 creatas
856 2265 946 2328 uelint
973 2284 1043 2328 esse
1069 2283 1172 2330 rernm
1194 2267 1329 2330 omnium

93 2371 264 2427 meatorum
284 2364 533 2444 primogenitum,
556 2365 791 2455 animadvertant
812 2385 845 2428 se
868 2387 903 2430 eo
925 2386 1160 2448 progressuros,
1192 2368 1331 2432 utillum

94 2462 253 2528 brutarum
275 2465 468 2530 animantium
491 2485 651 2547 rerumque
673 2468 899 2530 inanimatamm
922 2469 1043 2531 tratrem
1066 2479 1096 2532 et
1110 2467 1237 2532 similem
1260 2487 1331 2534 esse

94 2567 270 2648 opinentur.
314 2567 469 2648 Siquidem
497 2569 553 2632 hae
580 2587 699 2649 quoque
720 2577 824 2652 partes
845 2579 916 2632 sunt
937 2588 1036 2632 rernm
1059 2570 1193 2632 omnium
1215 2579 1330 2634 ereata·

93 2687 172 2732 rnm.
219 2669 351 2734 Necesse
380 2678 428 2732 est
457 2679 555 2734 autem
586 2670 817 2750 primogenitum
846 2669 925 2733 solo·
941 2681 1077 2751 tempore
1097 2669 1229 2752 primum
1251 2689 1331 2748 esse,

91 2787 210 2850 genere
231 2775 302 2834 rerd
318 2763 356 2834 'et
376 2771 570 2835 similitudine
593 2771 720 2834 eundem
742 2790 810 2833 esse
832 2791 867 2834 ae
888 2789 1011 2846 omnes,
1043 2789 1172 2852 quorum
1199 2778 1247 2834 est
1265 2772 1331 2853 pri-

92 2875 281 2956 mogenitus.
323 2875 368 2936 Αιι
391 2894 451 2937 uon
471 2893 575 2956 porro,
599 2892 664 2936 cum
680 2873 754 2937 haee
769 2873 880 2948 dieunt,
903 2892 1022 2936 omnem
1037 2872 1333 2956 praetergrediuntur

91 2973 307 3058 impietatem?
343 2977 417 3051 Quis
440 2995 511 3039 vero
533 2977 607 3038 haee
628 2973 697 3040 illos
718 2974 853 3038 dieentes
875 2973 973 3038 leratl
1002 2983 1054 3037 aut
1074 2974 1175 3058 potius
1199 2973 1266 3056 quis
1287 2973 1334 3038 rel

92 3077 165 3140 talia
201 3077 366 3156 cogitantes
395 3079 466 3141 odio
496 3097 558 3140 non
590 3075 815 3158 prosequetur?
859 3077 956 3140 Palam
990 3077 1070 3140 eninr
1102 3076 1243 3140 omnibus
1275 3085 1333 3152 est,

89 3197 197 3260 neque
221 3197 290 3240 eum
310 3187 435 3260 propter
457 3199 500 3254 se,
525 3189 663 3260 tauquam
687 3180 714 3242 si
737 3188 854 3243 creatus
883 3191 978 3256 esset,
1012 3197 1110 3260 nequo
1138 3179 1178 3242 ob
1204 3178 1334 3262 aliquem

90 3281 327 3360 cognationem,
361 3299 449 3361 quam
484 3281 647 3344 secuudum
679 3289 814 3345 naturam
843 3301 909 3344 cum
944 3281 1084 3344 omnibns
1112 3281 1204 3346 rebus
1226 3279 1334 3344 creatis

90 3382 227 3458 habeat,
251 3399 352 3445 earum
374 3402 442 3446 esse
464 3383 698 3464 primogenitum
720 3385 916 3467 appellatumq
949 3383 1002 3448 sed
1025 3391 1171 3465 quatenus
1194 3381 1335 3460 Verbum,

91 3503 164 3548 eum
190 3503 245 3547 res
274 3493 388 3550 creatas
417 3484 501 3548 initio
532 3486 645 3560 effecit,
676 3505 710 3548 se
733 3486 769 3549 ad
793 3505 843 3550 eas
871 3485 1000 3566 benigne
1028 3483 1274 3555 accommodarit,
1304 3489 1339 3545 ut

90 3587 161 3650 lieri
185 3595 328 3667 possent.
372 3585 435 3650 Nee
456 3587 535 3650 euim
565 3587 630 3650 eius
651 3595 810 3664 naturam,
841 3607 917 3669 qnae
943 3605 1038 3670 purus
1068 3594 1098 3648 et
1124 3593 1267 3668 paternus
1290 3591 1340 3647 eat

90 3687 258 3769 splendor,
280 3689 360 3750 lerre
373 3687 555 3770 potuissent,
577 3689 637 3752 nisi
653 3707 687 3752 se
702 3690 740 3752 ad
753 3689 819 3776 illas
832 3697 956 3771 paterna
970 3685 1151 3768 benignitate
1165 3701 1337 3748 accommo-

86 3870 176 3942 μίγα.
209 3873 353 3924 Petelino.
367 3865 471 3941 rdrprr'
492 3866 578 3924 edelr
596 3887 697 3942 corrp-
783 3889 806 3938 g.
823 3874 928 3926 Falclm.
942 3875 967 3928 2.
988 3881 1012 3924 et
1029 3873 1086 3924 editi
1104 3863 1222 3938 ripr'puw
1239 3859 1339 3920 αὖτῶν.

83 3939 166 4024 μέγα
194 3933 288 4056 oiecnep
301 3935 335 4022 fs
351 3955 426 3996 τινος
443 3935 529 4022 ἀρχῆς
546 3933 634 4022 nitori,
649 3941 698 4022 qod
750 3943 829 3994 Ceteri
842 3957 900 4020 mss.
913 3931 1030 4009 ἂψύχων
1043 3931 1137 3991 αὐτόν.
1167 3937 1338 4055 ἣξειςδοκιιος.

84 4009 698 4146 inmittat,“atctt'lta‘tttt
749 4009 1342 4129 lllalfl'illisit'llleltlludf‘ll‘

85 4146 157 4228 τοῦἱ
172 4139 268 4226 λόγῳ
293 4140 428 4226 διαμείνθη.
468 4148 512 4198 llil
536 4157 560 4198 et
580 4148 640 4228 ¹editi
664 4139 699 4196 rt
785 4149 808 4198 ln.
822 4147 867 4226 ¹§ic
883 4147 983 4226 Segoer.
1002 4143 1101 4222 Gopler.
1119 4141 1224 4192 falcium.
1245 4142 1267 4192 l.
1281 4149 1304 4192 et
1316 4141 1342 4194 l.

83 4227 299 4351 Ξὲξξςᾝῖι
311 4205 700 4350 ἶῗῗιΐβὶυῗῗῖἕμρἷνὶἷΜ
740 4213 1094 4340 ,ΔιιΨὲιὛῖῗὲἳῖἴῖἴιῖῗ
1110 4277 1214 4328 raram.
1234 4277 1257 4328 1.
1276 4284 1300 4355 a
1315 4275 1343 4328 ι.

122 4357 142 4403 l.
170 4351 402 4413 Scenaedontsr.
421 4351 528 4402 lelclm.
549 4353 607 4402 l.et
624 4341 700 4404 ude
750 4341 851 4400 ot'rcsd
884 4340 991 4398 teratu.
1026 4347 1083 4424 lleg.
1102 4353 1126 4396 at
1144 4345 1299 4424 Felelrroqnun
1317 4345 1342 4422 ῦς

81 4413 284 4488 προείπομεν.
308 4417 389 4470 Ceteri
406 4429 430 4470 et
447 4421 505 4470 editi
523 4409 592 4474 cirne
627 4411 700 4469 cirro-
751 4409 784 4470 nr’r
802 4409 836 4466 δι’
856 4409 963 4467 ἑαυτόν.
999 4415 1072 4492 Bruti.
1096 4421 1120 4464 at
1137 4414 1205 4476 lugl.
1224 4407 1288 4467 rodi
1305 4405 1335 4454 cle

83 4503 152 4556 μιν.
200 4487 283 4538 Panlo
307 4495 364 4552 post
393 4487 499 4538 Felclm.
524 4489 548 4539 4.
572 4483 701 4538 otnero
751 4477 846 4538 oderis.
883 4486 961 4536 Ceteri
980 4489 1005 4534 et
1023 4483 1080 4534 editi
1098 4471 1162 4562 ccidi
1180 4473 1286 4562 delicet

83 4560 220 4636 idemque
242 4563 266 4604 et
282 4555 383 4634 Segner.
401 4571 429 4608 rc
447 4556 552 4636 [eloim.
571 4557 594 4606 5.
612 4548 702 4634 ζιάσης
786 4542 1084 4632 l.Segn.ctllpg.os’¹tit·.
1101 4549 1262 4604 ttueredrur

84 4639 138 4686 cqc
156 4631 301 4676 κτισεως..
318 4623 381 4674 Educ
393 4625 466 4676 etalu
479 4621 699 4684 adornamur.
787 4624 804 4674 l.
821 4623 921 4688 Segner.
939 4631 1064 4688 qrrrm.
