3072 5056
478 351 587 396 omaro
603 352 625 395 r.
641 352 757 396 cocras
771 353 907 397 ammos.
1237 343 1298 406 149
1320 406 1326 415 ,

94 503 153 566 lalse
172 501 332 574 coniieiant,
354 501 404 581 quii
427 501 474 564 sni
497 501 610 564 similes
633 521 695 565 non
717 512 797 577 sunt,
820 513 853 564 nt
874 503 961 566 etiam
977 503 1164 568 Christianos
1187 527 1203 569 a
1225 525 1384 588 pro-nme.

91 605 153 684 priis
174 603 316 682 magistris
338 601 429 666 uelint
449 603 612 684 appedare,
642 623 701 684 quo
729 605 869 667 nimirum
897 607 956 667 hoo
983 615 1069 686 paeto
1097 608 1154 686 ipsi
1181 627 1299 689 quoque

91 706 227 767 rideantur
248 703 407 768 Christiani
428 705 578 785 appellari.
623 705 667 768 Ne
694 707 814 786 iuquam
844 707 875 768 in
902 717 963 769 tam
990 707 1139 788 probroso
1162 709 1220 772 hoc
1242 729 1298 772 suo

90 807 193 868 nomine
214 806 422 870 erubescentes
443 806 534 868 redut
555 809 674 887 nugari3
703 817 754 870 aut
781 809 807 870 si
835 828 903 870 vere
933 808 1127 884 erubescunt,
1156 813 1202 874 rel
1231 831 1299 874 sese

91 907 252 970 abscondant
277 909 325 971 rel
352 928 368 970 a
395 909 517 989 propria
543 910 676 973 resiliant
699 911 860 990 impietate.
904 911 965 972 Nec
988 911 1067 974 enim
1087 931 1216 992 unquam
1239 933 1297 993 po-

91 1009 162 1088 pulns
181 1029 195 1071 a
215 1009 347 1090 propriis
369 1009 529 1090 Episcopis
552 1029 660 1073 nomeu
683 1011 805 1091 aceepit,
829 1011 882 1074 sed
905 1031 922 1072 a
943 1011 1081 1086 Ilomiuo,
1105 1013 1135 1074 in
1158 1033 1245 1093 quem
1269 1023 1299 1078 et
1411 1074 1413 1083 ,

89 1111 161 1171 ddem
180 1111 332 1174 hahemus.
377 1111 452 1174 Hinc
475 1113 543 1173 lieet
565 1112 643 1174 heati
664 1113 798 1193 Apostoli
822 1113 954 1192 magistri
977 1116 1073 1176 nostri
1096 1124 1126 1176 et
1146 1115 1297 1196 Evangelii

87 1212 227 1276 Salmtoris
249 1213 417 1276 administri
440 1215 567 1285 luerint,
597 1235 632 1276 ex
660 1215 718 1276 illis
747 1223 846 1277 tamen
875 1235 935 1276 uon
966 1215 1169 1288 nominamur,
1204 1218 1256 1278 sed
1279 1231 1382 1280 amma.

87 1313 188 1375 Christo
210 1315 370 1378 Christiani
394 1324 425 1376 et
447 1335 550 1378 sumus
572 1327 600 1378 et
623 1316 757 1379 dicimur.
802 1317 839 1379 Hi
862 1328 976 1390 autem,
1006 1318 1055 1397 qui
1085 1318 1122 1379 ah
1152 1318 1218 1380 aliis
1240 1319 1295 1380 ha-

84 1413 142 1476 hent
161 1435 229 1478 suae
250 1417 322 1478 lidei
344 1417 498 1497 originem,
522 1427 720 1497 congruenter
736 1419 852 1480 illorum
869 1421 989 1481 nornine
1004 1427 1156 1492 notantur,
1180 1429 1298 1501 utpote

84 1517 124 1594 qui
142 1519 174 1579 ad
196 1518 318 1582 eosdem
339 1519 518 1599 pertineant.

151 1927 180 1988 3.
221 1924 302 1986 Sane
325 1945 391 1986 cnm
413 1943 469 1986 rios
492 1943 596 1986 omues
619 1943 635 1985 a
658 1924 775 1986 Christo
792 1923 951 1986 Christiani
973 1933 1003 1986 et
1025 1943 1161 1986 essemus
1185 1934 1214 1986 et
1236 1943 1294 1985 no·

80 2027 253 2100 miseremur,
277 2028 390 2088 eiectus
410 2025 481 2088 olim
504 2035 551 2088 est
564 2026 695 2088 Marcion
717 2025 850 2088 haeresis
873 2033 993 2101 anctor;
1015 2033 1103 2104 atque
1117 2025 1148 2087 hi
1163 2025 1294 2105 quidem,

80 2125 119 2204 qui
139 2147 199 2190 mm
221 2129 272 2190 illo
295 2136 542 2209 permanserunt,
571 2127 621 2207 qni
644 2128 823 2190 Marcionem
845 2127 970 2207 expulit,
1002 2127 1161 2188 Christiani
1184 2145 1294 2190 nomen

80 2229 263 2304 retinuerunt,
294 2229 344 2309 qui
367 2249 438 2290 roro
461 2229 555 2290 secuti
578 2238 649 2290 sunt
671 2229 865 2302 Marcionem,
895 2229 1124 2292 *Marcionistae
1152 2227 1293 2306 deinceps

79 2339 135 2390 suut
154 2331 300 2412 appellati.
347 2329 490 2396 Similiter
512 2329 700 2406 Valentinus,
728 2329 890 2404 Basilides,
918 2329 1105 2392 Manichaeus
1136 2337 1166 2390 et
1187 2329 1291 2390 Simon

79 2429 162 2508 llagus
182 2433 340 2513 proprium
362 2449 474 2494 nomen
496 2433 560 2494 suis
582 2433 705 2494 asseclis
728 2432 952 2512 impertierunt3
982 2433 1061 2498 unde
1089 2429 1138 2493 alii
1160 2429 1290 2493 Valenti·

77 2531 151 2604 niam,
171 2533 220 2596 alii
241 2533 427 2607 Basilidiani,
449 2533 497 2595 alli
512 2533 683 2606 Manichaei,
707 2533 874 2596 Simoniani
888 2533 947 2605 alii,
970 2533 1077 2612 aliique
1093 2531 1290 2612 Cataphrygss

76 2633 237 2713 aPhrygia,
268 2644 300 2696 et
322 2653 338 2696 a
361 2635 474 2696 Novato
496 2635 650 2698 Novatiani
672 2642 888 2712 nuncupantur.
932 2634 975 2695 lta
998 2632 1135 2694 similiter
1155 2631 1291 2694 Meletins

75 2751 87 2794 a
105 2733 187 2797 Petro
208 2735 364 2816 Episcopo
386 2744 417 2799 et
438 2745 565 2815 mamare
588 2735 700 2798 eiectus
730 2753 803 2798 suos
832 2753 895 2796 uon
917 2733 974 2795 iam
998 2733 1124 2813 amplius
1147 2731 1291 2794 Christia-

75 2853 119 2896 nos
140 2837 190 2899 sed
211 2839 388 2902 Meletianos
411 2837 534 2900 vocavit.
579 2837 631 2900 Sic
652 2837 742 2915 igitur
763 2836 851 2898 etiam
873 2843 1031 2916 postquam
1053 2835 1157 2896 heatae
1175 2851 1291 2894 memo·

74 2936 123 2998 riae
142 2939 308 3002 Alexander
327 2937 429 3002 Arium
451 2939 547 3012 eiecit,
569 2938 611 3013 hi,
634 2937 683 3016 qui
706 2955 772 3000 cum
787 2936 953 2999 Alexandro
974 2935 1179 3014 perstiterunt,
1203 2933 1291 2996 Chri·

74 3039 147 3100 stiani
167 3050 200 3102 ut
220 3051 310 3104 antea
332 3041 402 3104 dicti
424 3049 504 3114 sunt,
527 3041 578 3120 qui
599 3047 698 3102 autem
721 3057 788 3102 cum
810 3037 879 3100 Ario
903 3044 1107 3110 recesserunt,
1130 3035 1291 3098 Salvatoris

74 3157 168 3204 nomen
188 3143 292 3216 nohis,
316 3141 365 3222 qui
388 3161 453 3204 oum
475 3140 642 3204 Alexandro
664 3141 873 3214 remansimus,
896 3139 1095 3218 reliquerunt,
1118 3145 1148 3200 ct
1169 3137 1210 3200 illi
1232 3139 1289 3200 iam

74 3239 129 3302 inde
149 3243 248 3307 Ariani
270 3253 343 3308 sunt
363 3244 511 3324 appellati.
544 3243 621 3305 Hinc
642 3261 712 3323 ergo
735 3243 787 3323 qui
808 3243 879 3304 item
901 3250 971 3321 post
984 3239 1141 3302 Alexandri
1163 3247 1290 3302 mortem

73 3361 128 3404 cum
147 3347 310 3409 Athanasio
339 3345 404 3407 eius
426 3363 602 3422 successore
624 3353 654 3406 et
675 3345 756 3416 aliis,
785 3343 960 3423 qrrihuscnm
988 3341 1053 3420 ipse
1081 3339 1289 3413 communicat,

73 3447 287 3520 communicant,
312 3447 435 3509 eandem
458 3446 499 3508 illi
520 3446 653 3508 retinent
673 3447 809 3518 sormam,
831 3463 928 3524 neque
951 3443 1039 3522 aliqui
1062 3442 1141 3504 inter
1155 3460 1208 3504 eos
1230 3459 1288 3501 no·

73 3545 139 3607 mine
158 3547 222 3610 eins
247 3547 460 3626 insigniuntur,
481 3565 578 3627 neque
599 3548 665 3627 ipse
688 3545 816 3620 illorum,
839 3547 893 3608 sed
915 3563 1020 3620 ornnes
1034 3563 1140 3606 rursus
1162 3550 1191 3604 et
1213 3559 1288 3602 con·

74 3655 145 3708 sueto
171 3668 258 3712 more
281 3649 442 3712 Christiani
468 3657 620 3712 vocantur.
666 3648 798 3710 Tametsi
826 3649 904 3710 enim
935 3647 1143 3726 magistrorum
1166 3657 1288 3704 succes·

128 3901 142 3930 *
159 3898 252 3968 [Δόὀο;
271 3916 322 3980 non
339 3902 445 3966 amplius
463 3902 593 3954 Christiani
611 3896 667 3968 sod]

98 4035 119 4082 l.
136 4037 174 4087 Sic
191 4039 295 4102 Segner.
313 4037 437 4100 Anglican.
457 4027 529 4088 Basil.
548 4037 646 4088 Gohler.
698 4037 773 4088 Panlo
797 4045 853 4101 post
875 4039 977 4098 Segner.
1000 4024 1155 4097 μακαρίτου
1170 4013 1288 4102 Fidei&-

72 4099 161 4154 lelclm.
174 4105 231 4157 ta.
247 4107 305 4157 eth.
341 4105 367 4156 ln
386 4106 461 4168 llrgio
479 4114 531 4155 arat
548 4120 646 4170 quoqne
698 4098 774 4171 ὅρου.
793 4105 855 4156 Editi
867 4102 940 4154 etalii
950 4099 1089 4167 μακαρίου
1103 4087 1286 4157 mesonma.

71 4165 129 4216 mie
146 4167 273 4238 Φρύγας,
293 4173 337 4224 aad
356 4173 420 4223 mala
438 4173 592 4222 emendatum
610 4181 648 4222 ast
731 4207 754 4256 k.
773 4207 815 4256 Sic
839 4205 939 4268 Sem..
964 4199 1063 4250 Gom„
1088 4205 1112 4248 ,ι
1135 4193 1242 4245 percum,
1263 4195 1286 4244 ι,

70 4232 129 4284 aurit
146 4236 277 4306 denariae.
303 4240 481 4305 EditiKnrmp
501 4231 570 4304 dyas.
594 4240 647 4290 Mox
736 4274 760 4286 ..
921 4259 968 4280 ..a
1035 4299 1043 4315 .

71 4302 276 4366 &rochohlen
295 4307 472 4360 ethelstimi.
518 4299 646 4363 condano,
697 4274 760 4325 Eam
779 4287 835 4322 vm
854 4279 877 4322 ‘⁸
895 4270 935 4320 ⁸¹¹¹
955 4265 1034 4334 ημῶν
1101 4357 1139 4380 Η
1181 4355 1215 4378 Η

72 4369 253 4428 Montani.
289 4376 425 4430 intimi».
439 4369 579 4438 uaporem
591 4376 647 4424 Nu·
734 4375 750 4424 l.
769 4375 870 4436 chucr.
882 4377 906 4420 at
916 4370 972 4430 tteg.
992 4367 1066 4418 codex
1077 4377 1159 4421 curor
1177 4380 1192 4414 ο
1209 4361 1288 4444 Affer-

73 4439 194 4496 l‘ftmt'·
231 4445 295 4496 Editi
314 4435 555 4500 ustilliacum,
574 4443 647 4492 Nun-
698 4435 802 4494 νάσιος.
838 4437 912 4490 Panlo
930 4443 987 4501 post
1004 4436 1077 4486 editio
1089 4433 1206 4486 Commel.
1224 4443 1287 4480 outa

74 4509 174 4560 arunt.
210 4511 266 4564 Ιοι
282 4511 355 4562 hasil.
372 4506 511 4564 Μελέτιος.
698 4503 728 4560 ἐκ
745 4501 862 4558 ἐκείνων.
899 4505 947 4556 Sed
965 4496 994 4554 ἐκ
1011 4505 1080 4558 abeat
1097 4520 1111 4554 a
1126 4501 1286 4566 Segncriano,

99 4575 112 4624 i.
135 4577 208 4631 tant.
235 4587 261 4630 et
280 4579 386 4632 deletu.
405 4579 429 4632 h.
455 4571 647 4633 Melarteradr.
698 4577 773 4640 tregia
792 4583 816 4627 st
833 4573 940 4626 Fclrlm.
956 4573 980 4624 5.
