3122 5060
490 333 600 380 umaro
616 333 659 380 ιιι.
676 315 793 385 ounrnu
806 335 941 382 umeros.
1253 325 1319 392 549

90 489 273 564 potcstutem
293 482 436 550 adversus
458 483 618 550 daemones
639 493 904 568 consequentum,
926 488 959 554 in
979 489 1068 556 cuniis
1083 509 1155 557 reru
1179 501 1405 574 mammeam.

91 584 286 666 corruptione
317 585 433 650 liberati
464 595 609 667 perpetuo
642 593 768 668 regndrs
799 591 928 669 possint.
978 591 1012 656 ld
1043 594 1122 658 enim
1154 596 1319 674 generatim

92 687 250 768 sciendum
271 696 327 762 est,
349 687 423 752 nib'd
443 706 558 762 eorum,
581 707 656 768 quoe
677 691 828 772 occepisse
848 691 929 767 uteie
951 693 1038 776 queri
1059 713 1095 758 es
1114 715 1175 758 non
1196 696 1320 764 baberet

91 788 256 870 accepisse,
278 807 347 855 nom
368 789 496 852 Verbum
518 798 553 852 ut
572 799 643 870 pote
666 791 745 854 Deus
768 791 817 856 illu
839 812 959 874 sempor
980 793 1092 860 babuit
1134 797 1244 862 Verum
1264 818 1318 862 ss-

92 892 225 956 cuudum
244 891 402 958 bumunom
429 899 564 956 usturam
593 893 744 974 accepisse
773 913 852 958 none
879 895 1001 970 dirime,
1035 906 1068 960 ut
1088 915 1176 962 carne
1197 899 1228 962 in
1250 900 1318 980 ipro

91 993 257 1074 accipiente
278 992 348 1058 inde
367 992 399 1056 iu
421 992 509 1055 nobis
531 1011 608 1074 quse
628 994 696 1058 dota
716 1004 788 1058 sumt
808 1003 981 1060 constanter
993 1007 1212 1078 permanerent.
1244 1001 1319 1068 Num

92 1105 122 1156 et
149 1095 237 1172 illud,
269 1094 350 1176 quod
378 1115 396 1158 a
424 1095 513 1158 Petro
545 1094 656 1158 dnum
683 1105 744 1160 est:
785 1098 849 1172 Qui
873 1101 989 1182 occepit
1010 1118 1031 1161 u
1051 1099 1116 1164 Deo
1136 1099 1267 1180 plocium
1289 1111 1319 1169 et

91 1197 256 1268 bonorem,
288 1197 430 1262 osorem
459 1199 523 1278 iprr'
547 1197 682 1277 Aupelt's,
715 1197 821 1264 eodem
853 1199 943 1262 ruodo
971 1208 1019 1263 est
1052 1200 1317 1283 interpretandum.

92 1298 351 1372 Quemadmodum
379 1297 460 1360 enim
488 1305 521 1360 ut
546 1299 638 1360 bomo
672 1299 896 1374 scindebatur,
923 1309 954 1362 et
979 1301 1123 1366 tuarum
1146 1311 1179 1366 ιιι
1198 1303 1319 1368 Densa

91 1400 223 1462 mortuis
248 1399 409 1474 excitabat,
442 1399 482 1463 ita
509 1400 582 1462 baec
613 1419 669 1464 ccx
691 1406 806 1484 occepit
828 1401 865 1466 ds
886 1403 1015 1466 bumana
1035 1412 1140 1468 natura
1161 1405 1238 1468 dicto
1259 1413 1319 1482 est,

90 1501 271 1584 Angelorum
291 1511 389 1568 comm
411 1500 555 1566 subiectio
580 1501 667 1566 Verbi
689 1503 872 1568 divinitstem
894 1504 1087 1570 demonstrat.

178 1607 231 1668 41.
274 1603 406 1668 Tandem
429 1623 499 1683 ergo
521 1603 675 1684 quiescite,
700 1623 718 1666 o
739 1604 802 1668 Deo
824 1605 923 1681 invisi,
945 1607 1132 1688 verbumque
1153 1608 1320 1689 deprimere

88 1704 233 1779 desinite,
254 1724 329 1770 neus
351 1705 414 1770 eius
436 1705 629 1780 divinitatem,
651 1723 726 1786 quse
748 1707 853 1772 endem
872 1716 920 1772 est
929 1708 1037 1784 Patris,
1059 1709 1189 1774 udimme
1210 1709 1320 1784 velitis,

87 1816 217 1890 utpote
238 1825 326 1888 quem
347 1807 529 1892 irpdigentem
558 1827 628 1870 esse
655 1817 684 1870 et
711 1807 898 1888 ignorantem
930 1810 1120 1885 existimetis,
1154 1829 1192 1874 no
1219 1819 1320 1876 cestre

87 1917 314 1974 commentarit
336 1909 406 1974 olim
428 1908 529 1980 ludaei
551 1908 665 1990 lapides
688 1910 719 1972 in
742 1909 893 1974 Christum
914 1911 1036 1976 iaciatis.
1078 1913 1140 1976 Nec
1160 1913 1239 1978 enim
1260 1915 1321 1978 istu

86 2012 128 2074 ad
157 2011 287 2078 Verbum
300 2069 304 2076 ,
318 2021 464 2092 quotenus
493 2010 622 2074 Verbum
656 2021 704 2074 est
735 2012 900 2094 pertinent,
932 2013 986 2076 red
1017 2013 1171 2080 bominum
1197 2015 1318 2096 propria

86 2121 174 2176 sunt.
201 2113 360 2176 Enimvero
384 2112 632 2194 quemadmodum
655 2113 706 2176 itto
730 2122 926 2196 conspuente.
950 2133 1068 2178 menum
1090 2116 1266 2180 extendente
1288 2123 1320 2178 et

88 2217 237 2280 Lazarum
258 2225 381 2278 recente
402 2215 467 2306 ipsa
491 2215 646 2288 miracuta,
678 2216 795 2280 [amnui
821 2233 1008 2298 percorpus
1031 2217 1150 2293 fierent,
1173 2235 1235 2282 non
1257 2217 1318 2279 bo-

87 2318 194 2392 mittis,
215 2317 270 2380 sed
289 2317 344 2380 Dei
364 2333 434 2380 esne
456 2316 599 2392 dicimus;
622 2317 662 2378 ita
683 2335 751 2380 eum
772 2317 901 2381 bumana
922 2318 953 2380 in
974 2319 1133 2400 Evangelio
1155 2319 1192 2383 de
1214 2319 1316 2385 Salva-

88 2431 157 2484 tnre
175 2428 343 2494 narentur,
365 2418 509 2481 debemus
524 2418 560 2481 ad
577 2427 710 2482 naturam
726 2437 842 2494 eorum,
865 2437 940 2500 quse
961 2422 1141 2494 referuntur,
1164 2420 1407 2488 attenderemus.

88 2520 336 2610 perspicereque,
363 2520 437 2584 bueo
464 2520 517 2582 Dei
546 2520 641 2583 aliena
669 2538 755 2594 esne,
783 2538 839 2586 nec
863 2520 991 2602 proinde
1013 2521 1077 2586 eius
1099 2521 1242 2586 diuinitati
1264 2521 1320 2586 sed

91 2624 267 2688 humanitati
290 2641 359 2686 esne
379 2619 578 2686 attribuendsj
615 2623 690 2686 Nem
712 2621 770 2684 etsi
792 2621 921 2686 Verbum
943 2640 1011 2684 caro
1034 2625 1142 2684 isctmn
1165 2631 1222 2703 est,
1243 2641 1319 2702 prc-

87 2725 175 2806 priee
195 2724 388 2790 nibilominus
409 2734 481 2786 sunt
504 2724 603 2786 cernis
626 2723 810 2796 affectiones,
834 2732 864 2784 et
884 2722 1027 2796 vicissim,
1049 2723 1182 2802 quamvis
1203 2741 1271 2786 cnro
1287 2721 1321 2786 in

88 2827 191 2890 Verbo
213 2827 312 2893 divine
332 2835 476 2908 gestetur,
500 2826 592 2910 gratia
616 2834 713 2888 temen
737 2832 768 2888 et
789 2823 883 2888 virtus
906 2823 993 2886 Verbi
1017 2833 1073 2886 est.
1108 2823 1207 2904 itaque
1221 2823 1319 2888 Patris

87 2947 185 3010 opere
206 2948 261 3010 per
282 2947 400 2992 carnem
422 2927 583 3002 efficiebat,
606 2925 660 2990 sed
683 2925 877 2990 nibilominus
899 2926 997 2990 carnis
1019 2925 1193 2990 affectiones
1214 2925 1246 2988 in
1267 2925 1320 2988 illo

88 3031 325 3104 exhibebantur,
346 3038 381 3093 ut
402 3049 469 3092 cum
491 3027 658 3093 sciscitatus
681 3034 746 3102 est,
777 3036 806 3091 et
826 3027 970 3090 Lazarum
992 3027 1028 3090 ad
1051 3027 1140 3090 uitam
1161 3028 1320 3104 recurarit,

86 3152 163 3198 eum
184 3133 254 3196 item
276 3141 400 3194 matrem
423 3131 470 3194 bis
493 3130 591 3194 uerbis
614 3130 791 3210 increpavit:
813 3127 955 3194 Nondum
969 3134 1050 3194 venit
1066 3129 1153 3204 born,
1176 3139 1321 3194 ettamen

85 3234 238 3298 continuo
263 3253 369 3316 squam
395 3235 427 3296 ιιι
455 3234 554 3296 vinum
585 3232 738 3296 convertit.
782 3230 935 3313 Siquidem
964 3228 1060 3294 verus
1074 3231 1153 3294 Deus
1175 3231 1206 3295 in
1228 3249 1319 3296 carne

86 3347 214 3402 otnero
235 3341 303 3400 es'rc
333 3344 397 3400 erat
423 3335 453 3398 in
483 3335 591 3400 Verbo.
633 3335 747 3400 Idcirco
775 3354 812 3399 ex
841 3334 981 3417 operibus
1011 3333 1130 3416 quidem
1155 3333 1320 3398 sedilium

87 3439 147 3504 Dei
166 3457 314 3529 suumqtre
336 3438 508 3502 ostendebat
526 3431 655 3528 Patrem,
677 3438 730 3502 sed
753 3457 790 3500 ex
811 3439 909 3502 carnis
931 3436 1137 3502 affectionibus
1159 3455 1193 3500 no
1214 3454 1319 3500 rerum

88 3559 203 3622 eorpus
222 3539 333 3618 babere
354 3540 483 3622 illudque
506 3541 660 3621 proprium
683 3541 729 3602 sui
752 3559 820 3604 esse
842 3539 997 3621 probabat.

124 3831 150 3880 b.
170 3830 275 3892 Sicbsg.
287 3830 308 3880 Ι.
320 3830 420 3892 Sepuer.
431 3829 500 3882 Gubi.
512 3827 680 3880 eriststmt.
765 3829 783 3880 i.
801 3817 867 3876 (idid
884 3823 950 3876 decri
968 3825 1046 3877 deietr
1064 3833 1121 3876 sunt
1138 3825 1161 3874 in
1179 3821 1252 3872 baril.

87 3899 135 3947 titi
163 3905 188 3948 et
212 3897 285 3948 editio
304 3897 421 3948 Commei.
440 3887 526 3964 ὥςπερ
543 3888 599 3962 γὰρ
616 3909 681 3944 nor·
765 3911 788 3958 g.
807 3896 913 3957 Sicibeg¹
926 3894 948 3947 1.
965 3895 1063 3957 Segusr.
1075 3889 1321 3968 contererentur.
1413 3886 1422 3906 ¹

86 3957 255 4046 doripetron.
296 3965 388 4016 ibidem
411 3965 468 4042 itep-
489 3965 558 4042 §.net
581 3967 681 4026 sepner.
734 3963 762 4041 ¹3
791 3964 820 4012 bt
838 3962 921 4041 alii'et
938 3963 995 4040 editi
1013 3953 1139 4037 dpoircrr,
1158 3951 1203 4006 καὶ
1221 3948 1257 4036 ‘dr
1274 3951 1320 4004 od-

86 4026 681 4180 wffirffieffr'isis‘ssi'eff‘iiiiiiisn
731 4025 909 4149 itttbttt
924 4027 1316 4160 ifteittftfb‘bdbsd·

85 4161 239 4218 uastauere
257 4181 312 4218 our.
354 4169 406 4218 itur
429 4169 486 4230 breg.
500 4167 521 4216 t.
541 4168 680 4229 Seguntiae.
767 4167 791 4215 b.
809 4167 849 4216 Sic
864 4165 920 4229 iter.
933 4165 955 4214 t.
973 4165 1117 4226 erseguer„
1135 4169 1160 4212 nt
1178 4171 1201 4210 et
1219 4161 1320 4212 babetur

89 4239 193 4290 Gobier.
219 4245 243 4288 et
267 4235 372 4288 Felotnr.
394 4235 414 4285 l.
431 4229 470 4302 μὴ
495 4229 525 4284 dd
542 4233 682 4301 neporpri-
733 4235 756 4282 in
777 4242 840 4284 testu
860 4235 952 4286 Graeco
970 4233 1117 4296 Scripturas
1152 4230 1196 4280 tttii
1220 4223 1243 4278 rit
1261 4229 1320 4280 editi

88 4307 153 4356 ode.
192 4305 236 4354 stit
255 4313 280 4355 et
297 4303 353 4356 editi
370 4293 416 4352 stoi
431 4297 469 4370 μὴ
489 4301 679 4372 nuputpeiodt.
734 4285 825 4362 ἦλθεν.
860 4299 912 4350 tter
930 4308 1030 4364 uterque
1045 4295 1319 4361 Rep.Seguer.Gobter.

123 4375 150 4424 d.
170 4373 227 4436 Res.
240 4371 261 4424 l.
279 4381 303 4422 et
320 4371 420 4435 Segner.
438 4369 477 4438 ep
486 4369 608 4438 Χριστῷ.
636 4372 684 4424 Ce·
734 4377 758 4420 et
782 4367 888 4420 Feicbm.
908 4365 929 4420 l.
953 4357 1147 4446 ddpdr'zrpdpff
1170 4379 1203 4446 pp
1226 4357 1256 4448 {r
1273 4359 1318 4443 ¹rpi'

87 4443 136 4492 teri
156 4449 181 4490 et
199 4439 256 4492 editi
274 4437 312 4506 epi
329 4435 422 4506 κυρίῳ.
733 4429 815 4503 λόγῳ.
850 4435 929 4488 Ceteri
947 4443 971 4486 et
987 4434 1045 4486 editi
1062 4427 1163 4494 eipdpr
1179 4447 1212 4494 ην
1223 4449 1237 4495 p
1250 4429 1321 4499 σαρξ

125 4524 150 4560 r.
169 4507 682 4584 Sicbep.i.Sepnor.Gobler.eti·'eiokm.
734 4497 764 4558 ἐν
782 4501 829 4570 epi.
932 4561 950 4582 n
1025 4567 1037 4582 ι
1108 4565 1120 4581 ι

90 4577 114 4626 t.
154 4583 183 4628 tt
200 4577 224 4628 io
236 4575 291 4628 uiiin
309 4577 421 4628 creditis
439 4578 507 4628 deest
525 4589 580 4636 epu.
768 4575 784 4626 i.
804 4573 859 4638 ssep.
872 4571 893 4622 t.
912 4583 972 4622 otor
988 4583 1037 4620 rou
1055 4569 1129 4622 oros.
