3048 5054
448 371 563 416 *onnam
579 371 612 414 n.
629 371 744 415 cauam
759 371 893 416 annues.
1211 359 1274 426 869

76 521 119 604 p'er
133 524 219 605 ipsum
242 523 328 586 iacta.
362 521 515 604 Siquidem
537 541 586 584 rea
609 541 735 602 prorsus
758 539 863 584 omnes
886 522 949 586 sive
971 543 1047 604 quae
1061 525 1198 588 videntur
1212 529 1363 592 sirenum.

76 645 132 706 qaae
147 643 201 688 nnn
223 625 362 688 ridentur
383 642 437 704 per
459 624 557 704 ipsum
579 626 672 686 saetae
694 633 773 698 suut,
798 635 828 686 et
850 625 916 686 sine
937 625 988 686 itte
1006 628 1114 689 iactum
1130 629 1274 694 estnihil.

74 728 242 790 imitantem
265 728 302 790 de
324 725 419 789 aitern
441 733 492 787 aut
512 725 549 788 de
571 725 669 805 aliquo
693 725 751 788 alin
773 726 912 806 cogitant,
936 727 1067 789 uenalia
1088 729 1277 810 sibitingunt

76 829 141 890 verta
165 829 270 892 adasre
301 828 477 910 sapientias,
506 845 631 908 quarum
659 845 715 890 nee
741 847 853 890 numen
874 847 931 890 nee
952 847 1029 909 opus
1051 831 1143 893 ulium
1165 831 1275 896 indicat
1352 839 1360 856 ’

73 930 210 1012 Scriptura,
241 931 295 992 sed
323 929 364 991 iiii
393 937 506 992 matum
535 937 713 992 memorant
757 929 823 992 Hae
848 930 927 992 enim
950 949 1053 994 eorum
1074 941 1274 998 commentum

75 1040 109 1093 est
130 1041 155 1094 at
180 1033 291 1096 mentis
324 1026 444 1094 Christe
475 1031 613 1093 imminue
644 1032 733 1094 setus.
779 1031 899 1094 Scilicet
930 1031 1019 1094 Verbi
1048 1039 1078 1094 et
1105 1033 1276 1114 Sapientiae

74 1135 168 1196 anniae
186 1133 359 1209 abutuntur,
382 1134 497 1214 aliaque
518 1132 608 1195 verba
629 1133 737 1196 aliasve
760 1133 1027 1196 comminiscuntur
1047 1133 1220 1214 sapientias,
1243 1143 1275 1198 ut

74 1254 152 1298 rerum
170 1235 222 1298 uei
244 1233 373 1298 Verbum
398 1253 555 1315 veramque
577 1254 612 1298 ae
633 1252 723 1298 unam
744 1234 840 1298 Patria
863 1235 1038 1316 sapientiam
1060 1245 1187 1316 neqent;
1215 1255 1274 1316 qun

71 1338 151 1418 utique
178 1340 256 1400 iacta
287 1337 476 1400 Manieiraeos
509 1337 613 1398 miseri
646 1337 807 1400 imitantur,
851 1337 1009 1400 llii‘enim
1039 1337 1092 1400 liei
1119 1328 1277 1402 cernentes
1392 1383 1395 1392 »

74 1457 142 1516 opera
166 1459 250 1515 eum,
279 1439 330 1520 qui
358 1438 442 1501 solus
471 1448 503 1501 et
531 1457 620 1500 verus
644 1449 692 1502 est
712 1438 808 1514 Deus,
837 1447 946 1520 negant
967 1439 1114 1519 aliumque
1136 1439 1194 1502 sibi
1216 1433 1275 1520 ipsi

71 1539 174 1620 ingrat,
194 1543 282 1606 carius
303 1559 359 1605 nec
381 1559 457 1622 opus
479 1560 537 1602 nee
557 1539 763 1604 testimonium
786 1541 903 1622 aliquod
926 1559 961 1604 ex
983 1541 1091 1606 divinis
1113 1540 1275 1621 seripturis

70 1653 158 1717 qnemt
176 1645 323 1724 proferre.

133 1745 180 1808 40.
222 1745 326 1824 Igitur.
345 1744 372 1806 si
400 1745 432 1806 in
460 1743 554 1806 saeris
581 1743 693 1806 litteris·
718 1741 797 1805 nulia
827 1741 882 1805 alia
909 1749 1028 1823 praeter
1049 1743 1145 1824 ipsum
1167 1743 1276 1808 Filium

68 1843 191 1920 reperitur
212 1847 368 1926 sapientia,
391 1846 418 1908 si
440 1845 514 1908 nihii
536 1844 744 1908 huiuscemodi
758 1864 774 1905 a
790 1843 930 1906 Patribus
953 1843 1127 1919 audivimus,
1151 1846 1178 1910 si
1200 1863 1276 1908 eea·

67 1951 100 2003 tra
116 1945 166 2024 ipsi
187 1947 291 2016 Patres
313 1947 444 2009 enniessi
466 1956 537 2010 sunt
559 1965 593 2008 ae
614 1945 758 2027 seriptum
779 1945 974 2026 reliquerunt,
997 1947 1171 2026 sapientiam
1187 1947 1277 2010 simul

69 2061 119 2106 cun
137 2046 218 2110 Patre
242 2049 391 2116 existere,¹
406 2067 461 2110 nee
483 2051 589 2110 saetam
607 2067 688 2122 esse,
711 2047 765 2109 sed
781 2048 934 2128 propriam
949 2046 1013 2110 eius
1028 2067 1106 2122 esse,
1129 2056 1158 2109 et
1173 2047 1276 2110 mundi

67 2145 239 2224 εΙεειείεειιες
273 2167 346 2212 sana
374 2149 448 2212 nttm
470 2150 550 2211 aliud
573 2169 640 2212 esse
662 2156 765 2230 potest
786 2147 844 2210 nisi
867 2149 977 2224 Filius,
1007 2150 1108 2229 quiet
1130 2158 1163 2212 ut
1184 2148 1274 2214 iidem

66 2243 109 2324 ipsi
133 2251 265 2314 sentiunt
291 2251 329 2314 ab
358 2251 532 2314 aeternitate
561 2250 648 2314 simul
677 2269 744 2314 eum
774 2249 860 2312 Patre
883 2251 993 2313 existit.
1037 2235 1194 2330 Siquidem¹
1210 2250 1277 2330 ipse

66 2359 101 2409 εει
117 2353 219 2432 opiter,
243 2353 288 2416 uti
312 2355 455 2434 seriptum
478 2362 540 2415 est:
567 2354 675 2416 naama
697 2358 730 2416 ait
752 2357 904 2434 snpientia
918 2355 1029 2434 [eristi.
1063 2353 1194 2432 Namque
1209 2352 1276 2432 ipae

65 2465 163 2532 tuoque
181 2455 336 2530 murias,
365 2457 581 2534 ueiutieorum
609 2455 736 2530 obiitus,
764 2475 840 2536 quae
862 2456 945 2535 prius
968 2455 1145 2534 scripserat,
1174 2461 1277 2516 anatra

65 2547 174 2618 Gentiles
205 2565 314 2638 postea
346 2559 518 2639 disputans,
547 2577 609 2620 non
638 2575 726 2620 sectas
756 2577 791 2621 ae
818 2557 962 2638 Caiphae,
995 2556 1104 2618 invitus
1134 2573 1194 2618 nnn
1218 2556 1276 2617 iam

62 2653 150 2718 unitas
171 2660 336 2741 sapientias
357 2678 414 2724 nen
435 2679 551 2744 erucam
574 2669 798 2733 commemorat,
822 2659 875 2721 sed
898 2677 987 2720 unam
1010 2676 1079 2719 esse
1100 2656 1276 2736 sapientiam

62 2751 210 2823 turornis
233 2762 355 2824 scribit:
395 2762 504 2836 „Unus
532 2761 651 2843 quidem
676 2761 756 2824 Deus
774 2761 905 2824 terbum
930 2760 992 2822 siva
1014 2759 1101 2821 Retia
1131 2766 1193 2830 est,
1220 2757 1276 2820 aad

62 2873 125 2925 ,ιιεε
144 2863 253 2926 multae
275 2863 393 2926 ratione
415 2874 486 2926 sunt
507 2864 675 2945 praeditae,
701 2881 759 2926 una
782 2863 854 2925 item
876 2860 1038 2942 sapientiae
1060 2858 1224 2922 substantia
1247 2867 1278 2922 et

63 2969 175 3026 „natura
203 2974 285 3038 est,·
305 2965 357 3027 sed
387 2984 437 3026 res
467 2965 576 3027 multae
605 2965 757 3044 sapientes
786 2972 816 3025 et
843 2963 940 3026 bonae
967 2967 1070 3024 sunt.“
1114 2961 1153 3022 Et
1174 2959 1275 3040 paucis

61 3053 204 3127 interiectis
227 3067 305 3130 haee
324 3067 421 3130 addit:
446 3067 601 3141 „Quinam
618 3067 738 3140 tuerint,
761 3084 837 3146 quos
853 3065 906 3128 Dei
921 3065 999 3126 filins
1014 3061 1155 3144 appellari
1170 3061 1276 3140 dignos
1366 3110 1371 3120 .

62 3162 277 3230 „ntitnmart
309 3167 371 3230 Nee
393 3168 472 3230 enirn
496 3167 584 3230 rerba
607 3186 726 3248 qunque
748 3165 815 3228 illus
838 3183 917 3239 esse,
941 3183 997 3228 nee
1017 3166 1125 3228 multas
1147 3173 1273 3226 eonten—
1285 3191 1365 3237 effla,

61 3261 141 3330 „dent
161 3269 294 3332 existere
316 3270 488 3349 sapientias.
522 3270 595 3330 Nam
619 3267 682 3330 tien‘
706 3269 820 3348 nequit,
843 3277 876 3330 ut
892 3287 958 3330 naam
974 3285 1065 3329 unum
1080 3266 1121 3328 sit
1137 3265 1275 3341 Verbum,

63 3379 217 3448 „tuamque
247 3379 405 3433 ostensum
436 3371 476 3432 sit
504 3389 572 3434 esse
600 3369 959 3450 Sapientiam„tiliorum
988 3367 1166 3430 multitudini
1190 3368 1275 3430 attri-

61 3461 176 3532 „tratur
197 3479 306 3534 natura
328 3471 432 3546 Verbi,
463 3491 633 3552 nomenque
656 3471 826 3552 Sapientiae
848 3471 1059 3534 concedatum·
1102 3467 1183 3531 Nittt
1205 3487 1276 3548 ergo

63 3563 150 3630 mirum
177 3573 274 3638 videri
304 3574 409 3649 debet,
442 3575 468 3638 si
496 3575 596 3638 Ariani
624 3593 692 3638 eum
713 3573 836 3638 veritate
857 3581 1006 3654 pugnent,
1039 3570 1277 3652 quandoquidem

1373 3678 1387 3710 t

60 3773 139 3844 liam.
174 3791 232 3854 mg.
253 3801 278 3842 a
295 3792 368 3843 nasta.
386 3785 416 3841 tr
431 3793 520 3849 auae
534 3787 635 3859 atrae.
722 3794 744 3842 a.
763 3793 863 3854 sequar.
881 3776 919 3846 da
957 3787 987 3841 ta
1004 3783 1075 3844 aete.
1111 3789 1203 3839 turen
1222 3789 1279 3850 neg,

59 3849 92 3896 ih·
108 3863 129 3904 ει
144 3859 201 3910 editi
220 3853 253 3910 tv
266 3860 324 3914 anis
337 3856 449 3926 λογίοις.
473 3863 524 3910 tter
535 3863 636 3924 Sequa-r.
687 3869 711 3910 et
730 3861 835 3910 Petrina.
851 3861 874 3910 5.
893 3806 978 3908 noiit
996 3853 1024 3908 di
1044 3854 1078 3906 τὰ
1094 3849 1182 3920 λόγια.
1220 3856 1278 3904 mu

60 3915 178 3994 quierian,
193 3937 218 3976 et
229 3929 337 3977 feirkm.
359 3929 380 3978 t.
399 3920 462 3994 παρ’
483 3919 569 3977 udaia
587 3922 637 3976 τὸν
687 3929 746 3978 ibid.
758 3931 859 3990 Sequar.
877 3922 923 3976 καὶ
938 3922 991 3993 μία
1007 3917 1094 4002 μὶνὶῆ
1107 3922 1154 4002 τῆς
1167 3923 1279 3988 σοφίαι.

61 3995 111 4038 Μ’.
143 3991 206 4044 Editi
226 3997 301 4044 etalii
310 3990 387 4060 παρὰ
395 3995 494 4044 τοῦτον
506 3989 557 4044 τὸν
566 3988 634 4046 εἶέν.
687 3995 792 4047 feteam.
812 3994 837 4044 t.
856 3995 913 4044 ibid.
933 3985 1014 4044 edcta
1030 4005 1076 4040 και
1094 4003 1186 4058 qaentc,

82 4069 99 4114 t·
121 4059 220 4121 Sequar.
245 4063 345 4114 notter.
364 4073 386 4114 et
405 4066 508 4113 Feta-itm.
530 4065 551 4114 t.
571 4055 585 4112 ὅ
609 4077 637 4111 ο·
721 4064 738 4114 i.
762 4065 802 4114 Sie
820 4063 919 4125 Sequor.
940 4064 995 4123 itaq.
1015 4061 1112 4118 Golden.
1132 4067 1156 4109 et
1174 4055 1280 4108 iticitm.

59 4111 166 4182 butam
193 4129 261 4179 Editi
277 4139 301 4179 et
313 4131 353 4180 atii
373 4122 556 4196 dpotdyeraa.
584 4077 636 4182 aaa
690 4131 711 4180 1.
737 4134 764 4180 m
782 4131 855 4179 editio
874 4129 993 4178 damnaei!
1011 4119 1035 4176 ai
1051 4119 1106 4192 γὰρ
1125 4119 1277 4204 distim-

58 4183 99 4248 “ttt-
116 4195 286 4248 utstctmnn
312 4199 337 4248 ὁ.
354 4191 516 4262 dyminem
554 4199 636 4252 Ceteri
688 4198 763 4247 Panto
798 4205 837 4246 ost
856 4197 952 4246 Feietna
985 4193 1002 4244 2
1028 4202 1052 4242 ει
1069 4196 1126 4242 edati
1145 4185 1207 4240 ουδὲ
1223 4205 1280 4257 rap

58 4267 97 4304 tttt
113 4262 217 4313 editione
236 4265 358 4315 Gnmmel.
376 4257 522 4331 ἀγενήτως.
688 4211 815 4314 denaria.
851 4263 895 4314 tiri
915 4277 975 4312 mss.
994 4253 1026 4308 ed
1043 4253 1100 4326 γὰρ
1118 4254 1244 4309 δυνατόν.

76 4323 100 4398 ,it
121 4329 266 4392 seruerim.
294 4333 349 4395 fleg.
368 4343 391 4382 et
410 4335 514 4384 Feirtna.
534 4335 558 4385 d.
578 4326 636 4384 tota
723 4348 755 4382 rn.
773 4335 870 4390 Sequor.
891 4333 972 4391 rtttrg
998 4321 1141 4395 δπινέμιιν.
1176 4329 1238 4378 tam
1257 4335 1282 4378 ει

59 4393 131 4468 'utti-
165 4399 212 4450 tiii
233 4408 261 4450 et
280 4401 337 4450 editi
356 4393 414 4450 idda
431 4394 513 4468 αὐτῷ.
689 4399 729 4451 aiii
747 4391 909 4464 ἐπινέμων,
927 4397 1070 4474 mendane,

82 4465 146 4514 tSie
167 4469 275 4528 Sequor.
296 4468 350 4530 ties.
369 4471 466 4520 Getder.
488 4471 593 4520 deirim.
613 4470 636 4520 t.
724 4483 746 4518 n.
767 4465 920 4518 i'eirimanni
940 4465 964 4515 d.
982 4475 1190 4531 nqounnrnmc.
1225 4460 1280 4509 idox

60 4526 106 4575 Ἠ·
138 4536 166 4584 tt
190 4534 271 4585 aenei
297 4545 321 4584 ει
343 4537 416 4588 editio
434 4538 551 4589 Geminei.
571 4529 637 4602 ὁμο·
688 4535 794 4586 intrim.
813 4534 837 4584 4.
854 4525 956 4586 noune
971 4527 1025 4599 μιν
1040 4527 1165 4598 ttyonu
1180 4520 1281 4579 πολλὰς

58 4583 137 4656 ’‘tffit
156 4601 230 4654 maie.
689 4587 765 4651 atrae.

86 4683 203 4732 ittuntur
214 4700 273 4734 aar.
284 4700 354 4734 nean.
367 4702 415 4734 ιιι.
1040 4683 1075 4735 ²⁴
