3128 5052
452 325 595 368 crtsrom
612 325 649 368 rr.
665 327 702 368 sn
718 327 915 372 sanerronau.
1227 317 1287 380 783

53 472 100 534 iiii
126 473 261 536 dixeritis
277 474 353 553 apud
373 474 589 554 vosmetipsos:
613 475 668 548 „Si
690 475 821 538 dicamus
835 477 927 542 Filius
942 488 998 552 est,
1020 481 1190 544 audiemus:
1213 483 1374 546 Ubi-rear.

53 591 159 646 „nam
181 573 210 635 id
233 574 377 655 scriptum
400 574 472 637 esti
515 575 568 638 Sin
596 576 757 640 dixerimus
784 595 845 640 uon
875 588 923 640 est
943 580 1049 653 Filius,
1084 585 1222 646 timemus
1251 603 1289 647 ne

55 675 191 746 „dicant
212 675 317 736 nohis:
340 676 400 738 Cur
422 695 493 756 ergo
516 677 661 756 scriptum
684 686 745 740 est:
760 663 837 742 'Nos
860 698 923 743 aaa
946 686 1090 761 spiritum
1110 687 1218 748 maadi
1237 706 1290 748 aa·

29 823 30 828 1
55 780 233 858 „cepimus
258 779 310 840 sed
331 778 483 858 Spiritum
506 783 558 860 qai
579 798 618 842 ee
638 779 701 842 Dte
725 779 821 844 esti“
863 781 916 843 Sin
931 791 1029 844 autem
1044 785 1120 864 apud
1135 805 1189 848 vos
1204 786 1290 867 ipsos

55 879 250 940 decertantes
272 896 325 941 vos
348 897 466 959 quoque
489 879 593 942 dicatis
616 880 789 953 Nescimus,
818 891 1052 945 cousentaneum
1081 895 1127 946 est
1153 896 1184 948 et
1211 907 1288 962 eum,

54 999 150 1058 quem
174 981 210 1042 de
233 999 266 1042 re
288 979 435 1041 eiusmodi
458 981 676 1061 interrogastis,
700 981 790 1043 silere
807 981 1062 1062 obtemperantem
1078 985 1116 1058 ei,
1139 988 1189 1064 qui
1205 989 1289 1050 dicit:

54 1081 103 1142 Ne
129 1083 315 1162 respondeas
337 1081 432 1144 amito
454 1086 544 1144 t'ststa
564 1083 728 1146 stultitiam
749 1101 851 1155 tram,
880 1101 919 1144 ae
946 1084 1097 1165 efficiaris
1126 1091 1155 1150 ei
1174 1090 1290 1162 sriuiiis,

55 1185 113 1244 sed
138 1184 285 1263 responde
309 1183 404 1246 stulto
426 1187 516 1246 iacta
538 1183 699 1246 stultitiam
722 1202 826 1258 suam,
854 1203 892 1246 ae
919 1184 980 1247 sibi
1006 1189 1128 1266 sapiens
1157 1206 1222 1250 esse
1243 1195 1290 1251 oi-

55 1286 184 1346 deatar.
227 1283 398 1363 Responsio
421 1292 530 1358 autem,
552 1303 626 1362 quse
648 1283 732 1346 rabis
750 1285 876 1346 maxime
891 1285 1038 1358 conserit,
1060 1297 1108 1348 est
1128 1288 1290 1362 silentium,

56 1393 91 1446 ut
114 1393 246 1448 vestram
268 1385 464 1464 ignorantiam
488 1385 729 1466 deprehendatis.

150 1589 180 1650 3.
224 1586 352 1648 Rursum
375 1587 464 1666 igitur
486 1605 611 1666 aequum
635 1596 680 1648 est
702 1603 736 1648 ex
759 1587 814 1660 iis,
838 1605 913 1666 quae
933 1606 988 1651 ros
1011 1591 1141 1666 affertis,
1169 1611 1224 1655 ros
1246 1594 1307 1656 sia,

29 1693 30 1698 ’
57 1689 258 1767 interrogate.
304 1688 551 1768 Quandoquidem
572 1687 738 1767 Prophetae
760 1688 791 1749 in
813 1688 925 1768 Spiritu
947 1689 1000 1752 Dei
1021 1691 1192 1771 loquuntur,
1215 1702 1245 1756 et
1260 1695 1377 1760 ianm.

60 1791 154 1852 Esaia
182 1791 310 1871 Spiritus
339 1798 459 1852 sanctus
493 1790 667 1869 prophetat,
701 1790 792 1852 utin
821 1790 1027 1869 superioribus
1055 1794 1291 1858 demonstratum

29 1939 30 1944 η
60 1901 127 1964 est3
151 1910 220 1972 ergo
243 1891 371 1971 Spiritus
395 1899 441 1953 est
462 1891 590 1952 Verbum
613 1891 676 1966 Dei,
700 1891 817 1970 duoque
832 1891 927 1954 Verba
951 1902 1030 1965 sunt,
1055 1895 1184 1975 Spiritus
1208 1896 1292 1959 vide-

29 2065 31 2076 .
59 1993 134 2055 licet
155 2001 185 2054 et
205 1993 306 2056 Filius.
350 1993 468 2058 Etenim
489 1993 656 2073 Prophetae
678 2001 749 2054 tunc
770 1994 997 2074 prophetabant,
1023 1997 1141 2076 quenda
1163 1980 1293 2060 Verbum

60 2095 115 2155 Dei
140 2095 175 2157 ad
198 2095 265 2156 ilios
288 2094 385 2158 tiebat.
429 2095 472 2156 Ad
495 2095 587 2168 baeu,
610 2094 849 2174 quandoquidem
872 2096 971 2157 omnia
992 2116 1047 2176 per
1069 2097 1197 2164 Verbum
1219 2101 1293 2162 iacta

30 2191 31 2201 ’
61 2206 150 2268 sunt,
178 2206 208 2258 et
230 2197 296 2258 sine
318 2196 385 2276 ipso
407 2198 515 2259 iactum
539 2206 586 2258 est
607 2195 696 2270 nihii,
729 2204 760 2257 et
780 2195 863 2260 Deras
893 2203 1043 2278 sapientia
1063 2197 1208 2280 [sedarit
1229 2212 1294 2264 ter-

61 2317 147 2370 ram,
171 2307 201 2358 et
223 2298 322 2360 omnia
344 2299 374 2359 in
398 2298 542 2378 sapientia
565 2298 649 2371 iecit,
674 2298 878 2378 scriptumque
902 2308 948 2360 est
967 2303 1013 2372 (ut
1035 2301 1066 2362 in
1087 2301 1294 2381 superioribus

62 2398 243 2474 declaratum
267 2406 339 2476 est):
363 2399 486 2463 limittas
505 2399 653 2480 Spiritum
675 2410 761 2462 taam
783 2409 813 2461 et
835 2401 1040 2476 artabaatem
1063 2420 1134 2481 ergo
1156 2412 1207 2464 aut
1221 2403 1293 2483 Spi-

29 2497 31 2508 '
63 2501 141 2561 ritus
163 2500 292 2562 Verbum
314 2509 370 2574 est,
394 2509 445 2563 aut
466 2500 496 2562 in
519 2499 637 2561 duobus
661 2499 730 2560 iecit
751 2499 831 2560 Deus
855 2500 964 2574 omnia,
986 2501 1016 2562 in
1040 2501 1189 2581 Sapientia
1212 2513 1242 2565 et
1262 2504 1294 2565 iu

29 2581 31 2614 ²
64 2601 194 2680 Spiritu3
223 2610 252 2664 et
273 2621 341 2676 cur,
373 2619 500 2682 quaeso,
521 2600 629 2662 Paulus
651 2599 706 2660 ait:
743 2597 825 2662 Unus
848 2600 948 2676 Deis,
978 2619 1016 2664 ea
1039 2606 1236 2681 quaomnia,
1266 2613 1294 2666 et

63 2722 147 2765 aaut
168 2703 334 2775 Dominae,
359 2721 419 2786 per
440 2721 526 2784 quem
549 2699 673 2765 emnia?
715 2701 885 2780 lteruutque
914 2719 981 2762 oum
1009 2699 1100 2762 Filius
1128 2703 1170 2764 sit
1197 2707 1294 2784 theopo

29 2785 30 2818 ³
62 2804 167 2867 Patris
190 2805 368 2880 invisibilis,
397 2811 445 2864 est
466 2811 563 2866 autem
586 2801 715 2882 Spiritus
738 2801 834 2879 imago
857 2800 940 2874 Filii,
965 2800 1109 2879 scriptum
1132 2811 1179 2865 est
1200 2803 1293 2866 enim:

67 2905 151 2978 Quos
170 2909 339 2985 praescivit
362 2916 390 2968 et
408 2894 649 2986 praedestinavit
673 2893 844 2982 conformes
874 2903 946 2982 pieri
973 2906 1114 2984 imapittis
1137 2903 1211 2966 Filii
1230 2910 1295 2977 sm't

29 2995 31 3022 ³
64 3005 155 3084 igitur
176 3007 231 3068 bac
251 3007 367 3068 ratione
389 3023 461 3068 arus
483 3013 530 3068 est
550 3005 648 3067 Pater.
692 3003 729 3064 Et
750 3003 888 3082 quoniam
909 3002 1001 3065 Filius
1032 3003 1150 3082 quidem
1179 3007 1209 3070 iu
1236 3025 1294 3068 no·

29 3097 30 3100 '
65 3107 146 3168 mine
168 3107 264 3168 Patris
287 3108 378 3181 venit,
401 3108 538 3188 Spiritus
561 3117 661 3170 autem
683 3117 819 3176 sanetas,
842 3105 882 3166 eit
896 3104 999 3178 Filius,
1022 3125 1107 3187 qaam
1124 3112 1221 3172 mittet
1235 3109 1297 3171 Pa-

67 3219 116 3270 ter
137 3213 170 3270 ia
191 3213 311 3272 nomina
332 3205 415 3283 meo‘3
438 3227 508 3288 ergo
533 3215 563 3270 et
584 3209 642 3269 hoc
664 3225 782 3286 quoque
805 3206 895 3268 modo
918 3225 990 3268 arus
1013 3215 1059 3269 est
1074 3208 1172 3271 Pater.
1217 3211 1296 3284 Quid

67 3309 103 3369 ad
126 3310 199 3371 baec
221 3311 396 3390 responsuri
419 3310 502 3382 estis,
525 3310 595 3371 iicet
617 3308 716 3370 omnia
738 3317 849 3370 temere
867 3307 996 3371 aimtist
1041 3309 1120 3384 Quid
1135 3313 1296 3374 ratiocina-

66 3410 139 3471 mini
162 3412 239 3490 apud
261 3408 488 3491 vosmetipsos?
530 3412 574 3471 An
597 3428 664 3472 cum
686 3409 844 3471 advertatis
868 3428 922 3471 vos
951 3411 1114 3487 haesitare,
1149 3413 1297 3476 eiusmodi

68 3511 258 3588 quaestiones
281 3509 527 3592 reprehenditis?
571 3511 631 3578 Sed
652 3511 736 3590 prius
759 3529 813 3571 ros
836 3511 922 3590 ipsos
944 3513 1096 3591 coarguite
1126 3517 1207 3588 (uam
1230 3515 1296 3576 talia

68 3629 212 3688 quaerere
233 3613 443 3690 consuevistis)
467 3611 690 3691 scripturisque
713 3610 932 3689 obtemperate,
961 3620 1077 3673 etcum
1101 3629 1162 3674 oon
1184 3632 1297 3694 suppe-

67 3719 131 3772 tant
153 3731 229 3792 quae
250 3713 466 3792 respondeatis,
489 3713 593 3775 discite
615 3719 685 3791 post
706 3712 780 3783 hae,
804 3711 946 3790 Spiritum
969 3711 999 3772 iu
1022 3711 1185 3791 Scripturis
1207 3731 1297 3776 num-

68 3831 156 3890 quam
185 3819 319 3875 vocatum
349 3833 417 3876 esse
445 3815 555 3887 filium,
588 3813 641 3876 sed
669 3811 812 3891 Spiritum
841 3819 976 3874 sanetum
1005 3822 1034 3875 et
1061 3813 1205 3893 Spiritum
1233 3815 1297 3876 Dei.

69 3913 324 3984 Quemadmodum
354 3925 451 3978 autem
474 3915 602 3995 Spiritus
632 3932 694 3975 uon
721 3922 843 3975 recatus
867 3921 916 3974 est
936 3913 1031 3988 iilius,
1065 3913 1232 3994 aiensque
1260 3915 1298 3978 de

68 4011 143 4075 Filio
166 4013 309 4094 seriptum
333 4024 393 4078 est:
415 4017 486 4096 lpse
508 4026 554 4080 est
576 4015 705 4097 Spiritus
727 4023 857 4077 sanctus.
903 4014 980 4078 Num
1002 4015 1093 4096 igitur
1116 4015 1184 4096 quia
1200 4015 1296 4096 Spiri-

102 4215 123 4248 s.
151 4193 182 4247 τὸ
205 4197 312 4265 πνεῦμα
338 4201 407 4252 deest
430 4202 454 4251 iu
472 4201 617 4252 Gobierieno
636 4208 661 4251 et
710 4215 766 4250 tero
785 4193 870 4265 ὑμῶν.

72 4265 176 4316 Feirbm.
194 4267 217 4316 l.
744 4267 767 4316 d.
786 4265 836 4314 rori
853 4265 919 4316 desti
938 4269 1006 4318 abest
1023 4283 1036 4318 s
1056 4268 1154 4320 Gobier.
1172 4275 1196 4318 et
1213 4267 1298 4318 isich-

104 4335 127 4381 h.
146 4335 186 4384 Sia
210 4334 266 4396 neg.
285 4343 308 4384 et
325 4334 425 4397 Sequor.
461 4335 523 4384 Editi
540 4350 596 4386 reru
614 4325 660 4382 αὖ·
711 4335 792 4384 manni
813 4335 834 4383 l.

72 4398 127 4448 tari.
163 4401 253 4450 ibidem
278 4401 377 4452 Gobier.
396 4409 420 4452 et
437 4402 542 4453 Feiatm.
565 4403 585 4452 Ι.
603 4393 657 4450 itt’
745 4417 766 4451 e.
786 4401 884 4453 Gobier.
903 4401 1084 4452 ethelstimi.
1104 4394 1169 4452 ἐπεί.

78 4455 224 4532 ᾇποκρὶνου
241 4461 312 4533 πρὸς
329 4463 387 4528 tq'r.
744 4471 761 4518 i.
786 4470 820 4518 ita
840 4470 895 4530 lisa.
914 4477 937 4518 et
953 4469 1025 4530 Sego.
1061 4469 1122 4519 Editi
1141 4459 1299 4522 veracitate.

107 4548 127 4583 c.
145 4535 203 4598 itaq.
226 4544 250 4586 et
272 4540 373 4598 Sequar.
397 4529 464 4603 ὑμῖν
487 4545 560 4588 reete.
596 4537 658 4588 Editi
745 4551 767 4598 r.
793 4537 862 4588 Gabi.
882 4546 905 4586 et
923 4537 1028 4586 ieicbm.
1048 4537 1070 4586 1.
1088 4528 1126 4602 pri
1144 4531 1299 4602 μέμφεσθε.
