3110 5064
231 346 274 410 tt
761 361 935 408 emeramn-

93 563 96 570 .
231 511 432 579 behemones
460 511 626 577 modestius
655 529 690 574 se
716 511 795 574 intre
823 509 967 575 terminos
997 511 1118 574 divinae
1139 509 1346 590 pstel'tctionis
1376 512 1462 574 enbi-

231 616 296 680 buit
323 633 379 678 nec
413 612 568 694 quiequam
590 612 692 676 hahuit
724 611 873 692 antiquius
902 631 990 692 quem
1018 621 1052 676 ut
1078 611 1216 690 dogmata
1237 611 1307 674 lidei
1327 613 1366 674 44
1386 611 1461 676 ritne

230 715 463 778 conformandae
491 725 577 778 44444
606 715 772 786 conterret,
800 713 927 794 ideoque
955 713 1114 793 praecipue
1144 714 1281 794 dogmate
1311 733 1379 778 cum
1402 715 1462 776 ritu

229 816 424 896 moribusque
447 816 493 883 rel
514 835 581 880 cum
603 816 712 880 horum
733 816 899 897 praeceptis
922 814 1110 878 cohaerentia
1131 823 1162 877 et
1183 815 1351 888 coniuncta,
1380 815 1460 878 velut

229 917 267 980 4ο
289 927 428 998 peccato,
453 918 604 981 delibero
627 917 750 982 arbitrio
774 927 804 980 et
825 917 918 997 gratia
940 935 975 978 ec
995 915 1283 996 praedestinatione,
1307 916 1462 983 desciuit

141 1031 144 1042 ’
228 1037 284 1100 per
316 1019 469 1082 Christum
501 1029 635 1100 reparata
668 1021 793 1100 eiusque
824 1019 1051 1098 consequendae
1083 1017 1173 1080 modo
1203 1026 1234 1080 et
1262 1017 1483 1088 adminiculis‚'

229 1120 399 1200 diligentius
433 1124 581 1202 exposuit.
636 1121 693 1184 Uhi
722 1120 759 1181 de
789 1119 847 1184 illis
872 1121 947 1182 locis
980 1118 1155 1198 theologicis
1187 1118 1356 1198 quaeritur,
1389 1135 1462 1182 4444

228 1223 430 1286 consulendus
452 1232 498 1286 est
521 1223 770 1303 chrysostomus,
803 1222 840 1283 de
863 1220 1012 1302 mysteriis
1037 1219 1177 1286 trinitatis
1198 1219 1247 1282 dei
1269 1228 1300 1281 et
1320 1219 1461 1298 incarna-

229 1323 321 1388 tionis
350 1341 411 1386 non
439 1326 522 1388 item.
571 1323 666 1385 Nemo
695 1321 869 1402 igitur.niei
899 1322 949 1403 qni
977 1322 1089 1401 hospes
1120 1329 1166 1384 est
1193 1321 1223 1383 in
1252 1320 1460 1400 chrysostomi

229 1425 415 1506 aliorumque
436 1433 555 1506 petrum
577 1424 708 1502 scriptis,
731 1423 896 1496 mirabitur,
920 1424 999 1504 qnod
1021 1423 1052 1484 in
1074 1422 1257 1486 collectione
1280 1432 1383 1484 nostra
1406 1441 1464 1484 nec

227 1526 301 1590 ellee
334 1524 469 1588 eiusdem
492 1545 530 1588 cx
562 1525 784 1589 commentariis
807 1525 837 1587 in
871 1526 1047 1606 scripturam
1082 1541 1197 1586 sacram
1228 1523 1383 1598 homiliae,
1407 1542 1466 1586 nec

228 1626 295 1689 11144
317 1624 473 1689 duodecim
495 1635 599 1690 contra
620 1626 792 1690 llnomoeoe
815 1626 877 1690 sive
898 1625 1102 1689 Eunomianos
1124 1625 1241 1688 habitae
1261 1625 1464 1705 reperiuntur,

228 1727 306 1789 inter
327 1745 402 1807 quus
425 1728 555 1808 quinque
583 1729 700 1808 priores
724 1736 753 1790 et
774 1728 929 1790 undecimo
952 1728 987 1788 de
1009 1725 1377 1808 inconprehensibili-dei
1403 1745 1465 1790 nc-

230 1839 319 1901 ture,
345 1829 471 1910 septima
495 1831 530 1892 de
558 1829 815 1894 consubstantiali
842 1837 872 1890 et
898 1827 1073 1890 duodecima
1089 1828 1136 1890 dc
1165 1830 1323 1892 dicim'tute
1347 1828 1468 1892 christi

228 1947 324 2009 paene
357 1938 438 1992 totae
470 1938 543 1994 sunt
575 1932 740 2010 ergtrmenti
772 1928 931 2008 dogmatici
964 1947 999 1991 44
1030 1929 1177 2008 polemici.
1222 1929 1287 1990 Vid.
1311 1929 1388 2009 Opp.
1412 1930 1463 1992 ed.

227 2029 416 2094 llontleucon
444 2032 539 2094 Peris.
563 2051 590 2094 4.
615 2033 707 2098 1834.
740 2032 826 2094 Tom.
849 2030 872 2094 1.
900 2048 930 2110 p.
953 2032 1135 2096 ott-uso.
1177 2031 1243 2092 lino
1266 2038 1364 2092 nutem
1387 2029 1463 2094 Ser-

229 2149 345 2206 mones,
368 2148 446 2196 unus
471 2135 507 2196 de
529 2144 636 2199 sanctu
659 2137 813 2205 trinitate,
844 2131 919 2196 alter
940 2133 976 2196 de
997 2145 1104 2196 cuncto
1133 2135 1262 2213 spiritu,
1291 2131 1323 2193 in
1351 2131 1463 2211 qtdhns

227 2234 499 2312 argumentationes
528 2243 631 2298 contra
657 2233 783 2297 Arianos
813 2243 843 2296 et
864 2232 1096 2296 macedonianos
1130 2233 1249 2296 tenuius
1281 2240 1312 2294 et
1344 2233 1463 2296 acutius

227 2341 407 2408 tractentur,
437 2353 498 2397 nnn
520 2337 655 2398 referunt
681 2333 760 2396 illem
783 2335 990 2414 chrysostomi
1019 2343 1128 2413 sponte
1150 2331 1291 2396 liuentem
1314 2332 1463 2413 eloquen-

226 2435 297 2498 tiem
326 2445 356 2498 et
382 2445 541 2516 propterea
569 2436 647 2498 inter
675 2436 776 2514 spuria
804 2436 896 2516 positi
927 2444 998 2498 sunt
1026 2433 1112 2496 Tem.
1135 2435 1158 2495 1.
1186 2453 1218 2515 p.
1244 2438 1407 2514 141444.
1431 2443 1465 2497 et

226 2535 278 2598 111.
301 2555 332 2616 p.
355 2539 429 2602 snt.
453 2555 498 2616 sq.
543 2535 587 2598 Ne
603 2544 701 2598 temen
723 2537 795 2598 tenti
809 2537 942 2599 doctoris
968 2553 1079 2598 nomen
1102 2535 1224 2598 omniuo
1247 2535 1325 2598 absit
1346 2535 1383 2596 ab
1405 2535 1465 2600 hec

227 2636 417 2710 bibliotheca,
451 2638 550 2703 locum
584 2637 660 2699 daho
694 2636 905 2700 celeberrimae
932 2635 969 2698 44
992 2637 1161 2700 Caesarium
1191 2637 1334 2716 epistolae
1356 2643 1465 2700 contra

223 2739 450 2820 Apollinaristas
471 2739 599 2819 scriptae
622 2739 713 2819 (Opp.
729 2738 816 2800 Tem.
837 2738 888 2801 111.
904 2757 934 2819 p.
951 2739 1144 2812 895—900.)
1167 2745 1198 2800 ct
1218 2739 1348 2800 iortnsse
1369 2737 1464 2802 etiam

224 2842 357 2906 sermoni
379 2842 420 2904 illi
442 2850 545 2906 contra
567 2839 706 2914 Arianos,
728 2840 778 2918 qui
800 2847 949 2900 extremus
972 2847 1019 2900 est
1040 2839 1118 2902 inter
1132 2837 1336 2918 chrysostomi
1350 2838 1462 2902 114441-

223 2940 278 3001 1144
294 2940 326 3001 V.
350 2959 386 3002 ex
407 2942 473 3003 cod.
490 2940 652 3004 llresdensi
675 2941 711 3001 ab
733 2938 865 3002 Becherc
888 2938 1018 3017 primunr
1041 2939 1137 3002 ediles
1159 2938 1288 3019 Lipsiae.
1310 2957 1338 3000 4.
1363 2942 1462 3006 1839.

224 3037 391 3125 inscriptus
415 3050 462 3102 est
474 3037 536 3116 Εἰς
555 3036 605 3116 τὸ,
622 3035 860 3123 sermonesve
873 3035 931 3102 τὸν
946 3031 1136 3104 ἀπόστολον
1159 3035 1215 3103 καὶ
1229 3030 1383 3124 ἀρχιερέα
1397 3041 1462 3127 τῆς

224 3131 402 3222 ὁμολογίας
428 3132 521 3223 ἡμῶν
540 3132 663 3224 Ἰησοῦν
686 3135 834 3223 Χριστὸν
862 3137 984 3204 πιστὸν
1014 3135 1097 3206 b'rce
1123 3141 1170 3224 τῷ
1193 3135 1374 3223 ποιήσαντι
1396 3135 1462 3206 αὖ·

222 3237 290 3306 τόν.
314 3240 417 3314 illebr.
439 3241 490 3305 111.
517 3246 557 3310 1.)
599 3241 668 3304 Pari
690 3239 797 3313 modo,
822 3241 848 3302 si
869 3241 1051 3305 voluminum
1076 3259 1214 3304 mensura
1243 3241 1271 3302 14
1295 3242 1461 3321 permittet,

223 3341 323 3406 lissilii
345 3339 498 3424 respirari
514 3335 608 3424 clyton
631 3339 819 3423 πνεύματος
839 3342 915 3404 libro
938 3343 974 3405 44
989 3343 1225 3424 Amphilochium
1249 3343 1336 3404 huius
1360 3344 1461 3422 ipsine

223 3443 380 3525 epistolem
402 3443 572 3523 synodicam
595 3463 611 3509 a
634 3443 782 3506 Cotelerio
797 3445 979 3506 bionument.
1002 3445 1110 3508 eccles.
1139 3463 1183 3524 gr.
1199 3445 1285 3506 Touo.
1307 3444 1344 3505 11.
1367 3463 1397 3524 p.
1413 3447 1459 3510 99

222 3549 339 3610 -tut
362 3543 490 3624 priorum
517 3543 692 3624 publicatam
720 3543 893 3618 subiiciam,
922 3553 1010 3626 atque
1038 3546 1078 3608 illi
1102 3545 1306 3625 Chrysostomi
1339 3546 1458 3624 episto-

212 3647 268 3708 'lae
289 3644 443 3708 aduectum
458 3645 583 3708 selectos
606 3645 718 3726 aliquot
731 3644 841 3708 lsidori
854 3645 1024 3710 Pelusiotae
1047 3645 1200 3726 epistolas,
1223 3648 1303 3726 quae
1320 3646 1356 3707 44
1378 3663 1459 3708 444-

223 3746 460 3812 woremiam-de
480 3746 570 3808 modo
593 3754 623 3808 et
644 3747 751 3808 ellectu
773 3748 992 3811 coniunctionis
1022 3746 1176 3826 utriusque
1204 3746 1376 3810 in'cbristo
1399 3765 1457 3813 ne—

223 3858 308 3912 turee
329 3847 489 3928 pertinent

307 3949 366 4012 Sed
388 3947 461 4010 satis
476 3947 534 4009 iam
548 3947 762 4027 exemplorum,
785 3949 942 4028 exquibus
958 3954 1170 4030 cognoscatur,
1193 3949 1355 4028 quomodo,
1379 3967 1457 4029 qnae

222 4050 260 4114 de
282 4049 399 4114 delectu
426 4047 610 4112 instituendo
639 4050 706 4130 ipse
733 4049 807 4112 mihi
834 4049 1031 4131 praescripsi,
1060 4056 1219 4112 exsecutus
1242 4051 1310 4112 sim.
1352 4049 1457 4130 ltaque

222 4149 261 4212 44
287 4151 400 4231 reliqna
429 4151 603 4232 progrediar
631 4149 850 4230 lectoribusque
876 4151 1014 4214 indicabo
1044 4150 1111 4231 ipen
1137 4159 1255 4231 patrum
1277 4169 1455 4231 graecorum

222 4251 374 4331 opuscula,
396 4269 482 4332 quoe,
506 4253 533 4316 41
547 4251 661 4332 coeptis
682 4250 757 4314 deus
779 4252 925 4328 adnuerit,
949 4259 982 4313 nt
1003 4250 1183 4316 bibliotheca
1208 4252 1320 4315 absolvi
1342 4254 1452 4334 possit,

221 4351 395 4414 4411441414
417 4371 451 4416 ea
473 4355 668 4434 reperientur.
713 4351 751 4414 ttt
764 4353 893 4432 primum
915 4353 1036 4433 quidem
1057 4353 1095 4416 de
1116 4355 1323 4418 Athanasianis
1346 4339 1452 4430 dicero,

221 4471 296 4534 quae
316 4454 414 4535 primo
436 4455 494 4518 boc
514 4455 664 4520 volumine
685 4452 902 4536 comprehensa
920 4455 992 4518 viris
1015 4455 1111 4522 doctis
1134 4456 1309 4546 offeruntur.

266 4573 270 4580 ·
307 4555 389 4620 luter
409 4557 574 4638 scriptores
597 4577 721 4639 graecos
740 4555 852 4622 4444411
875 4558 982 4639 quarti,
1005 4558 1055 4639 qni
1083 4557 1220 4635 dogmata
1243 4576 1327 4622 sacre
1354 4575 1451 4638 eupo-
