3110 5064
245 353 287 418 dd
784 365 957 410 rumaren.

245 527 313 600 apte
333 529 366 580 aa
386 517 521 598 apposite
543 515 727 592 distributis,
750 516 807 580 etsi
828 517 929 598 potius
951 523 1059 598 suopte
1080 517 1201 597 ingenio
1223 535 1310 598 qnam
1332 517 1474 580 elabora-

244 601 499 682 aione'aahiblris.
542 618 637 682 liuius
658 618 754 682 oratio
775 637 925 698 nunqnam
947 618 1050 692 allinit,
1073 635 1224 698 nunqnam
1239 618 1356 698 longius
1377 637 1475 698 raga-

244 727 331 785 tur.“
396 720 545 784 Postlraec
578 719 667 783 variis
708 720 846 783 laudibus
884 719 1035 800 praedicat
1072 720 1288 800 praestantiora
1316 720 1473 783 Athanasii

245 841 352 903 opera,
391 822 555 886 orationem
595 829 698 884 annua
731 821 857 892 Gentes,
897 821 1054 903 epistolam
1081 821 1119 883 de
1147 821 1293 882 sententia
1323 821 1472 902 Dionysii,

247 924 402 1004 ap'stnlam
439 923 477 985 ad
507 923 713 997 Draconliam,
752 922 903 986 orationes
940 931 1042 985 contra
1075 923 1217 996 Arianos,
1251 922 1401 1003 apologias
1432 923 1474 985 de

245 1027 313 1106 tage
342 1033 372 1088 et
399 1025 435 1087 ad
457 1025 678 1099 Consualium,
713 1023 802 1086 etiam
830 1025 982 1086 orationes
1010 1029 1113 1086 nocua
1133 1023 1363 1104 Apollinarium,
1392 1041 1473 1104 quas

246 1126 433 1192 amdsaimas
472 1145 542 1188 esso
575 1127 633 1200 ait,
672 1133 705 1188 ut
737 1125 767 1186 in
798 1125 837 1187 iis
869 1125 1053 1188 inveniamus
1085 1125 1276 1187 Athanasium
1309 1125 1473 1187 Athanasio

247 1225 451 1312 δριμύτεραι.
510 1226 656 1308 Deinceps
690 1243 766 1305 quae
797 1229 965 1306 sequuntur
998 1226 1036 1288 do
1067 1225 1228 1288 Athanasio
1264 1243 1369 1306 aspere
1401 1245 1473 1288 nam

244 1330 403 1392 haereticis
434 1337 557 1408 mente,
593 1347 627 1390 aa
657 1316 747 1407 supra
779 1327 941 1390 lectoribus
971 1327 1101 1390 exhibui.
1152 1327 1288 1388 &uerna
1318 1327 1496 1389 Menan--

246 1431 325 1493 aonii
347 1431 384 1492 da
406 1430 483 1510 stylo
503 1428 655 1492 Athanasii
677 1428 766 1490 verba
787 1436 858 1492 sunt
878 1429 967 1492 baec:
991 1427 1108 1502 „Dictio
1121 1429 1194 1514 ‘eius
1215 1443 1290 1508 pura
1304 1437 1335 1490 et
1349 1428 1472 1508 elegam

244 1541 293 1593 eet
313 1539 347 1592 ut
367 1531 545 1610 plurimum:
573 1549 630 1592 nec
649 1529 766 1592 inficior
786 1539 883 1592 tarum
906 1529 1057 1592 nonnullis
1088 1532 1151 1592 eiua
1177 1529 1320 1609 operibus
1341 1529 1473 1610 aliquam

242 1632 484 1712 peregrinitatem
506 1630 642 1694 attulisse
664 1631 785 1694 haduae
807 1631 924 1712 linguae
944 1625 1048 1704 hearne
1070 1631 1155 1710 quale
1175 1630 1248 1692 illud
1270 1641 1333 1704 eet,
1356 1626 1472 1715 leniq-

245 1735 321 1798 σίαν
344 1728 463 1798 ἔδωκεν
485 1729 532 1809 εἰς
553 1729 696 1816 aptam,
727 1729 917 1818 βετιράνος,
950 1742 979 1795 et
1000 1733 1055 1795 alia
1077 1733 1107 1794 id
1128 1751 1234 1812 genus.
1275 1731 1472 1810 Impetratum

244 1833 358 1898 scilicet
378 1854 394 1898 a
417 1835 632 1897 consuetudine
652 1836 764 1909 luerat,
786 1847 821 1898 ut
843 1836 869 1898 si
892 1853 928 1897 ex
954 1835 1125 1914 quotidiana
1146 1833 1319 1895 Latinorum
1342 1832 1472 1894 tamilla-

244 1935 331 1998 ritata
358 1935 473 2016 aliquae
500 1935 671 2000 huiusmodi
701 1937 847 2000 dictiones
869 1937 900 1998 in
923 1935 1043 2000 buccam
1065 1936 1216 2007 venirent,
1245 1947 1283 1996 no
1303 1933 1341 1997 ab
1359 1933 1401 1995 iis
1422 1935 1471 1996 rel

245 2036 355 2100 Graece
385 2035 542 2116 peritiores
571 2037 764 2102 abstinerent.
808 2038 892 2100 Licet
918 2046 1016 2099 aotam
1045 2036 1170 2098 insidias
1198 2035 1319 2098 auribus
1348 2033 1472 2098 anaim

243 2145 337 2218 paret,
358 2137 479 2200 lectoris
502 2138 560 2200 sibi
581 2147 691 2213 tamen,
715 2138 861 2201 illecebris
883 2139 986 2201 nmcio
1008 2137 1134 2218 quihus,
1155 2137 1391 2200 benevolentiam
1414 2155 1468 2199 ca·

243 2248 315 2321 ptat.
359 2239 438 2300 Nihil
467 2257 609 2303 morosus
638 2239 669 2300 in
697 2239 827 2302 exordiis
856 2255 916 2314 cet,
946 2240 999 2302 sed
1029 2240 1129 2302 statim
1150 2239 1190 2300 ab.
1209 2237 1293 2300 initio
1316 2239 1348 2300 ia
1364 2255 1469 2300 arcem

243 2359 351 2404 causae
382 2339 511 2414 inradia,
545 2349 575 2402 et
608 2349 709 2402 conus
743 2341 908 2403 haereticos
943 2341 1021 2402 canit
1051 2339 1268 2420 quodammodo
1300 2339 1469 2402 classicum.

242 2441 376 2505 Platonis
398 2441 579 2522 Homerique
600 2441 695 2504 libros
717 2442 788 2520 legit
809 2443 938 2516 assidue,
960 2459 1017 2504 nco
1038 2459 1099 2502 non
1120 2439 1246 2502 aliorum
1269 2447 1412 2514 veterum,
1434 2451 1470 2502 nt

244 2543 437 2606 exoratione
469 2543 704 2606 contradentes
737 2551 767 2605 et
794 2563 830 2606 ea
858 2543 922 2606 aliis
955 2542 1020 2605 ιίιιι
1042 2540 1194 2621 ,operibus
1225 2541 1377 2620 propalam
1412 2551 1471 2604 est.

244 2645 359 2718 Quodsi
380 2644 543 2724 Gregorius
564 2645 766 2708 Nazianzenus
788 2645 869 2708 illum
892 2645 948 2708 laec
967 2643 997 2706 in
1018 2652 1102 2723 parts
1116 2641 1305 2704 mediocriter
1319 2642 1472 2706 dumuaat

242 2735 390 2809 eruditum
412 2747 505 2809 luisse
526 2756 642 2820 narret,
672 2747 702 2809 id
724 2747 864 2808 nimirum
887 2745 1032 2824 Gregorio
1053 2744 1147 2806 nsum
1170 2743 1238 2816 luit,
1261 2743 1311 2823 qni
1333 2759 1470 2823 magram

242 2848 345 2910 aetatis
369 2865 440 2909 suae
461 2857 575 2928 partem
598 2849 646 2912 bis
669 2850 698 2910 in
721 2849 827 2910 studiis
850 2847 998 2908 contrivit
1042 2846 1114 2908 Aliis
1136 2853 1233 2906 autem
1256 2844 1321 2906 iuro
1335 2845 1471 2908 nasama

241 2947 419 3010 Adraoasius
442 2945 624 3031 φιλολόγος
646 2956 676 3009 et
696 2948 745 3009 bis
768 2949 798 3008 in
820 2946 912 3008 rebus
933 2946 1028 3025 probe
1050 2945 1216 3008 eruditae.“
1261 2945 1293 3006 Si
1322 2963 1403 3025 quas
1423 2946 1470 3010 ria·

243 3046 433 3124 doctissimus
465 3048 619 3127 copiosius
659 3048 815 3120 disseruit,
849 3054 990 3126 quanuam
1022 3045 1185 3126 probabilia
1220 3054 1307 3122 snut,
1337 3047 1472 3110 breritn

242 3146 398 3227 complenti
430 3147 519 3221 ralis,
551 3147 802 3228 pronuntiandum
824 3159 885 3220 est,
918 3147 1068 3210 Athanasii
1100 3148 1295 3228 eloquentiam
1325 3163 1387 3210 non
1409 3157 1469 3212 tam

242 3247 335 3310 labae
357 3247 449 3310 sardii
472 3257 502 3310 et
523 3249 611 3322 artis,
638 3265 729 3332 ‘quam
751 3249 897 3311 lumbatis
919 3256 1061 3312 a·natura
1084 3251 1236 3328 protectae
1261 3267 1388 3329 eamque
1408 3249 1469 3312 illis

241 3350 367 3412 maxime
399 3349 577 3412 excelluisse
609 3349 783 3420 virtutibus,
817 3368 892 3430 qnae
922 3349 1076 3412 doctorem
1105 3349 1371 3430 etdisputatorem
1404 3351 1470 3413 sire

242 3451 419 3530 sumturum
441 3450 617 3514 didacticum
639 3457 670 3511 et
689 3450 865 3530 polemicum
889 3460 997 3514 ornant
1017 3451 1105 3531 eique
1125 3451 1229 3524 tidem,
1252 3451 1470 3527 metanoeam,

240 3553 349 3616 lamae
370 3551 536 3614 condliam.
579 3551 745 3614 llictionem
767 3560 865 3614 anum
887 3553 937 3632 qui
958 3553 1086 3614 voluerit
1107 3552 1294 3616 adnomen
1317 3555 1469 3617 semente

240 3653 327 3714 Attici
350 3653 477 3730 erigere,
499 3651 644 3732 intelliget
664 3671 725 3714 non
747 3661 862 3716 tanmm
882 3652 1087 3727 barbarismis,
1110 3654 1210 3734 quales
1232 3655 1346 3718 notarit
1365 3655 1469 3718 diunt-

241 3753 412 3828 laoconias,
447 3763 478 3814 et
498 3753 608 3816 usitato
630 3753 678 3816 illa
699 3761 792 3816 mute
813 3755 975 3838 sowaapqi
1007 3755 1180 3818 moechum
1203 3773 1288 3828 esse,
1323 3757 1377 3820 sed
1400 3757 1469 3819 aliis

240 3874 360 3938 qaoque
380 3854 472 3930 vitiis,
495 3871 570 3934 quae
592 3855 680 3917 etiam
702 3855 876 3918 cultissimis
891 3853 1001 3936 alioqui
1023 3857 1166 3918 ecclesias
1187 3875 1310 3936 pamas
1330 3857 1468 3938 patribus

240 3958 408 4022 eommunia
436 3965 506 4018 sunt
535 3975 591 4018 nec
611 3965 773 4042 potuerant
799 3957 904 4022 abesae
927 3957 964 4019 ab
995 3958 1114 4036 scriptis
1137 3976 1258 4032 eorum,
1287 3968 1320 4022 ot
1340 3959 1470 4022 Basdiaas

239 4057 280 4134 la,
300 4061 410 4122 latatar
431 4058 462 4120 in
482 4057 610 4138 epistola
630 4058 666 4120 ad
688 4056 844 4132 Liberium
866 4057 1068 4122 cmxxxii.
1084 4057 1162 4139 Opp.
1184 4060 1230 4122 ed.
1245 4060 1355 4123 Boram.
1379 4061 1471 4124 Tem.

240 4158 292 4220 lll.
314 4177 344 4238 p.
367 4163 440 4224 loo.
463 4159 498 4222 b.
521 4159 588 4223 coll.
610 4177 659 4240 ap.
682 4157 824 4222 cccuvl.
847 4179 877 4240 p.
890 4161 964 4224 461.
986 4159 1020 4220 E.
1064 4159 1210 4224 Nimirum
1230 4161 1382 4226 Athanasii
1404 4179 1469 4226 non

239 4267 311 4322 sunt
331 4259 528 4324 contendendi
551 4279 618 4326 cum
641 4259 784 4324 laihaoiis.
828 4261 865 4323 lli
887 4257 1056 4338 λιξειδίων
1077 4258 1263 4347 θηράιορες
1290 4263 1364 4326 nihil
1384 4265 1470 4327 anti·

239 4359 328 4440 quius
350 4359 519 4424 habueruut
539 4381 628 4443 quam
650 4369 684 4426 ut
705 4361 891 4426 orationibus
919 4362 983 4426 suis
1005 4363 1118 4426 Atticae
1146 4363 1323 4428 elocutionis
1345 4365 1472 4446 elegan-

238 4459 311 4524 oran
344 4468 374 4524 at
404 4469 588 4528 normulam
622 4465 833 4545 numerent.
876 4463 937 4528 lllis
970 4457 1119 4534 ἁλιεῦσιν
1151 4456 1344 4548 ἀνθρώπων
1377 4485 1471 4530 curas

238 4561 385 4642 cordique.
408 4571 455 4628 est
482 4583 532 4628 ras
566 4566 725 4632 ιὴιίιιίιιιι
748 4577 779 4632 et
799 4567 881 4630 salos
903 4565 1157 4641 chisianum,
1190 4567 1238 4630 osi
1258 4568 1474 4644 inservientes,
