3032 5048
463 339 609 382 sarsrona
622 338 660 382 ae
677 297 856 384 salemon.
1214 331 1276 396 825

10 491 173 553 >onusti
199 489 371 570 disceptare
393 507 428 552 ac
449 489 640 570 quaestiones
662 507 783 552 morere
805 489 927 553 ausint?
972 493 1030 566 Qui
1053 495 1080 557 si
1102 515 1139 558 ex
1158 497 1363 561 Arianisraor.

10 593 153 654 iidem
183 592 269 665 sint,
292 591 366 654 nihil
387 591 513 666 mbum,
537 608 591 652 eos
613 609 688 670 quae
710 598 812 654 eontra
834 610 868 654 se
891 593 1001 673 scripta
1024 606 1095 660 sunt
1117 599 1277 676 criminari,

10 693 300 756 uemadmodum
321 700 352 755 et
372 692 500 767 Etbuici,
523 691 593 754 duni
615 691 686 756 Vlud
707 693 848 754 audiunt:
865 692 1049 764 Structoero
1068 706 1201 779 peretrum
1223 692 1279 770 or?

10 805 159 860 eurum
186 806 221 860 et
243 813 365 868 numm,
387 813 482 876 opero
496 795 817 872 moouumlromiuum,
840 795 1006 860 doctrinam
1022 799 1059 860 de
1074 801 1278 867 divinaCruce

14 897 199 960 tultitiam
226 897 416 960 arbitrantur.
461 896 514 958 Sin
536 905 633 958 autern
656 895 693 970 ii,
724 896 775 975 qui
797 895 947 960 eiusmodi
968 901 1191 979 quaestionibus
1212 923 1364 970 remeses.

10 1005 42 1062 le
73 1002 225 1079 integro
249 1007 375 1062 uastare
395 1005 564 1081 peroptant,
586 1016 623 1061 ex
645 1015 749 1060 eurum
772 1017 897 1062 numero
920 1012 1006 1076 sunt,
1028 1002 1079 1080 qui
1100 1013 1181 1067 reete
1203 1025 1275 1070 seu-

12 1105 72 1164 ire
105 1111 146 1164 et
170 1101 232 1176 iis,
261 1119 337 1180 quae
366 1099 541 1163 al¹atribus
568 1099 753 1180 promulgata
781 1108 868 1175 sunt,
897 1103 996 1164 lavere
1024 1102 1176 1179 videntur,
1205 1108 1280 1172 nibil

10 1203 105 1266 iliud
136 1210 316 1283 praestant,
345 1221 434 1282 quarn
462 1201 559 1282 quod,
589 1209 621 1265 ut
649 1202 792 1282 scriptum
821 1211 882 1278 est,
912 1204 1049 1283 proximo
1078 1205 1199 1287 quidem
1222 1227 1277 1272 suo

10 1304 236 1368 eversionem
256 1303 385 1366 lutosam
407 1304 578 1384 propinant,
600 1301 700 1366 verbis
716 1311 813 1366 autern
836 1304 988 1370 decertant
1008 1325 1070 1370 non
1092 1309 1130 1370 ad
1151 1308 1279 1390 aliquam

10 1406 293 1480 utilitatem,·sed
316 1406 352 1468 ed
375 1404 588 1486 simpliciorum
610 1403 784 1485 perniciem.

118 1513 157 1572 2.
206 1507 287 1570 Haec
308 1507 349 1570 ita
371 1507 485 1581 scribo,
514 1515 673 1588 postquam
701 1507 759 1586 legi
788 1508 1019 1572 commentarios
1048 1529 1064 1571 a
1094 1519 1143 1574 tna
1169 1513 1280 1592 pietate

10 1611 104 1674 mihi
135 1609 272 1684 oblatos,
295 1609 346 1689 qui
369 1609 479 1672 utinam
502 1608 605 1689 scripti
626 1627 777 1688 nunqnam
799 1609 938 1684 luissent,
961 1618 993 1674 ut
1014 1630 1053 1674 ne
1074 1613 1195 1676 minima
1210 1616 1279 1694 qui·

14 1715 100 1776 dem
136 1713 253 1774 borum
280 1711 423 1773 memoria
452 1705 704 1774 'transmitteretur
730 1710 767 1772 ad
795 1717 947 1790 posteros.
999 1712 1074 1786 Quis
1103 1715 1182 1778 enini
1211 1715 1279 1778 talia

13 1832 175 1896 unquam
199 1811 333 1876 audivit?
362 1812 430 1893 quis
453 1811 556 1874 docuit
576 1810 738 1874 didicitre?
780 1811 827 1876 De
856 1811 932 1876 Sion
956 1813 1080 1893 quidem
1109 1819 1203 1881 coibit
1230 1817 1281 1880 lec

19 1918 92 1980 Dei
116 1925 151 1978 et
179 1913 307 1978 Verbum
328 1913 452 1978 Domini
478 1915 512 1977 de
535 1913 717 1998 Ierusalem,
744 1912 819 1977 baec
848 1920 947 1976 autem
976 1915 1055 1978 unde
1081 1903 1287 1996 prodierunt?

21 2017 193 2091 Quisnam
216 2014 349 2078 infernus
372 2015 442 2077 illud
466 2015 630 2090 eructarit,
645 2031 755 2094 corpus
779 2033 816 2076 ex
836 2015 928 2078 Maria
946 2017 1081 2096 genitum
1104 2037 1170 2082 esse
1192 2020 1281 2084 Verbi

24 2116 192 2182 divinitati
215 2115 493 2180 consubstantiale?
522 2128 574 2180 aut
595 2115 725 2178 Verbum
747 2116 779 2177 in
800 2135 936 2191 carnem,
961 2137 1030 2181 ossa
1054 2129 1084 2182 et
1105 2121 1229 2201 capillos
1251 2130 1282 2184 et
1312 2135 1320 2146 ’

24 2222 63 2282 in
89 2227 196 2282 totum
220 2235 329 2298 eorpus
350 2226 496 2280 mutatum
518 2219 631 2291 luisse,
661 2225 692 2280 et
719 2236 736 2279 a
764 2224 868 2281 natura
892 2219 1055 2284 descivisse
1078 2221 1158 2286 sua?
1203 2222 1281 2305 Quis

32 2331 145 2386 autem
169 2320 202 2382 in
223 2319 355 2382 Ecclesia
377 2329 428 2382 ant
449 2318 658 2382 asshnstianis
681 2337 812 2400 unquam
834 2320 955 2396 audivit,
979 2321 1138 2394 Dominum
1160 2323 1280 2386 liotioue

31 2442 101 2486 non
126 2423 237 2484 natura
258 2429 393 2500 gestasse
415 2419 549 2501 corpus?
592 2421 651 2482 Ant
671 2422 739 2500 quis
762 2440 799 2484 eo
821 2422 973 2500 processit
987 2422 1160 2502 impietatis,
1184 2433 1217 2486 ut
1232 2424 1281 2488 di·

35 2533 125 2588 ceret
148 2523 349 2604 sentiretque,
378 2523 473 2603 ipsam
493 2522 639 2584 Deitatem
661 2521 759 2588 rani.
770 2523 1054 2586 consubstantialem
1077 2525 1282 2588 circumcisam

36 2636 71 2690 et
93 2625 302 2706 imperfectam
323 2645 359 2688 ex
379 2627 511 2704 perlecta
532 2625 638 2688 laetam
660 2624 771 2699 luisse,
802 2631 832 2686 et
852 2627 933 2704 qnod
956 2625 1043 2688 Curei
1065 2625 1185 2688 affixum
1208 2635 1281 2702 eret,

40 2747 106 2792 uon
129 2727 225 2790 luisse
248 2745 369 2806 eorpus,
392 2727 447 2790 sed
469 2727 564 2806 ipsam
588 2725 752 2807 sapientiae
775 2725 972 2788 substantiam
996 2745 1097 2788 rerum
1121 2725 1282 2806 opilioem‘l

41 2831 121 2904 Quis
145 2829 221 2891 baec
241 2827 381 2890 audiens:
410 2828 476 2891 Non
500 2848 537 2891 ex
558 2829 664 2902 bieria,
687 2827 741 2890 sed
764 2847 799 2890 ex
821 2846 875 2891 sua
898 2827 994 2909 ipsius
1017 2827 1184 2891 substantia
1205 2829 1282 2891 Ver-

44 2932 119 2994 bum
142 2930 201 2992 sibi
221 2929 362 3010 passibile
384 2949 494 3010 corpus
517 2928 692 3002 eliormarit,
715 2929 788 2991 baec
809 2929 981 3009 loquentem
1003 2929 1206 2992 Christianum
1233 2929 1283 2992 di-

47 3030 149 3095 xerit?
194 3030 268 3104 uuis
289 3031 438 3095 nefariam
453 3032 534 3094 illam
555 3039 742 3094 commentus
765 3039 813 3094 est
839 3031 1038 3112 impietatem,
1072 3040 1124 3094 aut
1150 3033 1198 3094 eui
1227 3032 1284 3095 boc

51 3134 82 3196 iu
105 3141 233 3196 mentem
254 3135 369 3196 venerit
390 3133 574 3214 dixeritque:
598 3133 656 3207 Qui
678 3132 719 3195 ait
740 3151 776 3195 ex
798 3133 889 3196 llario
911 3153 983 3198 esse
1000 3133 1190 3198 Dominicum
1212 3148 1282 3196 cor-

55 3253 130 3315 pus,
152 3235 179 3296 is
199 3253 260 3298 nou
281 3236 408 3317 amplius
431 3235 621 3310 Trinitatem,
651 3236 705 3298 sed
726 3235 955 3316 quaternitatem
976 3236 1007 3299 in
1030 3236 1145 3299 Deitate
1167 3232 1284 3300 sentit?

56 3335 148 3408 Quasi
169 3353 236 3400 vero
265 3337 315 3416 qui
337 3337 378 3399 ita
400 3345 525 3402 censent
546 3337 660 3412 dicent,
689 3355 827 3412 caruem,
856 3357 942 3418 quam
972 3357 1007 3402 ex
1029 3339 1121 3400 Maria
1148 3338 1284 3402 Salvator

58 3437 168 3513 inoluit,
198 3457 233 3500 ox
252 3437 426 3504 substantia
454 3457 524 3502 esse
555 3437 720 3502 Trinitatis.
765 3439 828 3502 lam
854 3457 925 3502 vero
955 3441 1102 3502 undenam
1130 3441 1283 3522 aequalem

60 3556 148 3619 supra
168 3538 250 3600 dictis
272 3539 454 3621 impietatem
475 3541 611 3604 nonnulli
633 3557 803 3615 evomuere,
826 3559 887 3602 nou
902 3541 1029 3603 minoris
1048 3541 1164 3602 alentes
1179 3540 1284 3602 aetatis

64 3657 129 3701 essa
149 3657 262 3718 corpus,
284 3659 372 3720 quam
395 3642 482 3706 Verbi
503 3642 657 3717 Divinitas,
680 3642 734 3706 sed
757 3641 880 3704 omuino
903 3650 1094 3704 coaeternum
1118 3641 1157 3704 illi
1179 3641 1283 3715 luisse,

64 3816 144 3889 νόμος
159 3817 248 3889 κυρίου
264 3819 311 3874 καὶ
328 3818 495 3892 aspersos.
524 3819 642 3879 nutriri·
694 3826 747 3876 tlon
771 3810 870 3886 θεότὴς
893 3816 970 3888 αὐτή.
1014 3827 1101 3893 lipipb.
1126 3816 1219 3874 αὐτοῦ.
1257 3825 1285 3876 ln

64 3884 263 4010 popkacilloyop
279 3891 354 3943 θεοῦ.
392 3896 600 3960 SequenGebler.
620 3903 643 3945 et
694 3894 765 3944 editis
782 3903 808 3976 ft
826 3895 849 3944 ln
868 3895 1012 4012 quibnpppm
1032 3911 1097 4012 nme
1114 3885 1284 3962 περιετμήθη

84 3975 119 4078 etle.
135 3975 174 4078 gio
188 3969 428 4096 'omlrtrelsnp‘gbleu'mse
473 4031 587 4082 laeditis
605 4021 643 4084 elo
693 3974 1019 4096 pppunoprppiptptrqpmppn
1044 3964 1286 4092 ἒῑθὲοέἓξῗεᾞῑί

33 4136 41 4156 ,
69 4095 138 4146 deest.
170 4095 216 4146 lton
243 4107 298 4161 post
323 4092 420 4165 τρίχας
448 4100 549 4162 Segner.
573 4097 642 4148 selus
694 4099 860 4162 expunximus.
905 4099 970 4149 infra
988 4098 1080 4148 Tbeod.
1105 4096 1244 4149 Gcblerian.
1262 4103 1287 4148 et

69 4164 129 4212 addit
143 4155 184 4210 καὶ
198 4163 288 4233 νεῦρα.
328 4167 402 4217 Panlo
426 4175 483 4231 post
493 4159 539 4226 ,lv
555 4158 643 4226 ἔπαὼι-
694 4165 798 4216 Fatetur.
812 4166 832 4214 l.
850 4159 961 4225 xobqlm‘
984 4179 1054 4214 ενον.

72 4225 114 4292 alp
130 4232 227 4282 ducatio
245 4234 332 4298 lipipb.
358 4226 642 4300 lbidemlbeorl.norpr¹e
728 4233 747 4282 l.
765 4234 852 4299 Epipb.
869 4235 937 4284 solus
974 4228 1123 4300 upwoppbc
1140 4223 1222 4281 abele
1238 4229 1287 4292 τῆς

72 4297 238 4364 Χριστιανοῖς.
268 4301 407 4353 Goblerian.
426 4311 449 4352 et
467 4291 641 4361 Felelrm.l.r'1⁴
720 4293 812 4354 uoces·
850 4302 917 4360 Quae
935 4310 1069 4365 sequuntur
1094 4309 1174 4351 antem
1197 4295 1239 4353 sle
1256 4294 1288 4350 δὲ

73 4358 139 4432 παρὰ
195 4365 331 4420 uremur.
376 4369 467 4418 lbirlem
493 4369 591 4420 Gobler.
618 4377 643 4420 et
729 4362 802 4419 ου’ων
819 4383 834 4418 a
852 4369 1006 4420 theodoreto
1029 4371 1132 4420 citantor
1150 4369 1242 4432 llialoq.
1263 4368 1287 4418 l.

74 4431 166 4486 Valetn.
195 4429 328 4490 ,ὅθεός
351 4429 439 4502 λόγος.
482 4429 641 4502 Epipbao.b
693 4451 718 4503 p.
736 4437 777 4488 39.
933 4435 935 4440 ’

76 4491 132 4552 υἱός.
728 4519 751 4568 q.
773 4504 865 4556 Tbeed.
884 4512 909 4556 at
926 4503 1064 4568 Sequertrn.
1081 4495 1197 4556 εἰπόντα
1214 4493 1229 4544 »¹³
1250 4495 1287 4528 ’‘-

106 4580 124 4616 e.
140 4569 194 4622 llaec
216 4571 280 4639 apud
297 4569 389 4624 Tbecd.
409 4569 471 4622 lliel.
489 4570 513 4624 3.
538 4587 563 4638 p.
584 4571 639 4624 tte.
693 4585 788 4636 γοντα.
