3072 5056
236 326 277 392 80
637 340 661 384 8.
678 340 831 384 Ammon
846 341 1069 386 monument!

149 505 226 551 επεν.
235 487 354 556 τούτου
375 490 429 554 καί
452 485 510 554 τὸν
532 485 566 554 δν
587 489 634 574 τῷ
656 490 759 574 πατρί
782 486 887 574 λόγον.
919 487 948 555 εί
970 488 1006 554 δὲ
1027 489 1082 554 καί
1104 493 1234 575 πατέρα
1246 490 1344 558 θέλει
1356 491 1449 574 λέγειν

234 584 328 678 ήμῶν
348 587 406 656 τὸν
428 589 516 656 ἴδιον
538 587 656 655 ἑαυτοῦ
677 593 815 675 πατέρα,
839 583 878 656 οὗ
897 588 957 678 χρή
973 588 1030 656 διὰ
1043 591 1141 656 τοῦτο
1157 597 1369 658 συνεπιτείνειν
1383 589 1447 656 έαυ
1534 663 1535 668 1

235 689 313 769 τοὺς
342 693 390 777 τῷ
418 691 479 769 vm
507 689 591 757 κατὰ
615 687 674 779 τήν
703 689 815 778 φύσιν.
858 693 913 757 καλ
935 693 1033 758 τοῦτο
1055 689 1117 776 γάρ
1139 683 1186 756 δι’
1211 684 1311 758 αότὸν
1333 692 1449 775 λέγεται

235 785 314 878 παρ’
344 787 453 879 ήμῶν·
482 789 598 879 ἐπειδὴ
626 789 688 877 γὰρ
716 789 755 858 τὸ
783 787 941 878 ἡμέτερον
965 786 983 857 ό
1006 790 1103 877 λόγος
1125 788 1265 877 έφόρεσε
1287 793 1382 875 σῶμα
1401 787 1448 856 καὶ

235 897 364 979 γέγονεν
392 891 426 960 έν
453 887 548 981 ἡμῖν,
581 886 776 969 ἀκολούθως
803 883 868 960 διά
887 891 945 958 τὸν
974 891 1008 960 ἐν
1029 888 1108 978 ήμίν
1131 888 1228 976 λόγον
1250 893 1306 957 καί
1325 885 1449 976 ήμῶνό

234 993 318 1074 θεὸς
339 995 467 1080 λέγεται
488 992 608 1081 πατήρ.
653 991 693 1059 τὸ
714 991 775 1079 γὰρ
799 991 832 1060 έν
853 989 933 1080 ἡμῖν
954 995 1086 1076 πνεῦμα
1106 995 1164 1059 τοῦ
1188 991 1287 1077 λόγου
1302 987 1349 1059 δι’
1365 986 1451 1078 ήμῶν
1531 1068 1532 1080 η

234 1095 294 1164 τὸν
321 1095 439 1164 ἑαυτοῦ
461 1100 591 1181 πατέρα
613 1090 659 1174 ὥς
679 1089 773 1182 ήμῶν
796 1087 964 1178 ὀνομάζει·
993 1083 1090 1172 οὗτος
1110 1095 1165 1161 ·δὲ
1186 1096 1246 1160 τοῦ
1268 1089 1452 1160 ἀποστόλου
1531 1087 1532 1158 ἶ

234 1199 311 1276 νοῦς
332 1195 404 1264 ἐστι
426 1198 592 1283 λέγοντος·
616 1194 845 1275 ἐξαπέστειλεν
868 1189 886 1260 ὁ
907 1193 991 1273 θεὸς
1010 1193 1057 1286 τὸ,
1070 1198 1202 1280 πνεῦμα
1223 1197 1282 1260 τοῦ
1305 1195 1378 1262 υίοῦ
1401 1190 1453 1262 αό-

233 1302 294 1367 τοῦ
317 1298 364 1377 εἷς
385 1296 445 1377 τὰς
466 1298 603 1383 καρδίας
623 1291 725 1384 ήμῶν,
748 1295 883 1382 κρᾶζον·
906 1289 994 1382 άββᾶ
1015 1289 1033 1361 ό
1056 1293 1166 1383 πατήρ
1176 1300 1206 1374 ’μ

321 1405 371 1467 32.
412 1393 500 1464 Ἀλλ’
526 1398 608 1476 ἴσως
636 1399 689 1462 καί
725 1395 781 1463 διὰ
808 1395 848 1462 τὸ
877 1393 983 1481 ὄνομα
1003 1394 1043 1462 τὸ
1065 1390 1219 1484 άγένητον
1242 1395 1452 1484 ἐλεγχθέντες,

235 1499 378 1588 πονηροὶ
407 1497 465 1564 τὸν
491 1495 618 1584 τρόπον
646 1494 738 1576 ὄντες
759 1496 957 1585 έθελήλουσι
978 1499 1031 1564 καὶ
1054 1491 1150 1564 αὐτοὶ
1171 1499 1293 1582 λέγειν·
1316 1499 1386 1566 ἔδει
1406 1497 1455 1566 καὶ

236 1603 314 1687 περὶ
335 1603 394 1666 τοῦ
415 1606 528 1686 κυρίου
550 1596 606 1665 καὶ
628 1601 776 1686 σωτῆρος
796 1593 1004 1686 ήμῶνλησοῦ
1018 1600 1168 1684 Χριστοῦ
1191 1597 1225 1666 έκ
1241 1603 1308 1666 τῶν
1322 1603 1454 1688 γραφῶν

235 1701 278 1770 τὰ
298 1700 378 1787 περὶ
399 1695 500 1770 αὐτοῦ
521 1705 726 1786 γεγραμμένα
747 1701 914 1784 λέγεσθαι,
939 1701 1012 1767 1’καὶ
1034 1698 1079 1785 μή
1102 1694 1271 1787 ἀγράφους
1291 1699 1455 1788 ἐπειςάγε-

236 1809 324 1872 σθαι
344 1805 456 1884 λέξεις.
501 1804 555 1870 ναί
585 1801 668 1882 έδει,
698 1808 800 1892 φαίην
824 1796 864 1868 ἂν
885 1803 939 1870 καὶ
963 1801 1076 1887 έγωγε,
1107 1795 1321 1890 άκριβέστερα
1341 1801 1455 1888 γάρίκ

235 1909 301 1974 τῶν
323 1908 459 1992 γραφῶν
480 1904 606 1988 μᾶλλον
628 1896 649 1988 ἢ
671 1901 707 1982 ἐξ
727 1903 846 1988 ἑτέρων
859 1900 928 1968 ἐστὶ
940 1901 982 1969 τά
992 1904 1050 1990 τῆς
1060 1899 1222 1990 ἀληθείας
1231 1910 1455 1990 γνωρίσματα·

236 1999 304 2073 ἄλλ’
328 2001 349 2093 ή
377 2002 558 2092 κακοήθεια
586 2005 638 2071 καὶ
665 2002 750 2088 μετὰ
777 2009 980 2089 πανουργίας
1005 2005 1215 2090 παλίμβολος
1236 1999 1373 2090 ἀσέβεια
1394 2007 1455 2072 τῶν

235 2105 315 2194 περὶ
336 2102 497 2192 Εὗσέβιον
519 2099 689 2192 ἠνάγκασε,
712 2101 804 2172 καθὰ
818 2114 995 2191 προεῖπον,
1017 2103 1095 2183 τοὺς
1110 2103 1324 2186 ἐπισκόπους,
1347 2104 1457 2174 λευκό-

235 2231 330 2294 τερον
352 2206 518 2274 ἐκθέσθαι
539 2204 581 2272 τόι
600 2203 659 2293 τήν
682 2199 835 2292 άσέβειακ
857 2200 965 2274 αὐτῶν
987 2200 1214 2292 άνατρέποντα
1228 2205 1367 2293 ῥήματα.
1405 2209 1457 2274 καί

235 2308 359 2392 τὰμὲν
380 2306 474 2394 παρὰ
494 2309 553 2391 τῆς
575 2304 714 2374 συνόδου
736 2312 903 2394 γραφέντα
925 2306 1073 2376 διάνοιον
1097 2300 1201 2393 ὀρθήν
1224 2307 1340 2390 λ’χοντα
1354 2307 1458 2375 δέδει-

235 2435 326 2490 κται,
348 2413 415 2477 τῶν
438 2403 470 2477 δ’
491 2401 672 2494 Ἀρειανῶν
693 2410 747 2475 καί
769 2407 812 2475 τά
833 2406 971 2493 λογάρια
994 2405 1109 2494 σαθρὰ
1129 2410 1183 2474 καλ
1207 2403 1225 2473 ό
1246 2407 1373 2494 τρόπος
1394 2433 1458 2476 πο·
1533 2465 1534 2494 ,

235 2511 333 2600 νηρδς
354 2510 468 2600 έφάνη.
512 2511 566 2576 καὶ
588 2507 649 2595 γάρ
671 2511 724 2576 καὶ
746 2508 784 2574 τὸ
808 2505 962 2596 άγένητου
984 2505 1088 2592 ὄνομα
1110 2508 1198 2576 ίδίαν
1220 2507 1293 2590 ἕχον
1308 2509 1458 2578 διάνοιαν

234 2616 288 2682 καί
318 2611 497 2697 δυνάμενον
519 2605 663 2697 εόσεβῶς
685 2615 921 2700 προφέρεσθαι
942 2605 1038 2678 αὐτοὶ
1060 2609 1162 2678 πάλιν
1183 2609 1268 2677 κατὰ
1288 2608 1348 2696 τήν
1371 2610 1458 2678 ἰδίαν

235 2715 433 2804 ένθόμησιν,
463 2710 508 2794 ὥς
535 2707 721 2801 ήθέλησαν,
752 2707 969 2796 ὀνομάζουσιν
998 2705 1049 2778 ἐπ’
1074 2706 1191 2799 άτιμίᾳ
1218 2714 1276 2778 τοῦ
1299 2715 1457 2808 σωτῆρος,

235 2817 291 2884 ἵνα
311 2817 413 2902 μόνον
435 2811 481 2896 ὥς
501 2811 650 2903 γίγαντες
670 2813 850 2899 θεομάχειν
873 2814 1114 2901 φιλονεικῶσιν.
1160 2808 1228 2878 ἀλλ’
1253 2809 1329 2880 οὔτε
1351 2812 1459 2882 ἐκεῖνα

234 2919 277 2984 τά
298 2917 436 3004 λογάρια
458 2921 684 3002 προφέροντες
706 2915 837 2999 έμειναν
859 2909 1120 2999 άκατάγνωστοι,
1145 2911 1220 2982 οὔτε
1241 2913 1280 2980 τό
1302 2911 1458 3003 ἀγένητον
1534 2969 1535 2994 ,

206 3103 209 3108 ¹
235 3019 343 3096 καλῶς
374 3020 427 3084 καί
457 3011 599 3100 εὐσεβῶς
628 3015 807 3098 δυνάμενον
837 3009 1078 3098 ὀνομάζεσθαι,
1111 3011 1202 3099 ὅμως
1228 3020 1335 3095 κακῶς
1362 3011 1457 3084 αὐτοὶ

236 3121 442 3205 φρονοῦντες,
465 3118 585 3182 λαθεῖν
608 3110 666 3182 οόκ
685 3111 914 3202 ἠδυνήθησαν·
935 3114 1206 3204 κατῃσχύνθησαν
1227 3113 1289 3202 γὰρ
1311 3115 1347 3184 έν
1361 3121 1458 3198 πᾶσι,

235 3217 291 3284 καὶ
312 3213 331 3306 ή
354 3218 482 3302 αἵρεσις
503 3211 611 3282 αὐτῶν
633 3214 850 3302 έστηλιτεόθη
872 3220 1051 3300 πανταχοῦ.
1095 3219 1199 3283 ταῦτα
1219 3221 1300 3300 μέν,
1313 3212 1359 3296 ὦς
1381 3213 1461 3304 ήδυ-

237 3317 358 3404 νήθην,
388 3313 684 3404 ἀπομνημονεύσας
709 3315 752 3384 τά
777 3316 812 3384 έν
839 3320 879 3404 τῇ
902 3315 1029 3405 συνόδῳ
1051 3317 1127 3386 τότε
1147 3322 1343 3406 πραχθέντα
1364 3318 1461 3406 δεδή-

151 3419 342 3485 ειυελωκα·
377 3413 454 3484 ολδα
482 3419 519 3486 δέ
547 3413 600 3484 ότι
625 3419 692 3484 τῶν
717 3417 944 3504 χριστομάχων
973 3419 1006 3486 ολ
1033 3419 1201 3508 φιλέριδες
1228 3413 1305 3486 οόδὲ
1332 3419 1461 3488 τούτων

237 3515 434 3597 ἄκούσαντες
453 3519 725 3607 μεταβάλλεσθαι
746 3519 957 3607 θελήσουσιν,
981 3516 1065 3588 άλλά
1086 3520 1368 3607 περιδραμοῦνται
1391 3522 1460 3589 πά-

236 3624 289 3690 λιν
317 3622 429 3708 έτέρας
460 3621 629 3707 ζητοῦντες
656 3621 860 3709 προφάσεις,
888 3625 942 3690 καί
971 3621 1055 3706 μετὰ
1075 3621 1197 3701 ταύτας
1219 3620 1321 3690 πάλιν
1344 3621 1462 3710 ἑτέρας

236 3723 461 3812 λπινοήσουσι.
506 3721 589 3788 κατὰ
609 3719 671 3808 γάρ
692 3721 732 3789 τὸ
753 3721 976 3811 προφητικὸν·
1005 3723 1035 3790 εἰ
1056 3717 1232 3802 άλλάξεται
1252 3723 1400 3808 Αίθίοψ
1422 3724 1461 3792 τὸ

236 3827 340 3911 δέρμα
361 3819 472 3902 αὐτοῦ,
495 3823 551 3889 καὶ
571 3822 738 3909 πάρδαλις
759 3823 802 3890 τὰ
821 3826 1026 3910 ποικίλματα
1048 3821 1186 3912 αάτής’),
1209 3821 1265 3891 καὶ
1287 3819 1382 3891 αὐτοὶ
1399 3832 1462 3894 θε-

235 3929 392 4016 λήσουσιν
415 3919 558 4010 εόσεβῶς
579 3934 715 4011 φρονεῖν
735 3923 965 4013 μεμαθηκότες
986 3919 1127 4009 άσεβεῖν.
1161 3922 1200 3991 σὺ
1215 3931 1274 4009 μέν
1290 3947 1352 4006 τοι,
1376 3922 1463 4011 ἆγο-

236 4036 336 4117 πητέ,
368 4025 544 4112 δεξάμενος
571 4025 683 4107 ένιυχε
708 4025 792 4092 κατὰ
820 4025 969 4106 σαυτόν,
986 4023 1042 4092 καὶ
1063 4027 1093 4094 εί
1115 4026 1329 4110 δοκιμάσειας
1349 4029 1463 4106 καλῶς

235 4126 505 4217 ἔχεικάνάγνιυθι
531 4127 587 4194 καὶ
613 4136 686 4203 τοῖς
712 4125 789 4193 τότε
814 4129 980 4213 παροῦσιν
1003 4120 1176 4216 ἀδελφοῖς,
1207 4129 1262 4194 ἵνα
1283 4130 1337 4194 καί
1360 4123 1463 4196 αὐτοὶ

235 4233 339 4296 ταῦτα
358 4229 528 4315 μαθόντες
548 4223 779 4307 άποδέξιυνται
797 4230 859 4312 μέν
880 4231 938 4316 τῆς
959 4226 1099 4295 συνόδου
1120 4227 1178 4294 τὸν
1194 4228 1290 4316 ζήλου
1304 4231 1363 4315 τῆς
1377 4223 1463 4316 άλη-
1533 4255 1534 4260 ’

234 4337 333 4409 θείας
347 4329 403 4397 καὶ
423 4327 481 4419 τήν
502 4333 561 4418 τῆς
582 4331 732 4408 διανοίας
753 4323 931 4415 άιιρίβειαν,
954 4332 1139 4415 καταγνῶσι
1161 4329 1197 4395 δέ
1219 4331 1277 4416 τῆς
1298 4332 1365 4396 τῶν
1385 4355 1463 4416 χρι-
1533 4333 1534 4416 η

306 4554 329 4616 1)
348 4553 423 4606 calu.
441 4553 467 4616 λ,
484 4553 509 4606 6.
579 4553 605 4616 ²)
623 4554 708 4606 Ιειιιι.
729 4551 770 4614 13,
788 4551 820 4592 ⁹⁹
