3006 5058
456 387 564 436 enarro
580 391 612 434 u.
629 389 742 436 course
759 389 893 437 rutenos.
1212 377 1276 446 293

13 531 14 580 ἶ
87 565 153 630 qaas
169 547 292 608 mirera
313 543 354 608 ed
375 553 403 606 te
425 546 458 606 rit
480 541 659 625 Aegyptum,
687 547 747 606 mei
766 555 853 615 auat,
883 543 1032 627 Epirotas
1053 555 1082 610 et
1104 545 1360 613 Mamaeanos.

86 649 116 710 de
132 647 176 710 iob
194 647 259 708 item
280 645 354 708 baec
374 643 464 706 babet
487 643 655 724 Scriptura:
689 643 776 707 Facti
800 655 873 706 eunt
894 650 925 708 ei
943 659 1057 729 reptem
1077 647 1138 730 filii
1158 657 1187 712 et
1209 660 1274 714 tres

84 749 154 832 ptine.
191 748 253 824 Qno
280 747 368 810 etiarn
391 746 481 808 modo
502 746 620 826 Moyses
642 745 673 808 in
696 743 776 826 Lege
797 745 913 809 locutus
943 756 1004 811 est:
1033 747 1070 810 Si
1095 749 1191 814 elicui
1215 751 1278 833 filii

85 853 143 932 teeti
156 853 264 932 sumu
284 857 314 912 et
335 854 366 912 si
383 849 493 932 fecerit
512 847 620 930 fitium.
1216 929 1221 938 .

145 957 171 1018 5.
210 951 253 1014 En
274 970 346 1032 ergo
369 949 411 1012 iili
435 967 498 1024 eos,
517 949 572 1036 qni
593 949 683 1030 geniti
706 957 792 1023 sunt,
815 949 907 1012 iactos
923 957 953 1014 et
974 952 1118 1015 formatos
1141 953 1273 1035 appella-

84 1073 142 1128 vere,
159 1054 259 1135 qnippe
280 1053 331 1134 qui
353 1071 415 1114 non
436 1052 609 1133 ignorarent
629 1051 703 1114 nibil
723 1052 847 1125 referre,
869 1050 896 1114 si
917 1052 955 1114 de
975 1052 1044 1116 ultis
1066 1054 1180 1118 dicetur
1195 1057 1358 1136 scotinus

83 1167 142 1230 uu,
157 1156 276 1239 possedi
295 1155 341 1217 vat
360 1155 431 1237 feci,
453 1153 543 1216 modo
566 1153 644 1216 tilios
666 1171 719 1215 eos
741 1171 810 1216 esse
832 1153 1021 1217 concedatur.
1064 1155 1196 1237 Namque
1217 1176 1272 1220 na·

82 1266 129 1319 tura
145 1267 170 1319 et
188 1258 295 1320 veritam
316 1264 446 1319 mentem
468 1257 505 1318 ad
527 1274 561 1318 se
583 1254 805 1336 intelligendum
827 1257 987 1320 attrabunt.
1022 1255 1168 1331 Quocirca
1183 1257 1209 1322 si
1225 1260 1274 1340 qui

80 1359 209 1440 disputent,
229 1367 330 1422 utrum
351 1358 495 1420 Dominus
518 1377 568 1420 res
590 1358 664 1420 iacta
686 1356 730 1419 tei
753 1365 849 1420 ereata
870 1357 921 1433 sit,
942 1359 1040 1440 primo
1056 1361 1093 1422 ab
1108 1360 1166 1424 illis
1181 1379 1274 1442 quae-

81 1462 177 1524 rendum
196 1469 249 1534 est,
270 1471 345 1524 uum
366 1460 416 1522 iiie
437 1461 477 1522 sit
497 1459 602 1534 Filius,
624 1460 753 1522 Verbum
776 1468 806 1521 ct
828 1459 988 1542 Sapientia.
1026 1462 1091 1526 Hoc
1105 1464 1184 1544 eninr
1199 1481 1274 1544 pro-

79 1559 136 1632 bato.
154 1581 217 1626 mox
239 1563 391 1625 evanescit
412 1560 511 1624 omnis
532 1562 588 1624 bac
608 1561 645 1623 de
666 1581 700 1622 re
722 1561 864 1642 suspicio.
908 1562 1010 1642 Neque
1025 1563 1104 1626 enim
1128 1583 1177 1627 res
1199 1567 1274 1628 iacta

78 1661 147 1726 iilius
165 1673 192 1727 et
211 1665 342 1728 Verbum
363 1671 466 1745 potest
487 1682 570 1738 esse,
593 1681 689 1744 neque
710 1662 822 1743 pariter
841 1663 932 1727 uirtus
956 1683 1004 1728 res
1028 1667 1103 1728 iacta
1125 1686 1193 1730 esse
1214 1687 1273 1748 po·

78 1773 127 1827 test
163 1768 240 1841 Quae
263 1785 332 1830 cum
355 1767 394 1828 ita
418 1765 487 1840 sint,
510 1767 644 1847 proiecto
666 1765 806 1828 omnibus
827 1774 918 1846 patet,
941 1767 995 1829 hae
1017 1785 1107 1840 voces
1129 1775 1183 1851 qui
1200 1771 1275 1850 {ecit

75 1865 141 1930 titan
158 1869 233 1932 nnilo
255 1870 429 1932 adiumento
452 1867 488 1932 ad
511 1866 629 1930 illorum
652 1867 799 1930 baeresim
823 1885 908 1942 esse,
937 1869 989 1931 sed
1018 1887 1084 1931 eam
1105 1868 1152 1934 his
1174 1870 1274 1952 potius

76 1971 242 2034 condemnari.
282 1971 437 2052 Siquidem
454 1977 608 2033 ostensum
631 1976 679 2032 est
698 1969 822 2033 verbum
843 1972 916 2051 fecit
938 1969 1026 2034 etiarn
1048 1991 1115 2035 cum
1137 1973 1174 2036 de
1195 1973 1274 2036 veris

76 2080 96 2132 et
111 2074 279 2137 naturatibus
302 2073 371 2134 tiliis
393 2073 426 2134 iit
448 2073 575 2144 mentio,
598 2091 614 2134 a
637 2072 787 2152 Scriptura
809 2071 906 2134 diviua
928 2073 1083 2154 usurpari3
1105 2074 1184 2138 unde
1205 2093 1273 2138 cum

75 2174 199 2250 probatum
221 2175 276 2250 sit,
309 2175 468 2238 Dominum
495 2174 657 2236 naturalem
687 2173 997 2254 verumquoyitium,
1025 2176 1154 2239 Verbum
1185 2185 1274 2258 atquc

75 2273 223 2356 Sapientiam
244 2277 345 2341 Patris
369 2295 447 2350 esse,
471 2277 586 2338 etiamsi
610 2295 675 2338 cunr
699 2276 736 2338 de
751 2275 801 2338 iilo
822 2275 949 2340 habetur
963 2296 1073 2351 sermo,
1096 2277 1186 2342 dictio
1200 2279 1274 2359 fecit

75 2377 107 2436 ul
122 2381 210 2457 [octus
233 2393 280 2444 eat
302 2379 495 2453 adhibeatur,
521 2398 583 2441 nou
605 2379 635 2440 id
658 2378 781 2454 dicitur,
810 2379 893 2459 quasi
915 2377 964 2442 ilie
986 2399 1062 2460 opus
1091 2389 1187 2456 esset,
1216 2379 1270 2446 sed

74 2477 148 2542 Sancti
168 2481 246 2546 bisce
267 2481 371 2544 verbis
392 2481 563 2562 promiscue
585 2487 726 2556 utuntur,
758 2481 800 2543 uti
829 2482 865 2542 de
888 2479 1047 2544 Salomone
1074 2489 1104 2544 et
1129 2482 1273 2546 Ezechiae

74 2575 151 2643 liberis
171 2583 368 2646 ostendimus.
412 2582 496 2644 Licet
523 2581 601 2644 enim
631 2601 684 2644 cos
713 2601 747 2645 ex
771 2583 881 2664 seipsis
910 2584 1100 2662 genuissent,
1129 2585 1273 2664 scriptum

72 2691 107 2741 est
122 2683 305 2748 nibilominus
328 2684 405 2764 soci,
430 2685 567 2766 possedi,
596 2685 777 2764 fuctussest.
823 2683 969 2758 Quocirca
990 2685 1049 2746 iam
1070 2703 1196 2747 necesse
1218 2693 1273 2762 est,

74 2791 96 2841 ut
112 2784 145 2845 illi
164 2787 213 2848 bei
236 2789 361 2859 hostes,
391 2785 441 2866 qui
469 2785 701 2866 propugnandae
723 2786 858 2848 haeresis
880 2805 968 2848 causo
989 2784 1160 2848 huiusmodi
1184 2803 1275 2866 saepe

73 2883 180 2950 obiecere
200 2888 340 2962 voculas,
369 2905 439 2950 sero
468 2887 572 2950 saitem
595 2907 631 2950 ex
652 2887 716 2962 bis,
745 2907 820 2967 quae
843 2886 987 2960 diximus,
1017 2903 1101 2948 suam
1124 2885 1275 2967 deponent

73 2989 237 3064 sententiam,
267 3009 305 3052 ac
325 2989 468 3070 deinceps
491 2989 621 3051 sentiant
641 2989 799 3052 Dominum
822 3007 924 3050 rerum
946 2987 1070 3062 Vitium,
1092 2987 1221 3050 Verbum
1245 2995 1276 3050 et

71 3085 222 3166 Sapientiam
243 3091 346 3154 Patris
369 3109 454 3163 esse,
483 3110 544 3152 non
567 3099 664 3154 autem
687 3111 751 3154 rem
774 3093 879 3154 iactam
901 3090 946 3152 vel
968 3097 1107 3152 creatam.
1150 3089 1224 3152 lVam
1246 3091 1273 3154 si

71 3203 107 3247 us
126 3191 189 3254 iacta
209 3201 297 3256 essct
316 3193 424 3268 Filius,
449 3192 483 3254 in
512 3212 641 3274 quonam
670 3193 736 3274 ipse
762 3193 854 3256 verbo
883 3210 1046 3272 quonamve
1076 3192 1106 3254 in
1128 3193 1273 3274 sapientie

70 3289 142 3354 udus
160 3295 262 3358 esset?
311 3295 418 3358 Omnia
440 3293 585 3375 siquidem
608 3313 699 3376 opera
721 3313 776 3375 per
799 3293 926 3356 Verbum
948 3302 979 3356 et
998 3293 1176 3374 Sapientiam
1199 3297 1273 3357 iacta

72 3403 134 3468 suot,
160 3397 197 3458 uti
225 3396 373 3477 scriptum
403 3404 464 3458 est:
500 3398 607 3460 Omaiu
636 3402 668 3459 iu
690 3395 847 3478 Sapientia
868 3398 984 3476 fecisti,
1019 3403 1062 3457 et:
1097 3399 1197 3460 omniu
1215 3413 1275 3477 per

71 3495 147 3568 bun
165 3499 249 3578 [ectu
271 3511 360 3570 auat,
390 3512 417 3563 et
446 3501 511 3561 rice
537 3503 606 3580 ipso
628 3501 745 3579 fectum
767 3509 812 3561 eat
832 3497 920 3560 nibil.
965 3497 998 3558 Si
1019 3515 1123 3577 porro·
1142 3497 1206 3577 ipse
1229 3505 1277 3560 est

74 3587 172 3662 Verbum
193 3609 223 3663 et
245 3599 408 3680 Sapientia,
431 3601 461 3661 in
483 3619 541 3681 que
563 3599 662 3662 omnia
684 3599 767 3674 stunt,
790 3617 850 3660 uon
872 3597 962 3678 igitur
977 3617 1133 3660 exeorum
1148 3614 1275 3658 numero

75 3703 114 3768 ‘ii
129 3718 196 3779 qnae
216 3703 306 3776 fiunt,
329 3720 363 3764 ac
383 3701 463 3765 nulio
485 3701 576 3764 modo
598 3717 647 3763 res
671 3708 844 3776 astercum,
866 3700 921 3808 sed
944 3699 1041 3762 Patris
1065 3707 1113 3761 est
1133 3699 1221 3760 setus.

349 3887 358 3920 i

95 4015 107 4063 i.
126 4019 219 4082 Seguer.
244 4031 270 4072 et
292 4021 428 4070 ratetum.
443 4022 468 4072 4.
486 4013 502 4082 ἢ
520 4014 636 4086 ἐγένετο.
725 4023 740 4072 i.
765 4023 805 4073 Sic
824 4024 924 4084 Seguer.
943 4019 1041 4070 Gobier.
1060 4023 1081 4066 et
1101 4013 1204 4064 Feickm.
1219 4013 1277 4090 bet

42 4137 46 4152 Ι
71 4079 182 4138 Voltinia.
206 4089 231 4139 5.
255 4083 301 4138 καὶ
325 4081 440 4154 ἐγένετο.
483 4091 557 4140 Panto
583 4099 639 4154 post
689 4090 716 4140 t.
743 4090 822 4141 Ceteri
841 4099 864 4138 et
882 4087 939 4138 editi
957 4075 1200 4162 omittunttlvvne'iq.
1227 4080 1277 4150 ibt·

71 4149 148 4209 S‘tttc
165 4156 373 4217 coardeant.
390 4147 444 4204 ἀλλ’
465 4147 636 4224 ἀδιαφόρως,
689 4157 743 4206 dem
762 4157 903 4220 Seguntiae.
921 4148 1018 4218 γέγονε
1034 4161 1080 4199 και
1098 4161 1187 4200 αυτος.
1225 4147 1278 4228 idox

69 4217 101 4265 itii
116 4231 136 4269 et
151 4225 222 4274 editio
236 4225 357 4278 uommet.
375 4215 441 4271 ἀλλὰ
458 4217 634 4292 ἀδιαφόρως;
687 4225 788 4286 Segner.
807 4222 906 4275 Gobier.
916 4230 939 4271 et
950 4219 1055 4269 Febrim.
1069 4218 1091 4268 i.
1110 4215 1158 4278 τῆς
1175 4227 1279 4283 coptos·

71 4289 171 4338 flendose.
685 4287 783 4356 γέγονε
811 4283 906 4341 καθὼς
932 4283 1094 4352 γέγραπται.
1130 4287 1235 4336 notatu.
1253 4286 1278 4337 4.

95 4367 111 4416 s.
128 4357 165 4406 ste
180 4357 281 4422 Segosa.
293 4361 390 4410 conte.
402 4359 540 4411 etietctun.
550 4361 634 4412 teti.
687 4357 736 4417 ris
754 4359 855 4423 copias
871 4351 968 4422 γέγονε
984 4348 1030 4402 καὶ
1047 4343 1118 4403 ᾱῦῐᾶ
1136 4348 1279 4421 ‘'istite‘’

72 4417 90 4466 't
103 4424 164 4474 ertu
180 4435 204 4475 et
220 4427 277 4476 aliia
292 4422 341 4475 aui
355 4427 432 4479 deest.
687 4438 761 4474 πται.
798 4425 859 4475 Editi
878 4425 968 4489 aliique
985 4421 1033 4484 τῆς
1051 4417 1162 4490 σοφίας,
1182 4416 1219 4478 ὥς
1234 4417 1278 4488 yi-

95 4489 283 4555 betesmon.
302 4497 357 4558 iteg.
377 4495 548 4559 [iasiidogiic
563 4496 635 4547 Gobl.
686 4505 817 4562 γραπται.
904 4552 911 4570 ⁴
963 4552 971 4570 '
1082 4529 1090 4546 r

73 4549 155 4606 Vettius⁴
174 4559 237 4612 tet
255 4561 279 4612 4.
314 4564 511 4622 inclinantem
531 4564 635 4615 steditis
723 4563 744 4610 b.
764 4563 864 4624 Saguer.
882 4571 1031 4611 ταπαντα.
1066 4559 1118 4610 idox
1137 4553 1281 4609 Selaimd.

74 4618 125 4672 ieret
139 4617 218 4677 ἔστιν.
688 4619 751 4680 οὐδὲ
771 4619 840 4682 itur
857 4626 914 4678 retr
929 4626 1076 4695 γεννητῶν.
