3048 5052
239 339 302 406 162
638 351 665 396 ε.
681 351 836 396 amun
850 349 1074 396 ιοοτιενιεοοει

131 483 305 592 ἐισιόρα
337 497 424 588 ἡμίν
448 500 483 569 ίτ
512 501 572 586 τῆς
600 497 823 587 πανεγκλὴτου
853 498 978 577 θαλίας
1005 504 1250 586 προφέρουσινς
1282 491 1304 584 ἢ
1329 500 1437 584 πρόσω

87 598 90 607 ’
237 601 480 690 άναγνώτωσαν
509 595 609 688 αὐτὴν
635 598 835 686 μιμούμενοι
855 597 894 666 τό
916 589 1004 686 ἦθος
1024 603 1083 666 τοῦ
1105 600 1305 692 γράψαντος,
1327 591 1437 693 aaut&

236 700 316 793 παρ’
342 704 462 790 ἑτέρων
483 700 715 787 χλευαζόμενον
735 700 895 786 μάθωσιν
917 699 952 768 έν
974 707 1065 788 ποίῳ
1081 711 1207 769 κεῖνται
1222 701 1379 786 πτώματι
1398 703 1438 766 καί

237 803 327 875 οότω
349 805 476 872 λοιπόν
505 805 696 892 λεγέτωσαν.
740 809 775 870 τί
803 796 835 868 δ’
860 797 900 869 άν
923 802 1052 870 εἴποιεν
1074 802 1110 883 ἐξ
1131 797 1245 891 αότῇς,
1273 797 1312 891 ’ἢ
1333 798 1380 870 ὅτι
1397 799 1441 868 οόι

239 903 292 978 άεί
315 904 333 976 ό
355 905 437 986 θεὸς
458 905 569 992 πατὴρ
590 895 640 993 ἦν,
664 898 733 972 ἀλλ’
758 900 896 990 ὕστερον
917 909 1062 990 γέγονεν·
1085 899 1144 970 οὐκ
1165 897 1217 971 άεί
1232 892 1272 990 ἦν
1288 900 1306 970 ὁ
1322 895 1440 984 οίός,οό

237 1009 301 1098 γάρ
321 999 361 1098 ἦν
383 1007 464 1095 πρὶν
485 1010 645 1096 γεννηθῇ·
668 1001 727 1074 οὐκ
749 1006 838 1073 έστιν
861 1004 896 1072 έκ
917 1008 976 1072 τοῦ
991 1004 1129 1093 πατρός,
1153 999 1222 1072 ἄλλ’
1240 1003 1276 1086 ἔξ
1289 999 1346 1072 οόκ
1359 1002 1441 1072 ὄντων

239 1109 365 1198 όπέστη
387 1111 442 1178 καί
464 1105 579 1189 αότός·
602 1104 660 1176 οὐκ
682 1107 772 1176 ίστιν
795 1109 883 1187 ἰ’όιος
902 1111 961 1194 τῇς
983 1103 1100 1186 οὐσίας
1113 1109 1172 1174 τοῦ
1186 1105 1324 1193 πατρός,
1345 1113 1443 1190 κτίσμα

124 1289 127 1296 ‚
238 1213 300 1301 γάρ
328 1213 401 1282 έστι
426 1213 481 1280 καί
510 1216 655 1298 ποίημα·
684 1212 768 1300 *καί
787 1205 846 1277 οὐκ
868 1209 958 1277 ἔστιν
980 1204 1142 1297 ἀληθινός
1162 1207 1246 1288 θεὸς
1269 1205 1286 1276 ό
1308 1207 1442 1295 Χριστός,

239 1310 325 1384 άλλὰ
345 1316 466 1400 μετοχῇ
487 1315 541 1380 καί
565 1307 664 1392 αότός
686 1309 918 1400 έθεσποιήθη·
941 1305 1000 1378 οόκ
1022 1305 1092 1378 οίόε
1106 1311 1165 1378 τόν
1179 1317 1310 1398 πατέρα
1325 1306 1444 1397 άκριβός

240 1412 260 1483 ό
281 1413 362 1494 οίός,
386 1412 463 1482 οότε
485 1409 547 1502 ὁρᾷ
570 1409 588 1480 ό
610 1411 708 1499 λόγος
728 1413 787 1480 τόν
802 1419 932 1500 πατέρα
945 1413 1087 1493 τελείως,
1110 1416 1164 1480 καί
1180 1409 1256 1481 οὔτε
1271 1423 1376 1482 σονιεῖ
1388 1409 1446 1478 οὔτε

238 1515 393 1604 γινώσκει
415 1509 559 1601 όικριβῶς
582 1509 600 1580 ό
623 1513 720 1598 λόγος
740 1514 799 1580 τὸν
820 1507 967 1601 πατέρα·
997 1509 1054 1580 σόν
1077 1514 1166 1582 έστιν
1189 1510 1208 1582 ό
1231 1510 1388 1601 ἀληθινὸς
1404 1513 1445 1578 καί

240 1617 343 1696 μόνος
364 1611 465 1695 αότός
485 1617 561 1682 οτοό
584 1615 713 1701 πατρός
734 1616 840 1702 λόγος,
865 1611 933 1684 ἀλλ’
959 1610 1098 1700 ὀνόματι
1111 1615 1213 1700 μόνον
1229 1618 1359 1702 λέγεται
1372 1614 1448 1701 λόγος

240 1721 295 1790 καί
317 1725 440 1807 σοφία,
467 1719 523 1784 καί
543 1715 655 1804 χάριτι
677 1718 807 1804 λέγεται
827 1717 900 1798 οίός
921 1717 977 1784 καὶ
998 1717 1152 1801 όάναμις·
1181 1712 1239 1784 οόκ
1261 1717 1354 1788 ’ἐστιν
1373 1714 1449 1802 ὄτρι-

240 1843 327 1901 πτος
349 1815 394 1899 τός
417 1815 435 1884 ό
457 1817 577 1906 πατήρ,
603 1814 688 1886 άλλόι
708 1819 851 1905 τρεπτός
873 1820 945 1888 έστι
967 1819 1067 1908 φύσει
1089 1815 1135 1899 ὡς
1156 1818 1199 1886 τά
1219 1824 1389 1904 κτίσματα,
1408 1817 1450 1884 καί
1521 1862 1522 1866 =

241 1923 353 1990 λείπει
374 1914 463 2006 αότῷ
486 1919 534 2000 εἰς
555 1919 743 2010 κατάληψιν
764 1925 823 1990 τοῦ
845 1925 968 2008 γνῶναι
982 1923 1115 2000 τελείως
1128 1920 1188 1987 τόν
1202 1927 1351 2007 πατέρας
1381 1925 1451 1986 θοο-

240 2021 350 2111 μαστή
372 2045 408 2108 γε
428 2016 448 2106 ἡ
472 2021 601 2106 αίρεσις
620 2024 705 2111 μηδὲ
726 2022 765 2090 τό
787 2023 938 2091 πιθανὸν
960 2022 1089 2107 έχοοσσ,
1113 2017 1218 2091 λάλλά
1238 2022 1294 2090 καὶ
1310 2023 1358 2102 είς
1372 2017 1451 2104 τὸμὴ

242 2117 328 2192 εἶναι
348 2121 433 2190 κατά
453 2126 513 2189 τοῦ
536 2120 631 2203 ὄντος
653 2125 898 2213 φανταζομένη,
921 2121 1074 2194 καλόντί
1096 2119 1260 2213 εόφημίας
1283 2125 1452 2213 όυςφημίος

134 2255 137 2262 ·
242 2224 357 2294 διόλου
383 2225 648 2312 προβαλλομένη.
694 2226 727 2294 εί
752 2251 804 2306 τις
833 2224 899 2312 άρα
926 2225 968 2292 τά
989 2221 1068 2314 παρ’
1093 2221 1292 2315 άμφοτέρων
1315 2224 1455 2308 ἐξετάσας
1522 2251 1523 2290 ι

242 2325 437 2415 ίρωτηθείη,
461 2325 520 2414 τὴν
543 2322 706 2413 όποτέροο
729 2334 845 2395 πίστιν
867 2321 908 2397 άν
930 2328 1055 2408 έλοιτο,
1079 2321 1100 2417 ἢ
1121 2327 1164 2396 τά
1184 2333 1275 2407 τίνος
1297 2322 1339 2396 άν
1360 2329 1455 2396 ἐἴποι

242 2428 372 2516 ῥήματα
394 2432 569 2513 πρέποντα
591 2423 677 2496 είναι
698 2432 787 2516 θεῷ·
814 2430 940 2516 μᾶλλον
969 2431 1006 2496 όὲ
1027 2429 1083 2496 καί
1105 2428 1297 2498 εἰπάτωσαν
1321 2425 1414 2497 αότοί
1431 2425 1457 2494 οί
1522 2463 1523 2470 1

241 2532 300 2615 τῆς
323 2524 476 2616 άσεβείας
497 2528 640 2610 κόλακες,
663 2536 698 2596 τί
719 2535 843 2617 πρέπει
865 2535 943 2619 περὶ
964 2535 1049 2600 θεοῦ
1065 2521 1281 2620 (θεόςγάρῆν
1294 2527 1313 2598 ό
1326 2531 1456 2618 λόγος’))

242 2629 454 2718 ἐρωτώμενον
477 2625 737 2718 ἀποκρίνασθαι.
769 2628 839 2700 άπὸ
860 2631 922 2720 γάρ
944 2631 1064 2700 τούτου
1084 2631 1141 2700 καὶ
1161 2632 1200 2699 τό
1216 2628 1294 2700 όλον
1310 2633 1459 2718 ἑκατέρων

240 2736 308 2800 τῶν
330 2734 591 2822 προβληθέντων
612 2732 853 2823 γνωσθήσεται,
877 2732 912 2801 τί
932 2739 1058 2822 πρέπει
1079 2735 1194 2821 λέγειν,
1217 2733 1256 2800 τό
1270 2723 1310 2820 ἦν
1325 2729 1349 2822 ἢ
1361 2733 1400 2800 τό
1413 2724 1460 2797 σόν

240 2823 290 2922 ἦν,
313 2835 353 2902 τό
376 2831 429 2903 άεί
449 2829 471 2920 ἢ
492 2833 531 2900 τὸ
553 2834 634 2920 πρίν
655 2842 830 2921 γενέσθαι,
853 2836 892 2902 τό
914 2831 1024 2904 άίόιον
1045 2830 1067 2923 ἢ
1087 2834 1127 2902 τό
1149 2831 1206 2924 ἀφ’
1231 2825 1271 2902 οὗ
1293 2835 1351 2904 καί
1372 2833 1461 2916 έξότε,

243 2930 406 3020 άληθινὸν
427 2929 448 3020 ἢ
470 2941 568 3002 θέσει
588 2938 643 3002 καὶ
664 2940 784 3022 μετοχῇ
806 2935 863 3002 καὶ
884 2933 951 3003 κατ’
977 2937 1138 3018 έπίνοιαν,
1161 2940 1228 3004 τῶν
1249 2939 1395 3024 γενητῶν
1415 2935 1462 3002 ένο

243 3035 348 3119 λέγειν
370 3031 471 3102 αὐτὸν
491 3029 512 3120 ἢ
533 3038 580 3121 τῷ
603 3036 708 3121 πατρί
730 3035 909 3102 συνάπτειν
932 3033 1042 3120 αὐτόν,
1065 3033 1240 3124 ’ἀνόμοιον
1262 3031 1365 3106 αὐτὸν
1388 3031 1463 3106 εἶναι

243 3130 311 3200 κατ’
336 3129 452 3201 οόσίαν
475 3137 533 3200 τοῦ
555 3134 684 3222 πατρὸς
704 3130 726 3220 ἢ
749 3132 866 3220 όμοιον
886 3137 943 3204 καὶ
965 3139 1052 3206 ίόιον
1066 3144 1125 3206 τοῦ
1142 3139 1269 3227 πατρὸς
1284 3134 1382 3220 εἶναι,
1404 3142 1464 3204 ντί·

244 3255 313 3320 σμα
341 3229 427 3302 εἶναι
452 3229 474 3320 ἢ
496 3229 543 3302 δι’
569 3230 670 3302 αὐτοῦ
692 3235 735 3304 τά
755 3243 918 3323 κτίσματα
938 3244 1152 3328 γεγενῆσθαι,
1184 3237 1284 3309 αότόν
1307 3235 1395 3308 εἶναι
1415 3237 1466 3304 τὸν

242 3338 302 3402 τοῦ
330 3334 459 3423 πατρὸς
488 3330 628 3422 λόγονῆ
650 3337 760 3424 ἕτερον
782 3340 877 3426 παρά
897 3345 1029 3422 τοῦτον,
1058 3346 1113 3409 καὶ
1136 3338 1182 3410 δι’
1207 3342 1332 3411 έκείνοο
1354 3346 1466 3409 τοῦτον

242 3438 442 3524 γεγενῆσθαι
462 3440 517 3506 καί
540 3431 587 3504 δι’
612 3434 713 3526 άλλης
735 3448 867 3529 σοφίας,
890 3446 964 3510 ‘nal
987 3446 1105 3511 τοῦτον
1127 3439 1267 3530 όνόματι
1287 3444 1393 3530 μόνον
1416 3465 1468 3510 σσ-

157 3544 327 3627 Μιιφίαν
360 3539 414 3605 καί
442 3538 539 3626 λόγον
569 3540 766 3627 κεκλῆσθαι,
799 3537 947 3632 κᾴκείνης
969 3547 1028 3631 τῆς
1050 3551 1173 3632 σοφίας
1193 3548 1312 3613 τοῦτον
1333 3551 1467 3630 μέτοχον

241 3639 298 3710 καὶ
319 3637 471 3726 δεύτερον
491 3643 699 3729 γεγενῆσθαι.

313 3830 338 3890 1)
355 3830 421 3880 loun.
442 3829 465 3892 1,
486 3833 508 3882 1.
579 3891 584 3908 1

277 3983 299 4018 ε.
318 3957 335 4026 ἥ
354 3968 421 4017 deust
447 3967 630 4030 inseguerian.
650 3968 833 4019 (λαλίστατοι
918 3985 939 4020 ο.
957 3970 1138 4033 sannionum,
1164 3969 1326 4020 (ἰολίοτίεοοε
1344 3977 1369 4018 et
1389 3967 1474 4018 Γελοί-

244 4035 349 4086 ῖεΙαΙιιο.
371 4036 392 4085 1.
884 4051 947 4088 τοτα.
962 4037 984 4088 1,
1003 4029 1107 4086 εἴσοιτο
1126 4047 1149 4088 ει
1169 4051 1222 4088 mox
1239 4033 1345 4102 μᾶλλον
1356 4027 1474 4086 όὲείπά·

277 4105 301 4151 b.
320 4105 421 4165 θεςιιιτ.
438 4097 487 4152 καί
503 4101 598 4152 omittit.
883 4116 985 4153 τασαν.
1025 4107 1114 4155 {bidem
1134 4108 1233 4188 δεησετ.
1251 4100 1281 4153 τί
1296 4099 1395 4171 πρέπει
1414 4118 1434 4152 τι
1466 4095 1474 4148 ί

278 4185 300 4218 ο.
319 4169 359 4218 Sic
382 4173 483 4232 Seguer.
509 4171 606 4221 nomer.
632 4178 655 4222 et
683 4171 788 4220 Felckm.
810 4171 831 4220 1,
882 4170 959 4221 θεοῦ.
994 4164 1059 4227 θεός
1081 4165 1135 4252 γάρ
1160 4187 1195 4234 ην
1219 4165 1341 4238 όλόγος.
1362 4165 1439 4238 έρωτ
1465 4195 1476 4206 ·

244 4233 306 4284 udin
325 4250 381 4285 vero
406 4247 430 4288 ει
453 4240 493 4288 ulii
519 4228 602 4291 οότός
619 4231 634 4286 ό
653 4235 703 4286 τοῦ
720 4231 861 4303 πατρός(Ι
883 4252 969 4304 μενον
986 4231 1199 4306 ἀποκρίνασθαι.
1238 4241 1353 4292 Sionem
1372 4241 1475 4292 Gobler.

244 4301 305 4351 lbid.
324 4303 423 4354 θαλίαι.
442 4307 551 4356 εῑέοίελ.
565 4307 587 4358 1.
607 4297 725 4373 όνόματι
740 4299 829 4372 μόνρι.
884 4315 908 4356 et
927 4308 1029 4357 feneum.
1048 4305 1073 4358 Ἰ.
1109 4312 1137 4359 λι
1161 4324 1209 4359 non
1234 4318 1300 4361 οοιοι
1325 4309 1476 4361 metrum..

279 4369 302 4420 d.
321 4370 361 4418 Sic
379 4375 479 4432 Segner.
498 4375 636 4424 ίῖοοίοτίεο.
656 4386 678 4425 ει
693 4377 797 4424 Ροίολιο.
810 4375 832 4425 1.
885 4383 964 4424 ulrum
984 4376 1055 4426 ειίειο
1081 4369 1262 4444 έρωτοόμενσν
1280 4392 1309 4427 ιο
1328 4369 1430 4443 έριιιτεό
1467 4399 1478 4410 ·

245 4435 331 4486 mlii
357 4447 381 4487 ει
404 4439 460 4488 edun
486 4430 546 4488 ἀλλ’
572 4433 615 4490 άεί
638 4435 670 4490 τό
719 4429 831 4502 tiebat
884 4455 1000 4490 ναιοοω
1019 4445 1089 4492 eduis
1108 4447 1219 4496 Ιιιίιιιιω.
1256 4445 1317 4494 Εοὶιί
1334 4439 1362 4492 τί
1374 4387 1479 4508 κράζει

245 4503 321 4554 Paulo
341 4513 396 4567 ροεί
414 4508 514 4567 Seguer.
526 4457 741 4577 προβαίλομέάη.
768 4511 829 4560 Edon
883 4503 948 4574 περί
964 4507 1041 4565 θεοῦ,
1061 4505 1126 4566 θεὸς
1143 4498 1178 4572 ἦν
1191 4503 1308 4578 όλόγοε.
1327 4505 1429 4577 έρυτιί
1453 4523 1479 4558 ε-

244 4569 473 4640 προςβαλλομένη.
530 4571 536 4584 “
865 4590 929 4630 ,νοι
952 4567 1148 4646 άσοκρίνσσθε.
1175 4582 1236 4632 ibid.
1254 4584 1400 4644 θεςσειινο.
1423 4525 1480 4628 ἔνιά
