3064 5054
249 340 310 405 668
639 324 1062 402 s.a'ruuaasuancntsotscoo1

163 511 334 580 metabere,
364 520 462 571 tomen
494 528 560 572 cum
587 512 620 570 in
648 511 784 572 omnibus
811 529 884 591 quos
912 511 1039 572 viamus
1071 514 1286 590 manuscriptis
1317 510 1455 572 colimbur

250 611 381 672 secunde
402 609 539 690 Epistola
562 615 592 672 in
616 611 691 673 luas
714 611 810 674 oelun'
828 611 982 692 Epistulas
1005 613 1146 674 distincta
1168 617 1217 682 sit,
1239 629 1301 674 non
1322 615 1393 673 ausi
1413 631 1456 672 sa·

247 731 314 774 mus
330 710 421 774 simul
437 717 625 792 coniunqere,
649 714 789 784 sedeam,
803 723 899 793 prout
914 717 946 774 in
960 717 1036 793 ipsis
1051 733 1123 774 ones.
1140 714 1276 784 hebetur,
1299 715 1455 776 divisimus.

333 815 379 874 tv.
424 814 640 876 Felebmannus
664 815 824 876 sectandam
839 813 1006 894 Epistolom
1022 820 1083 876 siue
1099 813 1231 894 minam
1253 820 1315 876 eius
1334 825 1456 895 partem

248 934 322 996 quae
345 917 379 978 ele
401 915 478 978 Filio
502 917 639 988 disserit,
671 921 818 995 synopsin
839 935 903 978 esse
928 917 1108 978 Oretienum
1138 927 1247 978 eontra
1268 916 1403 980 Arianos
1425 929 1458 976 est

248 1017 456 1094 arbitratus¹).
502 1019 540 1080 he
562 1019 629 1079 haic
652 1022 789 1098 opinioni
809 1021 1011 1108 resraqantur
1033 1038 1099 1080 uem
1120 1021 1322 1098 manuscripti
1336 1017 1458 1084 Codices,

249 1123 301 1200 qui
326 1137 390 1180 earn
418 1124 567 1200 epitomen
592 1139 655 1182 esse
681 1123 798 1198 primae
826 1119 865 1180 ael
893 1119 1087 1200 Serapionem
1113 1119 1267 1201 Epistulae
1296 1120 1458 1188 observant,

249 1233 312 1285 tum
339 1222 411 1282 ue're
438 1225 536 1302 ipsum
565 1223 694 1283 eiusdem
720 1222 895 1293 exordium,
927 1223 981 1283 ubi
1003 1226 1120 1303 primae
1141 1232 1258 1284 tantum
1280 1224 1416 1283 numinis
1433 1219 1458 1280 S.

106 1397 109 1404 ¹
249 1323 450 1400 Athanasius,
480 1341 568 1403 quom
597 1343 628 1385 se
649 1326 693 1384 ait
716 1327 747 1383 in
768 1325 899 1385 secunda
919 1327 981 1385 ieta
1002 1335 1111 1402 roqatu
1134 1321 1310 1402 Serapionis
1333 1321 1461 1384 nonnul-

169 1505 171 1510 .
251 1425 346 1506 lisque
369 1424 542 1504 optantibus
558 1424 712 1503 [ratribus
729 1428 928 1487 concreuisse.
972 1423 1041 1487 Non
1065 1425 1231 1505 diffitemur
1245 1434 1352 1495 temen,
1369 1443 1462 1504 prae-

251 1531 339 1607 cipua
361 1544 435 1606 quae
458 1529 490 1586 in
514 1525 712 1588 Orationibus
736 1537 843 1589 contra
865 1527 994 1588 Arianos
1008 1526 1123 1605 'fusius
1150 1537 1347 1606 manantur
1371 1545 1462 1604 arqu-

249 1639 349 1690 mento
371 1630 501 1690 strictim
531 1629 577 1690 hic
598 1645 760 1709 presseque
782 1633 928 1700 tractari,
962 1639 995 1692 ot
1022 1628 1245 1703 consentimus,
1271 1627 1348 1689 illud
1370 1628 1459 1709 Opas,

249 1730 328 1812 quael
349 1731 497 1792 secundae
519 1728 673 1809 Epistulae
685 1732 839 1810 principio
861 1733 905 1793 ait
926 1749 957 1792 se
978 1734 1011 1791 in
1032 1733 1180 1810 epitomen
1201 1730 1357 1809 recteqisse,
1386 1728 1463 1791 aaut

249 1831 370 1894 nullum
392 1844 568 1911 essequam
590 1831 756 1912 Epistulam
773 1835 905 1913 premam
926 1833 965 1893 etl
987 1829 1191 1911 Serapionem.

335 1931 368 1991 V.
416 1929 527 1993 Ultima
555 1935 678 2014 denique
708 1932 844 2012 Epistola
875 1936 919 1996 ita
942 1933 1081 1994 erelitnr:
1110 1927 1255 2011 ἐνέτυχον
1276 1927 1333 1996 καὶ
1352 1932 1461 2016 τῇ“αα.

250 2033 351 2095 Euius
373 2029 472 2096 eutem
499 2051 575 2112 pars
601 2045 757 2112 postrema
784 2038 846 2096 siue
872 2033 968 2095 ueluti
991 2035 1259 2114 appendebalnum.
1275 2037 1306 2098 8.
1329 2036 1462 2120 sqq.].est

254 2133 413 2195 Tractatus
429 2139 461 2196 in
477 2133 623 2198 Matthaei
642 2135 733 2196 uerba
749 2135 932 2214 Quicumque
948 2135 1055 2196 dixerit
1076 2134 1164 2212 etei),
1188 2140 1242 2218 qui
1260 2137 1339 2198 male
1400 2138 1463 2199 hac-

252 2245 341 2298 tenus
369 2237 456 2298 editis
484 2237 520 2297 ab
548 2235 605 2298 illa
627 2248 672 2298 est
693 2236 842 2299 divulsus.
887 2237 1039 2318 Siquidem
1064 2256 1128 2300 non
1154 2235 1253 2314 salum
1278 2217 1338 2334 in'
1405 2239 1462 2300 ibat

251 2342 468 2417 manuscriptis
492 2339 640 2400 codicibus
664 2338 740 2400 hane
761 2343 863 2400 statim
885 2339 1081 2418 subsequitur
1102 2333 1283 2420 Epistolam,
1313 2342 1463 2402 sedetiam

252 2443 285 2501 in
307 2444 434 2518 optimae
456 2450 545 2503 notae
566 2439 656 2520 Eeqio
679 2449 707 2502 et
728 2439 914 2520 Sequeriano
937 2449 1017 2501 reete
1040 2444 1193 2520 cumipse
1214 2440 1407 2522 absqueullo
1430 2444 1463 2502 ti

253 2540 318 2603 tulo
342 2545 544 2621 coniunqitur,
568 2552 742 2622 tantumque
764 2546 795 2602 in
816 2545 951 2620 morqine
972 2541 1065 2604 uerba
1086 2545 1152 2621 ipsa
1167 2541 1314 2605 Matthaei
1331 2544 1463 2624 alierum

253 2653 320 2715 tur,
353 2647 402 2706 uti
426 2643 463 2724 fit
491 2653 521 2704 et
549 2643 619 2704 eliis
647 2648 679 2704 in
709 2644 791 2705 locis.
836 2642 874 2704 ln
897 2642 1078 2705 Eobleriano
1106 2655 1203 2707 autem
1231 2643 1464 2706 erichthonii

249 2749 351 2828 primo
380 2745 450 2807 haec
477 2763 573 2807 nouae
595 2750 684 2825 quasi
704 2743 857 2823 Epistolce
877 2749 1080 2824 praeponitur
1101 2748 1279 2825 inscriptio:
1309 2741 1392 2828 πρὸς
1412 2737 1461 2806 riu

252 2839 352 2910 αὐτὸν
374 2849 580 2928 Σεραπίωνα.
626 2845 737 2925 Nempe
760 2863 826 2906 cum
846 2848 879 2905 in
899 2849 999 2924 prime
1020 2845 1159 2926 Epistola
1179 2863 1261 2907 num.
1274 2849 1303 2910 3.
1323 2857 1351 2908 et
1364 2850 1395 2907 in
1407 2846 1461 2926 fine

251 2953 354 3028 partis
380 2952 563 3028 posterioris
592 2949 738 3010 seeunclae
763 2946 829 3028 [Ep.
847 2946 906 3008 111.
930 2966 1011 3009 num.
1030 2947 1071 3024 7.]
1102 2946 1173 3007 haee
1198 2947 1356 3028 Euanqelii
1378 2946 1460 3008 verbe

254 3060 365 3111 contra
387 3049 581 3111 aduersarios
604 3050 782 3112 citum'seet
796 3048 828 3111 S.
845 3047 1038 3118 Athanasius,
1061 3051 1159 3127 ipsum
1179 3055 1299 3128 roqeuit
1313 3049 1458 3128 Serapion

254 3161 290 3211 ut
306 3149 403 3212 locum
413 3148 501 3211 illum
516 3155 784 3229 interpretaretur,
807 3149 1031 3232 suplicemque
1047 3167 1103 3211 eur
1117 3154 1170 3230 qui
1189 3153 1222 3210 in
1235 3149 1382 3230 Spiritum
1394 3167 1457 3210 sen-

254 3261 335 3311 atum
352 3256 531 3329 peccauerit,
554 3256 679 3330 manius
697 3253 870 3332 puniendus
893 3256 943 3322 sit,
966 3270 1053 3331 quam
1074 3255 1179 3331 quiin
1199 3251 1325 3326 Filium;
1349 3255 1394 3314 cui
1407 3265 1456 3330 pc

255 3350 430 3418 ttulationi,
453 3351 580 3413 multum
603 3351 684 3425 lieet,
707 3365 741 3416 ut
763 3353 878 3423 scribit,
900 3337 1070 3424 reluctans,
1102 3357 1134 3414 in
1155 3354 1216 3434 fine
1237 3355 1361 3417 ultimae
1381 3353 1457 3414 tutus

248 3451 407 3532 Epistolee
430 3454 586 3532 satisfecit.

221 3623 224 3628 ¹
340 3554 385 3614 vl.
429 3554 498 3617 Non
519 3555 647 3618 multum
669 3556 896 3618 immorabimur
911 3561 942 3617 in
961 3553 1126 3635 refellendo
1139 3561 1303 3640 praecipiti
1322 3568 1351 3618 et
1371 3557 1456 3631 ine'th

254 3657 413 3718 moleton
435 3656 558 3718 Ercsmi
586 3657 620 3718 ele
645 3662 747 3738 prema
773 3659 812 3719 ael
833 3657 1028 3738 Serapionem
1050 3657 1187 3739 Epistola
1213 3661 1333 3722 iudicio.
1373 3653 1455 3716 Saltu

254 3761 351 3838 inquit
372 3757 438 3831 ille,
468 3765 498 3819 et
520 3757 633 3838 integro
656 3759 812 3820 doctorum
840 3757 966 3831 iudicio,
995 3777 1050 3838 ego
1078 3777 1184 3820 censeo
1213 3761 1271 3821 hoc
1298 3761 1375 3839 Opus
1397 3769 1455 3812 esse

254 3859 385 3920 hominis
408 3859 498 3920 otiosi
520 3860 661 3939 nulloque
684 3851 812 3938 ingenio'
826 3860 960 3939 praediti,
983 3861 1033 3940 qui
1047 3860 1173 3920 voluterit
1187 3853 1295 3922 imitari
1310 3861 1364 3922 diui
1375 3853 1454 3918 tua·

242 3961 331 4024 masii
352 3960 468 4022 libellos
491 3961 527 4022 ed
550 3961 752 4041 Serapionem.
796 3961 851 4022 Hic
872 3963 946 4023 mire
968 3962 1121 4040 congeries
1143 3961 1292 4036 locorum,
1319 3970 1347 4023 et
1371 3951 1452 4016 rabo-

255 4080 326 4124 num
348 4063 482 4124 contusio
505 4061 776 4141 molestissimoque
799 4063 891 4124 semei
913 4063 1058 4124 dictorum
1080 4063 1257 4142 itereti0³).'
1282 4063 1370 4126 Eitea
1384 4069 1449 4114 iifl·

325 4283 347 4342 1)
365 4284 421 4333 Vide
441 4285 496 4333 item
514 4285 633 4337 admonit.
651 4285 770 4348 in'Epist.
788 4284 818 4333 ad
836 4283 919 4348 Serep.
939 4285 968 4333 de
988 4291 1064 4334 morte
1078 4285 1134 4334 htii.
1153 4285 1234 4358 ‘'iom.
1247 4285 1266 4334 1.
1284 4267 1454 4350 pulsitab-

210 4421 214 4434 ,
323 4365 348 4422 hi
367 4365 446 4418 hietth.
466 4368 504 4427 12,
525 4367 565 4418 32.

325 4449 350 4507 3)
369 4449 465 4501 tasnato
484 4454 650 4516 chrysostomi
673 4463 697 4503 et
713 4453 834 4504 hthcnseii
859 4453 1036 4504 lucubrationes
1060 4453 1151 4518 aliquot
1174 4455 1278 4519 primum
1300 4463 1371 4502 tersae
1392 4449 1411 4490 ei
1431 4442 1458 4488 in

257 4513 452 4643 ἑαοῖὁιῧῖαάἰιαα
476 4535 519 4580 par
544 4521 599 4570 [iss.
624 4523 757 4572 Erasmum.
780 4521 852 4572 Besil.
871 4522 944 4572 1527.
968 4538 992 4586 p.
1007 4521 1056 4572 tto
1080 4523 1153 4586 (Opp.
1178 4523 1215 4572 ed.
1241 4522 1303 4574 Clet.
1324 4519 1381 4568 tom
1397 4507 1458 4556 llll·
