3062 5044
447 269 592 344 rrrsrlu
607 299 645 342 ιτ.
661 299 698 342 un
714 299 908 344 surursororu.
1221 246 1281 348 lit

66 453 189 516 lolitur.
233 450 270 516 lit
291 469 357 512 num
379 449 522 514 dixisset:
540 449 578 514 st
597 459 695 514 nutem
717 467 768 530 epo
789 455 824 513 iu
845 449 1037 532 spiritulia·
1057 455 1140 514 eurio
1163 453 1368 515 dormo-uror.

65 558 125 626 uio,
146 553 242 633 s‘pt'tur
260 555 401 638 peruenit
422 556 456 614 iu
476 569 532 616 not
554 567 681 633 repuuru
701 552 766 624 itui,
789 551 1023 629 deindejniert:
1049 551 1119 616 loro
1142 555 1206 617 diro
1228 571 1285 616 oo-

64 657 126 717 lis:
151 654 244 716 Omna
261 663 418 735 pernotum
439 663 469 716 et
491 653 675 735 llosplemrfo
696 657 869 718 remittetur
891 653 1080 730 hominibus,
1103 654 1286 737 llnsplromt'o

63 766 163 822 notent
190 759 223 817 iu
250 753 402 838 Spiritus·
430 772 492 818 uou
521 757 703 819 remittetur.
748 753 785 818 Bt
813 758 987 836 puioumpua
1016 756 1129 818 donent
1161 756 1285 820 l'orluor

63 867 172 920 coutro
194 855 303 918 Filt’uus
325 856 470 928 inuoluit.
493 859 666 918 ruuittotur
688 859 730 926 οἱ,
752 860 806 937 poi
825 866 925 918 autem
947 858 1062 920 dinem
1083 867 1191 920 corrtro
1213 857 1285 939 Spi-

62 963 158 1020 ritum
179 968 326 1028 suetum,
349 974 412 1019 nou
433 959 605 1022 sentinetur
626 960 655 1020 oi
674 975 767 1038 utpote
789 961 822 1020 iu
844 957 898 1020 loo
918 957 1040 1022 surculo
1061 977 1156 1040 orpus
1177 963 1210 1021 iu
1228 961 1284 1039 su-

61 1071 147 1123 toro.
191 1059 237 1122 Tu
257 1068 355 1122 autom
376 1057 639 1137 percunctabar-is,
660 1076 713 1122 our
733 1057 917 1138 blasphemia
939 1060 968 1122 in
990 1057 1096 1123 Filium
1118 1059 1283 1136 dimittitur,

61 1161 244 1242 blasphemia
265 1168 362 1224 autem
383 1159 414 1222 in
438 1159 580 1240 Spiritum
603 1167 736 1224 sanatum
758 1162 878 1224 venians
903 1179 963 1224 non
994 1146 1109 1226 obtinet
1136 1162 1283 1242 usquein

61 1263 212 1343 praesenti
233 1261 351 1326 sussulo
373 1261 522 1346 usquein
545 1260 668 1326 loturo?

147 1569 178 1632 9.
221 1567 315 1630 Prisci
337 1575 417 1630 nerto
439 1567 503 1639 viri,
527 1566 672 1646 Origenes
687 1565 908 1630 eruditissimus
923 1575 954 1632 et
967 1567 1135 1630 laboriosus
1157 1571 1286 1650 scriptor

62 1677 92 1730 et
114 1668 324 1748 Theognostus
347 1668 538 1734 admirandus
561 1669 610 1732 illu
632 1675 663 1730 et
681 1669 834 1732 studiosus
850 1669 941 1734 ltomo
964 1670 1084 1741 (horum
1100 1673 1178 1734 enlm
1194 1690 1285 1752 opera

60 1770 212 1850 legebam,
240 1789 307 1832 curu
327 1769 491 1851 Epistolam
514 1770 613 1851 aooepi
642 1777 750 1847 tuam),
779 1769 865 1832 ambo
894 1770 1004 1852 quippo
1031 1791 1095 1836 eunt
1122 1791 1185 1836 rem
1214 1793 1285 1854 per·

61 1879 206 1946 trentam,
232 1874 315 1936 aiunt
343 1872 422 1934 illam
445 1891 512 1934 esso
534 1871 565 1934 iu
586 1871 727 1952 Spiritum
750 1881 884 1934 sanorum
905 1873 1134 1954 blasphemiam,
1164 1893 1231 1938 onor
1253 1874 1285 1956 ii,

61 1973 175 2054 quibus
196 1973 225 2034 in
245 1973 421 2056 baptismate
443 1975 554 2036 donum
576 1973 706 2054 Spiritus
728 1973 821 2036 saneti
842 1973 998 2053 tribuitur,
1030 1975 1066 2038 ad
1094 1985 1212 2056 psooutu
1234 1996 1286 2038 re-

60 2075 177 2138 cidunt.
219 2076 348 2157 ideoque
369 2076 436 2140 illos
465 2076 673 2166 remissionem
695 2093 756 2138 uon
785 2084 1024 2157 consequuturos
1053 2077 1150 2152 aiunt,
1180 2095 1286 2158 queru-

59 2177 223 2240 admodum
245 2185 276 2240 et
296 2179 403 2242 Paulus
425 2179 455 2242 in
477 2177 610 2259 Epistola
633 2177 670 2240 ad
693 2177 845 2240 liebraeos
868 2178 923 2240 nit:
946 2178 1135 2260 impossibile
1149 2191 1195 2246 ost
1209 2185 1289 2242 enisu

59 2299 121 2352 eos,
146 2284 201 2361 qui
219 2279 310 2344 semel
330 2293 403 2347 runt
424 2280 608 2352 illuminati,
630 2289 831 2361 puotooorout
853 2285 941 2342 ottone
963 2281 1074 2342 nouum
1095 2281 1235 2354 coeleste,
1259 2291 1289 2344 ot

48 2385 227 2466 portin'par
250 2384 328 2462 forti
345 2393 420 2446 suut
442 2381 577 2464 Spiritus
600 2385 705 2452 sonui,
729 2394 758 2445 at
780 2391 985 2460 purtooeruut
1007 2383 1117 2446 tonum
1133 2381 1192 2445 Dei
1215 2381 1288 2444 Ver-

59 2483 132 2546 buru
154 2488 340 2568 virtutesque
362 2484 477 2546 soeoulr‘
496 2487 628 2554 uenturi,
651 2495 680 2546 et
699 2483 844 2564 prolapsi
857 2493 938 2553 root,
961 2481 1237 2546 rurtut'rtrrouort'
1249 2484 1290 2546 od

56 2587 289 2664 poeniteutiam.
338 2583 375 2648 Et
407 2584 537 2664 idipsum
566 2581 685 2662 quidem
719 2582 806 2644 ambo
834 2582 951 2656 dinunt;
984 2583 1039 2644 sed
1066 2602 1151 2648 suam
1180 2583 1288 2662 singuli

59 2685 242 2749 sententium
262 2685 415 2749 adficiunt.
526 2683 532 2694 ’
1160 2709 1166 2716 ·

149 2893 201 2964 10.
245 2887 319 2952 Natu
341 2888 484 2969 Origenes
507 2887 626 2968 quidem
653 2904 772 2948 oausam
801 2883 901 2948 iudicii
928 2893 1031 2948 onnus
1061 2885 1206 2950 eiusmodi
1228 2887 1287 2956 ho-

57 2989 159 3052 miues
182 2989 233 3053 lati
256 2991 300 3052 sio
322 2991 459 3070 explieat:
490 2989 590 3064 „Deus
619 2996 649 3052 et
670 2988 756 3050 Pater
784 2986 815 3048 in
843 2987 942 3051 omnia
970 2997 1106 3067 penetrat
1133 2997 1161 3052 et
1190 2989 1300 3074 omnia*

57 3090 242 3164 „oontiuet,
264 3090 389 3156 animata
411 3102 441 3153 et
462 3092 631 3163 inurimata,
652 3089 807 3152 rationalia
829 3097 860 3150 et
881 3089 1077 3164 irrationalia;
1103 3090 1169 3154 Filii
1191 3101 1289 3156 autem

60 3201 229 3272 „potestas
252 3193 289 3256 ad
311 3194 373 3256 sola
395 3194 548 3258 rationalia
571 3213 640 3258 sose
661 3193 809 3264 extendit,
840 3191 998 3273 inquibus
1020 3192 1210 3258 eontinentur
1232 3194 1289 3258 ua-

57 3295 264 3368 „teclrumeni
286 3305 316 3358 et
336 3296 468 3370 Euboici,
499 3296 547 3376 qul
577 3297 709 3358 nondum
732 3294 929 3358 erediderunt.
974 3295 1102 3374 Spiritus
1125 3313 1195 3360 vero
1217 3315 1289 3360 san-
1404 3355 1413 3366 ,

54 3405 157 3472 „ctus
188 3397 220 3458 iu
242 3397 280 3460 iis
301 3398 374 3462 solis
397 3381 461 3473 ost,
490 3399 539 3480 qni
568 3399 615 3462 sui
644 3397 802 3480 participes
824 3395 921 3458 effnoti
949 3405 1019 3460 snut
1047 3396 1079 3460 in
1099 3397 1290 3477 Baptismatis

55 3499 262 3572 „collatione
306 3498 379 3562 Cura
406 3500 497 3578 igitur
519 3500 727 3566 Gateohumeni
756 3508 786 3562 et
813 3497 932 3562 Ethnioi
959 3508 1098 3578 pnoount,
1131 3499 1375 3562 inuitemus.

53 3608 234 3682 „pensant
257 3600 395 3679 qnoniam
417 3601 444 3664 is
465 3610 513 3664 est
533 3602 564 3666 ln
586 3602 661 3677 illis,
691 3611 724 3664 ut
744 3600 854 3662 dietum
877 3607 938 3672 est3
965 3607 1096 3688 ppssuut
1116 3609 1214 3664 tamen
1235 3619 1288 3662 re·

53 3705 172 3776 ..niem
197 3703 357 3783 consequi,
386 3703 437 3766 ubi
465 3703 632 3784 scosporint
658 3703 769 3766 donum
800 3699 1045 3781 regenerationis.
1089 3701 1161 3766 Cum
1192 3711 1289 3766 autem

86 3858 112 3906 d.
133 3857 184 3906 Sic
211 3856 268 3918 neg.
293 3859 391 3919 sepner.
418 3857 489 3908 Busil.
514 3857 612 3909 Gobler.
630 3864 654 3907 et
702 3865 790 3922 γουσι.
827 3855 852 3904 ln
877 3853 948 3904 Bouil.
973 3854 1033 3905 laec
1056 3855 1147 3905 desunt·
1167 3869 1242 3919 usqne
1260 3855 1290 3904 ad

51 3925 166 3976 reterns
192 3923 215 3972 l.
259 3923 320 3974 illiti
347 3940 402 3974 sero
427 3919 558 3986 τοιαύτην
583 3912 654 3975 elnon
704 3938 785 3974 sonem
804 3916 937 3974 διάνοιαν.
973 3924 1038 3974 lutra
1051 3925 1106 3985 trop.
1116 3931 1140 3973 et
1149 3923 1253 3974 Falsum.
1266 3923 1290 3973 2.

51 3987 103 4054 τὴν
120 3983 168 4047 εἰς
191 3983 222 4038 τὸ
239 3989 345 4056 πνεῦμα
363 3985 394 4040 τὸ
410 3977 516 4058 ὅμοι’
704 3986 836 4058 ‹iprylupc
854 3993 1006 4044 condenso.
1036 3993 1110 4042 Ponto
1119 4001 1176 4056 post
1185 3993 1208 4043 io
1218 3992 1293 4042 Bauli.

85 4079 108 4111 e.
131 4063 200 4121 ling.
228 4059 325 4121 Segner.
350 4061 446 4112 Gobler.
465 4071 489 4113 st
507 4061 611 4112 Folclrn.
630 4061 652 4112 l.
704 4051 838 4109 τοιούτων
859 4062 933 4110 deest.

52 4127 99 4188 τῆς
118 4123 211 4179 ostar
228 4122 339 4192 δωρεᾶς.
375 4130 400 4178 ln
419 4131 473 4180 ullis
490 4123 652 4184 θείοςιΙοοοῑ.
739 4131 761 4179 lt.
782 4129 838 4192 ling.
863 4131 962 4191 Separor.
982 4127 1079 4178 Gobler.
1103 4135 1127 4177 st
1144 4127 1248 4177 Felclrrn.
1269 4129 1290 4177 l.

54 4197 105 4248 llor
131 4199 201 4258 lleg.
226 4204 249 4245 et
271 4199 371 4257 sepner.
394 4191 654 4278 πολινδρομὴοωον
705 4190 797 4258 διήκει.
836 4197 898 4247 uoto
915 4187 980 4256 ἤτοι.

54 4281 98 4314 ona
119 4280 206 4322 voce,
226 4264 314 4313 rectius
331 4279 401 4327 quam
420 4267 476 4316 soliti
493 4263 575 4314 πολιν
592 4260 654 4335 ‹lpo-
741 4270 755 4317 i.
779 4267 836 4328 neg.
861 4275 883 4316 ot
901 4265 1000 4326 Sugitur.
1014 4256 1289 4340 μεταλαμβάνοντος.

52 4325 204 4394 μέσοισιν.
604 4379 607 4388 ,
706 4335 751 4386 Alii
769 4344 793 4384 et
810 4335 867 4384 editi
906 4327 1096 4395 staloponar.
1311 4333 1313 4340 “

87 4402 105 4452 l.
126 4400 236 4460 Siclleu
255 4405 278 4446 et
289 4398 374 4461 Sego.;
391 4395 438 4448 καί
450 4401 564 4453 douretin
576 4404 655 4454 oditis.
741 4405 763 4454 lt.
791 4403 854 4453 ilaue
880 4347 948 4452 llus*
970 4397 1164 4458 καταξιωθοῦοο
1189 4393 1294 4467 δωρεᾶς

88 4485 111 4530 g.
133 4471 172 4518 lta
197 4467 256 4528 ileu.
275 4466 372 4528 Segosa
396 4479 420 4518 et
436 4471 526 4531 lrrplie.
561 4475 589 4522 lt
606 4475 656 4524 (lo-
708 4469 756 4532 τῆς
771 4464 979 4537 παλιγγενεσίας
1002 4471 1089 4520 desunt
1111 4471 1134 4518 in
1153 4471 1251 4522 Gololsr.
1270 4479 1293 4520 et

54 4535 116 4586 bier.
137 4545 164 4586 ut
186 4534 296 4584 Felsina
315 4533 337 4584 l.
354 4535 440 4586 τοῦτο
455 4533 508 4603 μὲν
523 4538 601 4607 κοινῇ
617 4535 657 4590 ll·
708 4541 812 4592 i'alolnr.
834 4541 855 4591 l.
889 4541 955 4592 intro
972 4540 1045 4591 iilam
1063 4529 1277 4607 ἁμαρτάνουσιν.
