3062 5044
447 337 607 390 ,nrurom
622 335 922 384 mansuetorum.
1222 327 1283 392 803

62 483 230 570 pergresai,
252 488 303 569 qui
323 487 460 553 videntur
480 488 590 552 habere
611 487 684 569 legis
706 489 859 554 scientiam
881 490 994 571 (quales
1016 500 1078 556 tum
1100 502 1185 556 erant
1204 494 1367 559 Pha-raca.

60 592 183 670 risaei),
205 591 235 655 in
257 592 403 654 insaniam
424 592 504 654 versi
526 591 645 667 luerint,
667 602 697 654 et
718 593 796 672 quod
816 593 849 656 in
870 603 1060 674 corpore'est
1073 595 1200 663 Verbum
1216 615 1283 660 om·

62 694 141 756 nino
168 694 353 773 negaverint,
387 703 437 757 aut
471 693 629 756 divinitatis
666 713 756 776 opera
783 694 900 758 diabolo
935 697 1058 777 eiusque
1090 699 1284 763 daemonibus

61 795 275 871 attribuerint,
296 796 403 860 merito
425 815 479 877 pro
501 796 552 859 tali
573 796 722 877 impietate
743 796 951 878 indeprecabili
972 807 1041 862 sunt
1061 800 1205 880 supplicio
1228 801 1284 866 ob-

61 897 158 960 noxii.
201 899 275 960 Nam
303 908 334 962 et
361 899 509 962 diabolum
537 918 592 980 pro
619 899 682 962 lleo
708 899 889 974 babuerunt,
917 919 1059 981 eumque,
1088 904 1138 982 qui
1165 922 1234 966 vere
1256 911 1286 966 et

60 1001 167 1080 reipsa
187 1001 267 1064 Deus
289 1002 576 1080 est„axistlmarunt
595 1001 688 1065 nibilc
710 1002 777 1083 plus
797 1002 828 1064 in
850 1003 990 1084 operibus
1004 1021 1095 1084 posse
1109 1023 1197 1084 quam
1212 1005 1284 1068 dae·
1361 1048 1378 1074 ι

61 1121 183 1166 mones.

153 1299 203 1372 16.
242 1308 281 1368 ln
304 1308 449 1371 eiusmodi
471 1309 560 1388 igitur
582 1307 760 1389 impletatem
782 1308 914 1390 prolapsi
936 1317 1020 1371 erant
1039 1309 1118 1372 illius
1141 1309 1284 1390 temporis

60 1409 167 1472 ludaei
189 1418 219 1472 ct
238 1409 316 1473 inter
336 1410 461 1474 ludaeos
482 1411 641 1474 Pharisaei.
685 1410 837 1474 Salvatore
858 1411 937 1474 enim
953 1411 1108 1474 exhibente
1123 1430 1212 1492 opera
1226 1411 1368 1476 Parnm.

61 1511 122 1574 tris
145 1515 226 1588 (nam
247 1520 383 1576 mortuos
406 1512 563 1586 excitabat,
587 1512 681 1576 caecis
703 1513 798 1576 risum
819 1512 964 1586 donabat,
994 1511 1114 1576 claudos
1137 1513 1286 1576 ambulare

60 1613 200 1689 faciebat,
223 1612 323 1676 surdis
346 1614 476 1676 auditum
499 1613 657 1694 aperiebat,
679 1615 769 1677 mutis
791 1613 936 1694 loquelam
953 1613 1130 1695 praestabat,
1153 1613 1284 1678 dechta-

61 1717 173 1796 batque
202 1715 259 1778 sibi
287 1715 434 1778 subditam
460 1723 622 1778 creaturam
645 1733 727 1790 esse,
756 1715 904 1795 imperans
925 1715 1037 1790 ventis,
1068 1715 1099 1776 in
1121 1717 1188 1796 ipso
1210 1717 1285 1780 mari
1312 1759 1319 1768 ·

63 1817 286 1895 deambulans),
314 1817 418 1880 turbae
433 1817 559 1897 quidem
582 1817 830 1897 obstupescebant
852 1825 882 1878 et
903 1817 1105 1897 glorificabant
1123 1817 1233 1894 Deum,
1256 1827 1287 1881 at

65 1928 174 1982 eontra
195 1919 355 1982 admirandi
376 1919 416 1980 illi
432 1919 583 1982 Pharisaei
605 1917 722 1982 aiebant
734 1918 916 1982 Beelzebulis
938 1937 1007 1982 esse
1022 1919 1169 1985 eiusmodi
1184 1938 1284 2000 opera,

63 2015 127 2084 nee
153 2020 364 2084 erubescebant
390 2020 566 2101 insipientes
593 2019 635 2083 illi
661 2020 715 2082 Dei
741 2027 918 2100 potestatem
948 2020 977 2081 iu
1005 2020 1154 2084 diabolum
1185 2031 1285 2084 trans-

61 2126 158 2186 ferre.
199 2123 282 2186 Unde
304 2123 368 2184 iure
389 2123 495 2186 meritc
518 2123 651 2186 Salvator
671 2121 830 2185 declaravit
849 2121 1059 2201 blasphemiam
1078 2124 1213 2202 prolerre
1227 2122 1285 2184 bo-

61 2226 175 2299 mines,
198 2243 272 2305 quae
293 2242 350 2286 nec
369 2225 483 2286 veniam
504 2243 560 2286 nee
580 2224 787 2288 remissionem
808 2223 941 2287 haberet.
985 2223 1058 2286 Nam
1076 2224 1144 2287 dum
1159 2225 1287 2288 humana

61 2327 262 2406 respicientes
284 2325 480 2396 claudicarent
501 2328 599 2389 animo
621 2326 769 2390 dieentes:
797 2326 905 2390 Nouae
933 2327 979 2388 bic
1001 2338 1046 2389 est
1067 2326 1119 2388 illa
1140 2327 1227 2406 fodri
1245 2329 1286 2409 pl-

62 2428 155 2502 lius?
182 2435 212 2490 et
237 2428 398 2519 Quomodo,
417 2429 462 2491 hic
486 2427 591 2491 literas
614 2431 694 2502 seit,
713 2447 780 2491 cum
807 2447 870 2490 ooo
898 2425 1060 2490 didicerit?
1088 2438 1118 2490 et
1143 2429 1232 2503 Quod
1253 2440 1287 2492 tu

61 2535 146 2614 sucis
168 2536 286 2612 siphum
308 2533 342 2594 de
364 2528 482 2612 teipso?
504 2539 534 2591 et
554 2529 725 2592 Desceodot
745 2545 826 2590 oenc
848 2529 883 2592 de
905 2547 1002 2601 cruca,
1026 2540 1055 2591 et
1069 2531 1221 2592 credemus
1244 2534 1273 2593 er·
1278 2550 1286 2606 3

61 2611 213 2716 patienter
234 2632 300 2696 tulit
320 2633 473 2704 hominos,
505 2638 608 2710 utpote
630 2631 680 2710 qul
701 2629 732 2690 in
752 2628 858 2692 Filium
880 2629 1011 2691 hominis
1033 2640 1204 2708 peccarent,
1228 2630 1285 2692 do-

62 2738 192 2816 lensque
213 2754 304 2815 super
324 2735 440 2798 illorum
463 2733 601 2796 caecitate
623 2730 752 2794 dicebat:
781 2731 819 2794 Si
844 2735 1058 2825 copooor'ssetr's
1086 2744 1116 2795 et
1136 2749 1190 2794 vos
1212 2749 1287 2812 quoe

63 2841 108 2902 cd
126 2839 239 2920 pbcem.
272 2837 389 2900 Etenim
412 2845 567 2916 almagno
589 2833 689 2908 Petro,
711 2831 789 2914 quod
812 2841 844 2895 ut
858 2833 895 2896 de
910 2833 1030 2894 homine
1043 2832 1176 2912 loquenti
1192 2831 1285 2894 ostia-

65 2940 132 3002 riae
153 2939 257 3002 eodem
280 2940 328 3002 ille
349 2938 439 3001 modo
462 2935 681 3024 respondisset,
703 2935 830 3017 ploranti
851 2934 964 3015 ignovit
982 2934 1137 2998 Dominus.
1180 2934 1286 2996 Verum

66 3042 120 3104 ubi
141 3042 183 3104 illi
205 3042 262 3104 iam
284 3051 369 3104 antea
390 3040 464 3120 lapsi
486 3040 592 3102 iterum
614 3037 746 3120 prolapsi
774 3047 845 3102 sunt
872 3045 902 3102 at
920 3037 958 3100 ad
980 3037 1123 3099 maiorem
1144 3036 1287 3098 insaniam

65 3145 269 3219 devenerunt,
297 3143 343 3222 ita,
358 3149 391 3204 ut
411 3142 464 3204 Ilei
487 3161 577 3222 opera
596 3139 777 3204 Reelaebulis
800 3159 868 3204 esse
898 3140 1046 3215 dicerent,
1074 3157 1137 3202 non
1163 3138 1287 3200 ulterius

64 3247 139 3310 illos
160 3246 242 3320 tolita
274 3245 306 3305 in
327 3261 413 3306 suom
435 3243 514 3305 enim
534 3243 676 3324 Spiritum
698 3242 940 3323 blasphemabant
959 3241 1108 3316 dicentes,
1131 3259 1213 3315 eum,
1237 3241 1287 3321 qui

65 3349 145 3410 baec
166 3348 290 3421 laceret,
312 3364 374 3408 nou
396 3363 464 3408 esse
485 3344 578 3407 Deum
608 3345 661 3407 sed
681 3344 895 3408 Beelzebulem.
940 3344 1127 3425 Quapropter
1154 3363 1208 3405 eos
1235 3349 1286 3404 ut·

62 3458 221 3532 potaron
243 3449 362 3510 serenda
384 3465 474 3509 ausos
497 3448 625 3510 aeternis
648 3447 759 3510 addixit
779 3446 943 3528 suppliciis.
985 3445 1111 3508 Perinde
1132 3443 1209 3506 enim
1226 3452 1288 3504 erat

62 3550 157 3626 illud,
180 3569 215 3613 ao
235 3550 282 3625 si,
304 3551 373 3612 duro
396 3557 551 3624 cernerent
570 3549 673 3612 mnndi
695 3549 830 3612 ordinem
852 3557 882 3610 et
902 3547 1116 3628 providentiam
1137 3545 1209 3606 baec
1230 3563 1285 3624 qu-

65 3703 170 3758 Gcbler.
189 3712 213 3754 et
228 3701 368 3754 Felclntxl.
387 3695 437 3760 τὴν
454 3693 482 3748 ἐκ
499 3679 547 3760 sris
566 3694 656 3748 rotual-
703 3701 761 3751 teris
786 3701 897 3751 omnibus
921 3699 1098 3764 manuscriptis.
1134 3697 1207 3746 Paulo
1231 3703 1287 3760 post

62 3789 125 3835 tuc-
272 3813 276 3824 .
704 3769 762 3830 hee.
780 3776 803 3818 et
821 3769 919 3830 sepner.
937 3759 991 3814 dut
1009 3765 1058 3814 rori
1076 3761 1196 3832 σταυροῦ
1212 3771 1285 3814 recte.

100 3860 123 3894 e.
144 3841 244 3902 Sequar.
263 3830 424 3890 δεικνύντος.
455 3833 655 3884 lhid.Gohler.et
704 3836 767 3886 Editi
784 3829 829 3884 tut
846 3833 894 3883 τοῦ
912 3834 1039 3902 σταυροῦ.

62 3910 178 3988 mama
189 3907 211 3958 ¹·
229 3905 277 3986 ¹⁰23
294 3919 399 4024 Ναῖος
415 3917 482 3970 ἔργα
493 3915 533 3980 ,ΠΥ
548 3901 655 3980 'ww'
737 3930 755 3979 l.
771 3921 881 3994 μεγάλῳ
898 3928 967 3978 abest
982 3927 1103 3979 aGobler.
1113 3925 1248 3980 etFelclrm.
1264 3925 1286 3974 1.
1346 3915 1349 3926 '

64 3995 117 4060 ἀ)
142 3989 169 4024 ⁰⁴
185 3969 237 4042 μὴ
254 3971 330 4040 ⁰1²⁰⁸
360 3969 428 4030 ‘²⁷¹²'
450 3985 546 4049 ΨΜ
565 3971 654 4050 ¹¹²⁰¹¹l¹t
704 3996 756 4048 ldox
783 3999 840 4059 llsq.
861 3999 962 4060 Sequar.
985 3996 1082 4048 Gobler.
1107 4003 1130 4044 et
1147 3993 1286 4047 Felclm.1.

62 4049 164 4100 ibidem
184 4045 239 4106 hes·
259 4053 282 4094 et
299 4045 396 4105 squar.
408 4034 564 4106 spaeram.
592 4038 655 4088 ΕΜ
703 4056 838 4130 actaeae,
856 4061 890 4144 qr
907 4061 1034 4130 θυρωρῷ.
1069 4063 1131 4113 sarar
1151 4070 1174 4112 c
1191 4061 1231 4112 ιιιι
1243 4050 1288 4108 ta-

62 4108 220 4184 fl‘h’lfm'·
706 4128 824 4194 λησάσης
846 4145 894 4190 τις
910 4129 1047 4196 θυρωροῦ.
1083 4129 1179 4182 Gohlar.
1196 4129 1287 4192 hngllr.

100 4185 126 4262 d.
150 4182 248 4242 ΜΝ·
265 4169 412 4237 θαλάσσης·
447 4175 500 4225 Μαι
522 4174 580 4236 ¹³⁸⁸·
607 4166 657 4229 ᾤ’
707 4209 731 4251 et
748 4199 885 4251 l'elcltm.l.
903 4213 957 4250 mox
975 4189 1287 4266 babentdnoupwopalvqr.

62 4249 232 4334 ιιλιιττονισ.
268 4247 341 4297 Paulo
359 4237 658 4310 pcartccpccrctteco
756 4331 762 4343 .
780 4294 814 4344 Re
832 4330 837 4342 Ι
856 4286 905 4342 τόν
922 4293 992 4344 mm·
1026 4292 1078 4342 Mox
1096 4292 1126 4342 se
1144 4307 1194 4342 W·
1206 4299 1229 4341 et
1247 4289 1288 4342 am

65 4337 90 4374 ιιι
110 4317 214 4372 Gobler.
232 4314 411 4366 athletaml.
741 4310 755 4358 8
815 4309 829 4358 d
1128 4307 1142 4355 8

102 4403 127 4438 ο,
146 4383 198 4434 ,οὗ
222 4385 290 4435 Μ
307 4385 331 4434 j„
349 4383 427 4433 epm„
462 4379 510 4430 Sed
529 4379 615 4442 legun,
632 4380 656 4430 j„
707 4365 803 4428 quidem
822 4362 917 4413 codices
936 4361 1068 4411 comeditis
1081 4351 1287 4410 babentrdxcrc's

66 4461 128 4520 lleq.
148 4463 174 4505 et
191 4452 289 4514 Sequar.
314 4458 337 4502 et
360 4451 461 4502 babetur
478 4451 503 4499 lo
520 4447 655 4511 Evangelio.
705 4429 820 4497 πνεῦμα·
854 4429 902 4480 5θά
919 4423 988 4478 ³⁶¹4
1006 4429 1073 4480 Μ
1090 4428 1211 4492 ῙῦᾸΰὸῙῙῦ·
1230 4429 1287 4479 ‘¹3¹¹

66 4527 123 4577 blox
142 4515 177 4570 uo
196 4522 282 4584 legitor
299 4520 322 4570 ln
340 4517 443 4570 l'elclrm.
462 4517 486 4566 2.
504 4525 528 4566 et
545 4519 568 4566 in
586 4517 656 4567 editis
705 4499 761 4564 ΗΘΒ·
780 4498 886 4552 dimum
903 4505 947 4549 0⁸²·

67 4595 223 4658 habeturque
240 4589 265 4640 in
274 4587 408 4651 Evangelio,
426 4586 468 4638 sed
487 4584 555 4636 dccet
572 4586 596 4636 iu
614 4600 653 4636 ce·
738 4577 826 4636 bani
842 4584 910 4638 deest
926 4583 951 4660 ln
968 4581 1072 4634 l'elclm.
1091 4571 1114 4632 2.

1030 4663 1088 4723 bl*

1003 4736 1187 4874 Γ
