3006 5054
374 389 518 436 srrsrcua
531 391 571 436 ns
586 388 752 436 surranum
767 389 907 436 ororrsn.
1209 377 1249 442 97

117 550 145 611 2
184 543 214 606 Si
235 561 323 624 qnam
345 543 436 624 igitur
449 539 613 606 secuntiae
628 539 752 604 dictisve
770 541 834 604 suis
849 541 984 604 urucam
1000 541 1119 618 babent,
1141 545 1337 607 nudamrau.

50 647 120 712 nobis
139 646 280 708 baeresim
301 663 387 706 snam
409 645 576 724 proferant,
607 643 735 724 hincque
763 643 874 723 liquido
904 643 1064 706 ostendant
1090 643 1195 718 nobis,
1224 646 1251 706 si

51 747 112 828 quod
131 767 162 809 se
179 755 282 828 putam
303 745 426 820 babere,
447 745 494 807 vel
516 744 727 825 exScripturis
743 753 874 808 sumtum
890 754 941 808 aut
954 745 1057 807 saltem
1079 745 1251 819 humanum,

50 851 90 912 sed
107 850 178 929 piurn
206 859 305 910 tamen
325 865 382 926 pro
405 865 458 910 sua
481 845 655 908 defensione
677 855 900 926 argumentum:
929 846 976 912 ein
1005 865 1076 908 vero
1105 845 1252 910 eiusmodi

50 952 108 1014 nibil
124 950 242 1023 babent,
272 949 396 1023 sileant:
425 965 570 1028 nusquam
599 945 677 1010 enim
705 947 820 1028 quidvis
842 947 991 1010 inventuri
1011 955 1095 1021 aurat,
1128 947 1187 1010 nisi
1217 965 1253 1010 ex

52 1071 99 1132 quc
115 1053 194 1132 magis
217 1050 373 1130 magisque
400 1057 606 1128 coarguantur.
650 1047 723 1110 Nam
751 1049 783 1110 in
811 1049 975 1128 Scripturis
1003 1049 1096 1110 sacris
1123 1049 1251 1112 loannes

52 1153 94 1214 ait:
114 1153 146 1216 lo
166 1155 322 1234 precepto
352 1161 421 1214 crot
446 1150 597 1233 vertum„
615 1149 694 1228 quod
717 1149 812 1223 (aiunt
834 1151 905 1230 ipsi)
928 1167 988 1212 non
1011 1158 1075 1211 erat
1096 1158 1252 1229 antequam

49 1255 206 1332 cimbatum
234 1253 328 1314 David
356 1269 428 1312 vero
456 1270 492 1312 ex
513 1250 609 1313 Patris
638 1269 768 1330 persona
795 1253 835 1313 ita
854 1249 976 1330 psallit:
1008 1249 1169 1312 Eructavit
1200 1268 1254 1313 cor

48 1373 123 1416 amn
145 1353 269 1416 Verbum
291 1355 411 1424 bocum,
435 1353 513 1431 qnod
536 1351 596 1430 ipsi
617 1360 756 1414 esserunt
770 1351 934 1414 secundum
950 1351 1158 1430 cogitationem
1173 1352 1252 1413 dun·

49 1463 109 1514 taxat
126 1473 188 1516 esse
210 1463 242 1516 et
264 1473 300 1516 ex
323 1451 600 1516 non-exstantibus
622 1454 730 1516 iactum
752 1452 1200 1531 inisse310annesquciterum
1222 1451 1253 1514 in

48 1553 178 1634 lrmgetio
199 1555 288 1617 dicit:
322 1555 430 1616 Omnia
453 1572 514 1634 per
541 1559 639 1635 ibrum
667 1555 753 1634 [octe
781 1565 869 1624 suot,
898 1565 928 1616 et
956 1559 1021 1617 cine
1047 1559 1112 1634 tirso
1136 1555 1254 1634 sactum

48 1669 81 1718 cst
97 1657 179 1728 nibil,
206 1656 378 1735 Paulusque
406 1655 445 1716 ita
473 1654 590 1717 scribit:
624 1651 707 1718 Uicus
731 1654 880 1719 Dcmrirus
901 1655 988 1717 iesvs
1013 1655 1169 1726 Christos,
1194 1673 1254 1736 per

47 1777 111 1838 mm
130 1762 236 1830 emoto,
260 1765 291 1820 et
311 1755 396 1818 alibi:
419 1761 560 1846 quonium
581 1760 704 1836 inipso
728 1747 830 1820 creato
851 1766 924 1818 cont
947 1761 1055 1818 omnio.
1102 1755 1179 1828 Quid
1195 1753 1252 1834 igi·

49 1867 83 1917 tur
99 1858 151 1920 illis
170 1857 298 1922 fiduciae
320 1859 478 1938 supererit,
502 1859 561 1920 imo
583 1857 695 1938 potius,
718 1875 775 1937 qua
797 1875 858 1918 non
881 1855 961 1936 digni
978 1864 1065 1918 erunt
1080 1855 1253 1935 ignominia,

48 1961 262 2042 quandoquidem
284 1959 461 2022 Sanctorum
484 1959 639 2022 sententiis
661 1958 871 2033 adversantur,
895 1974 960 2022 cum
984 1957 1092 2032 dicant,
1119 1957 1252 2018 omnium

49 2060 164 2138 opificem
193 2061 347 2142 opificium
375 2079 461 2133 esse,
495 2079 529 2122 ac
554 2079 617 2122 rem
647 2068 774 2122 creatam
803 2077 871 2122 esse
900 2078 984 2130 eum,
1018 2059 1049 2120 in
1071 2077 1130 2138 quo
1153 2057 1253 2120 omnia

49 2174 121 2224 certa
141 2172 209 2226 sunt
233 2171 265 2225 et
287 2160 480 2224 consistunt?
522 2161 566 2222 Ne
594 2161 722 2224 bumana
744 2160 863 2242 quidem
886 2161 944 2224 ulla
966 2162 1058 2234 ratio,
1088 2177 1163 2240 quae
1184 2145 1261 2239 pie-v

49 2270 116 2324 tatem
134 2265 246 2344 sapiat,
277 2263 335 2325 illis
363 2263 399 2325 ad
423 2262 468 2324 sui
493 2262 698 2324 defensionem
720 2261 906 2342 relinquitur.
953 2262 1028 2334 eris
1051 2262 1130 2323 enim
1151 2260 1252 2322 homi·
1343 2295 1351 2312 =

50 2380 109 2438 nnn,
128 2365 334 2428 siveGraecus
356 2363 587 2437 sivemmams,
610 2383 698 2443 quem
712 2363 806 2425 Deum
829 2363 996 2437 confitetur,
1019 2362 1144 2425 eundem
1167 2379 1252 2424 cree-

52 2473 121 2527 turun
147 2485 213 2530 cese
244 2465 355 2526 dixerit
383 2474 435 2526 ant
456 2483 515 2526 non
539 2465 633 2528 inisse
655 2472 812 2544 antequam
834 2463 942 2526 tieret?
985 2465 1043 2526 dut
1064 2465 1130 2544 quis
1152 2462 1253 2526 bumi-

52 2582 117 2640 nun,
141 2587 204 2630 cnm
233 2567 321 2628 illum
350 2565 493 2640 audierit,
523 2583 611 2646 quem
633 2585 725 2626 unum
747 2565 841 2627 credit
861 2584 931 2628 esse
952 2565 1063 2640 Deum,
1091 2563 1254 2627 dicentem:

51 2661 95 2726 liic
110 2667 256 2730 cstFiiius
280 2687 363 2729 merce
388 2667 524 2738 dilectus,
547 2668 774 2730 enumeravit
797 2685 851 2730 cor
872 2685 967 2728 mcum
988 2666 1113 2728 Verbum
1136 2667 1256 2751 bouum,

52 2767 108 2827 rusb
126 2768 236 2830 dicere:
262 2767 393 2830 Verbum
415 2768 495 2847 quod
519 2787 554 2830 ex
576 2768 629 2831 Dei
652 2769 743 2830 corde
765 2785 960 2847 progressum
984 2773 1039 2840 est,
1062 2783 1098 2828 cx
1118 2783 1254 2828 non-ex-

51 2867 168 2930 stantibus
189 2871 303 2931 lactum
326 2877 389 2943 est,
413 2876 476 2930 eut:
493 2867 585 2930 Filius
607 2877 704 2932 creata
726 2886 777 2930 res
800 2875 857 2940 eat,
879 2883 940 2928 non
962 2865 1083 2946 propria
1105 2865 1255 2943 loquentis

52 2967 151 3041 proies?
190 2971 232 3031 lc
254 2989 378 3032 rursum
400 2970 478 3050 quis,
502 2969 528 3030 si
551 2989 630 3045 eum,
652 2988 740 3050 quem
762 2967 922 3030 Dominum
944 2974 974 3028 et
989 2965 1171 3028 salvatorem
1185 2983 1255 3028 esse

54 3068 139 3142 redit,
164 3071 268 3133 audiat
296 3071 462 3133 dicentem:
491 3070 553 3150 Eoo
582 3075 615 3132 io
636 3069 729 3134 Patre
758 3081 786 3131 et
809 3069 902 3132 Potcr
923 3071 956 3129 io
977 3085 1036 3140 me,
1066 3075 1110 3128 et:
1141 3066 1204 3148 Eoo
1227 3078 1256 3130 ct

56 3165 123 3230 Peter
141 3191 233 3234 eneae
256 3190 380 3244 sumas,
403 3191 438 3234 ea
461 3171 592 3233 dividere
615 3179 754 3244 conetur,
784 3187 859 3249 quae
880 3168 930 3230 ille
951 3166 1103 3232 coniunxit
1124 3175 1155 3229 el
1174 3165 1255 3228 indi-

55 3266 100 3328 visa
118 3271 324 3336 conservavit?

117 3374 143 3436 3.
184 3374 266 3436 llaec
289 3373 379 3452 igitur
401 3393 468 3436 curn
490 3383 520 3436 et
541 3374 599 3454 ipsi
623 3373 865 3444 animadvertant,
889 3369 979 3432 rebus
1004 3368 1066 3431 suis
1089 3367 1254 3432 diffidentes

58 3469 99 3545 niis
124 3457 189 3537 iiris
219 3475 365 3538 confictas
399 3474 571 3536 adscribunt
602 3475 776 3537 sententias.
827 3471 914 3550 Atqui
948 3470 1041 3550 magis
1070 3469 1168 3534 decuit
1200 3489 1253 3534 eos
1295 3499 1298 3504 ¹

59 3573 159 3634 emnium
186 3575 298 3655 inopes
327 3584 357 3636 et
379 3575 581 3650 advertentes,
617 3595 651 3636 se
673 3574 872 3654 interrogatos
904 3572 1018 3652 passim
1045 3571 1196 3634 haesitare
1224 3589 1258 3634 ac

60 3667 127 3733 hianti
144 3695 192 3738 ore
214 3678 436 3749 obmutescere,
459 3677 637 3738 sententiam
660 3683 851 3748 commutare,
867 3673 1025 3754 potiusque
1041 3691 1109 3734 sese
1124 3679 1342 3736 averterenmt.

61 3773 127 3832 am
149 3780 277 3852 erroris,
305 3795 395 3857 quam
422 3777 579 3850 homines,
607 3796 682 3857 quos
707 3777 861 3854 ignorant,
890 3776 968 3838 inter
990 3792 1062 3836 suos
1083 3789 1258 3846 recensere:

61 3887 87 3930 ne
112 3875 140 3936 ab
168 3879 276 3941 iisdem
305 3878 449 3960 confutati
476 3878 543 3957 plus
574 3877 729 3939 dedecoris
751 3877 890 3938 referant.
934 3874 1043 3936 Verum
1066 3874 1107 3934 illi
1129 3873 1258 3934 sortasse

63 3969 87 4029 ab
103 3975 256 4041 huiusmodi
281 3977 359 4040 dolis
383 3995 530 4057 nunquam
553 3977 699 4040 absistere
720 3968 830 4051 volent,
844 3975 981 4056 ‘Caiphae
994 3974 1073 4035 enim
1090 3971 1258 4034 sociorum-

86 4127 619 4198 einr.cotnyeycrvtctaqmicusrecte.
706 4145 727 4192 g.
748 4125 1050 4180 Taurinilclbertlesuit.
1063 4113 1199 4192 ἀμέριστα
1215 4135 1260 4174 nr·

87 4193 537 4261 d&enecuasttaeteuiteommet.
556 4199 620 4250 Edit.
670 4192 772 4256 notras.
1238 4247 1246 4269 ,

65 4271 103 4308 vro
116 4262 248 4318 irrisiemir
266 4276 292 4318 et
309 4267 396 4318 colun.
414 4257 617 4330 dipeth'oouutv.
706 4266 728 4314 b.
747 4263 845 4313 Teurin.
869 4251 929 4308 ἀλλ’
948 4251 1061 4310 inscito
1084 4250 1190 4307 τούτων
1214 4272 1259 4308 αυ-

67 4322 137 4378 lnrin.
152 4333 217 4384 Colla.
236 4336 283 4384 tes.
302 4335 342 4384 Fr.
361 4334 379 4384 l.
399 4323 566 4398 ὀφείλουσιν.
671 4324 742 4384 roric.
779 4330 848 4380 colb.
865 4320 977 4378 insuto
992 4321 1022 4376 dl
1034 4319 1140 4375 τούτων
1152 4317 1260 4380 αὐτούς.

89 4407 105 4442 t.
123 4397 209 4451 iamin.
240 4403 312 4452 Golb.
342 4402 390 4452 les.
417 4395 619 4466 παραλείπεται.
672 4400 738 4448 latre
756 4397 819 4448 Edit.
835 4397 911 4446 Paris.
921 4403 946 4446 et
956 4395 1041 4448 Coloe.
1054 4389 1259 4460 χασμαμένους.

71 4453 119 4509 lule
135 4477 183 4527 post
199 4469 237 4520 ir.
257 4469 275 4520 l.
297 4461 472 4535 ἔπιχειρῆσοι.
670 4466 733 4516 Edit.
758 4479 815 4514 reru
833 4463 977 4514 commetiri.
996 4477 1051 4514 cuna
1069 4463 1181 4514 erunibus
1200 4475 1259 4512 mss.

83 4527 103 4598 ‚l
117 4529 162 4594 lta.
184 4536 281 4586 Tauris.
307 4537 375 4588 toto.
402 4539 447 4586 lca.
471 4537 509 4586 Fr.
529 4537 546 4588 l.
569 4525 621 4599 κᾷν
667 4525 877 4599 χασμωμένους.
913 4531 1003 4582 ibidem
1012 4529 1109 4580 lauria.
1118 4537 1142 4580 et
1151 4529 1258 4581 colbert

75 4594 136 4648 turb.
166 4601 223 4654 [diti
242 4593 285 4654 ἄν.
671 4590 885 4668 μεταγινώσκειν
902 4591 985 4668 ἐχρῆν
1001 4591 1113 4663 μᾶλλον.

96 4681 195 4732 immin
207 4700 259 4735 ore.
272 4701 345 4736 rosa.
358 4703 409 4734 sm.
1040 4681 1054 4731 7
