3122 5060
483 367 592 411 omero
606 367 652 410 m.
668 367 784 411 cosm
798 367 934 412 usuros.
1245 349 1307 418 ott

89 519 224 596 tondent,
257 518 345 581 etiam
373 517 480 580 Filium
503 518 602 598 ipsum
629 517 753 582 nonnisi
773 519 902 600 Spiritus
923 521 1096 602 participem
1119 521 1255 588 erectum
1277 507 1392 585 dimum.

89 623 166 684 recte
186 619 272 684 motis
294 619 452 694 memisse,
474 628 509 681 ut
527 620 559 682 iu
575 619 661 682 Petro
682 625 774 696 esset,
797 621 877 702 quod
899 629 979 684 certe
1001 622 1046 684 vei
1067 622 1165 686 sotum
1187 609 1309 704 eogitari

54 769 57 779 Α
89 723 198 805 absque
220 741 335 787 summa
357 723 507 803 impietate
529 739 591 785 non
611 731 722 802 potest.
765 721 914 804 Namque,
948 732 981 786 ut
1008 723 1118 786 dictum
1145 732 1208 798 est,
1241 725 1309 806 ipse

89 827 137 888 dat
157 825 292 906 Spiritui,
315 833 345 888 et
367 843 568 906 quoecumque
590 824 720 907 Spiritus
741 825 839 900 babet,
861 826 935 890 boec
956 845 973 888 o
994 825 1092 888 Verbo
1114 825 1222 888 babet*
1304 867 1312 900 s

169 1031 222 1094 to.
267 1028 340 1090 Cum
362 1027 451 1108 igitur
473 1028 510 1090 de
531 1028 619 1090 uobis
642 1028 716 1090 dixit
729 1029 878 1092 Salvator:
900 1029 987 1094 Sicut
1009 1040 1051 1101 tu,
1075 1029 1178 1104 Potor,
1199 1035 1232 1094 iu
1252 1045 1307 1103 otc,

88 1142 116 1192 et
136 1149 187 1212 epo
216 1133 250 1194 eis
277 1140 320 1202 te,
353 1141 389 1193 ut
417 1141 447 1194 et
475 1135 536 1212 apsi
561 1119 596 1192 ἐκ
622 1131 709 1194 soto
730 1149 827 1194 usum
854 1137 932 1204 erist,
963 1149 1024 1194 non
1052 1151 1110 1193 nos
1132 1130 1253 1194 eosdem
1275 1119 1325 1194 r(

89 1233 221 1313 scipsum
242 1233 308 1294 iore
330 1231 524 1316 significavit,
552 1238 586 1294 ut
613 1251 649 1294 ex
676 1231 768 1295 lonso
790 1232 924 1314 exemplo
951 1233 1159 1314 probavimus3
1189 1233 1243 1296 sed
1264 1231 1311 1296 est
1379 1296 1382 1306 ,

88 1333 262 1411 postutstio,
286 1351 342 1412 qua
365 1333 484 1394 Patrem
505 1341 659 1412 precatur,
681 1333 726 1394 uti
747 1333 851 1396 scribit
872 1333 1016 1408 loannes,
1037 1343 1071 1397 ut
1091 1333 1234 1421 Spiritum
1250 1351 1312 1416 ,per

89 1453 124 1497 se
151 1434 297 1515 impertiet
329 1433 535 1508 credentibus,
567 1453 621 1515 per
650 1453 738 1514 qoem
771 1433 906 1498 ridemur
927 1443 957 1497 et
977 1436 1009 1498 iu
1030 1435 1092 1498 Deo
1114 1453 1183 1498 esse
1205 1445 1235 1499 et
1254 1453 1311 1518 per

88 1536 214 1598 eundem
235 1535 265 1598 iu
288 1535 356 1616 ipso
379 1536 530 1616 coniungi.
560 1527 640 1609 ‘uoto
665 1537 745 1598 euim
759 1535 888 1599 Verbum
910 1545 958 1599 est
974 1537 1004 1599 in
1018 1537 1115 1613 Patre,
1139 1545 1169 1600 ct
1182 1537 1311 1618 Spiritus

85 1656 122 1700 ex
152 1636 251 1700 Verbd
283 1638 384 1712 detur,
418 1657 476 1700 nos
510 1638 621 1700 idcirco
650 1637 793 1718 Spiritum
822 1637 903 1719 cupit
923 1638 1133 1720 acciperem
1153 1659 1220 1702 curm
1241 1657 1310 1704 eum

83 1741 302 1820 acceperimus,
335 1749 406 1830 tuuc
431 1735 576 1819 Spiritum
604 1737 693 1801 Verbi
720 1740 751 1801 iu
772 1739 860 1802 Patre
882 1738 1034 1802 existentis
1055 1740 1199 1804 hebentes
1221 1729 1311 1804 otiam

83 1861 140 1906 uos
166 1843 224 1922 ipsi
245 1859 300 1922 per
320 1841 463 1922 Spiritum
487 1859 579 1904 uuum
601 1842 632 1904 iu
654 1840 752 1903 Verbo
776 1851 806 1905 et
826 1860 881 1921 per
902 1841 1029 1910 Verbum
1051 1841 1082 1904 in
1104 1844 1192 1906 Patre
1209 1835 1310 1908 'euecti

82 1963 150 2006 esse
176 1940 339 2006 videamur.
382 1942 415 2005 ld
438 1951 537 2005 autem
559 1943 638 2022 quod
661 1941 703 2004 eit
722 1955 758 2008 ut
778 1963 851 2015 cos,
881 1943 954 2004 nibil
979 1943 1058 2006 eliud
1084 1943 1194 2008 iudicat
1221 1959 1395 2027 quomrum.

82 2054 114 2106 ut
134 2043 309 2118 huiusmodi
338 2045 468 2126 Spiritus
497 2043 589 2125 gratia
611 2045 642 2106 iu
665 2044 827 2124 discipulos
849 2046 946 2107 intusa
969 2043 1084 2107 stabitis
1108 2058 1139 2109 et
1159 2047 1309 2112 irrevoca-

82 2145 150 2210 bilis
177 2147 328 2212 reddetur.
362 2147 501 2228 ¹Nempe,
529 2156 675 2226 utsupra
705 2146 860 2228 explicavi,
891 2147 919 2208 id
949 2147 1029 2227 quod
1052 2145 1148 2211 Verbo
1171 2150 1200 2214 iu
1223 2150 1311 2214 Patre

81 2251 190 2312 ustura
213 2249 300 2324 inest,
323 2250 380 2314 boc
400 2248 488 2312 nobis
510 2267 565 2330 per
587 2249 729 2328 Spiritum
752 2249 792 2311 its
813 2249 875 2312 vult
895 2249 969 2322 dari,
992 2259 1026 2313 ut
1046 2251 1086 2314 sit
1106 2249 1310 2316 irrevocabile.

81 2349 175 2424 Quod
196 2369 262 2414 cum
284 2369 346 2413 nou
369 2349 519 2430 ignoraret
538 2350 708 2431 Apostolus
731 2351 787 2412 ait:
815 2351 891 2426 Quis
907 2371 964 2414 uos
979 2353 1167 2434 reperebitur
1183 2358 1312 2416 coritote
1396 2389 1400 2398 ·

81 2451 226 2518 coruus
262 2451 340 2516 Nem
371 2453 430 2516 bet
460 2453 539 2515 dono
569 2465 598 2515 et
628 2456 730 2532 pretio
761 2455 928 2514 vocationis
961 2454 1208 2528 *r'rreoocobitto
1229 2465 1311 2518 sust.

80 2553 187 2634 itaque
208 2554 338 2634 Spiritus
361 2564 417 2628 est,
439 2554 487 2634 qui
511 2553 541 2616 in
557 2553 619 2616 Deo
642 2553 752 2626 existit,
775 2571 835 2614 uon
858 2563 956 2616 sutem
979 2571 1036 2616 uos
1058 2553 1219 2616 secuudum
1241 2573 1315 2618 uos.-

81 2655 170 2718 Uude
191 2657 440 2737 quomadmodum
463 2655 515 2718 titii
538 2663 569 2717 et
587 2655 630 2728 dii
651 2655 796 2718 efficimur
818 2653 857 2716 ob
883 2655 1030 2729 Verbum,
1062 2655 1143 2735 quod
1171 2657 1200 2718 in
1222 2655 1312 2718 uobis

80 2755 248 2831 babemus,
280 2759 319 2820 ita
348 2758 379 2819 iu
407 2757 482 2820 ditio
512 2767 542 2820 ot
563 2755 593 2818 in
615 2757 702 2818 Patre
725 2757 836 2824 erimus
859 2773 1010 2836 unumque
1031 2756 1062 2816 iu
1084 2756 1191 2819 iisdem
1214 2757 1313 2820 eiicoti

79 2879 151 2923 esse
178 2859 420 2934 existimabimur,
442 2865 601 2940 propterea
624 2859 703 2938 quod
726 2857 757 2920 in
779 2857 867 2919 uobis
886 2857 925 2919 sit
939 2857 1079 2940 Spiritus,
1102 2858 1152 2938 qui
1167 2858 1198 2919 iu
1213 2857 1314 2920 Verbo

79 2970 145 3035 est,
185 2963 265 3042 quod
297 2963 394 3043 ipsum
424 2961 552 3023 Verbum
581 2968 628 3022 ost
656 2959 686 3022 io
715 2960 812 3022 Patre.
857 2959 1003 3033 Quocirca
1025 2977 1091 3021 eum
1112 2958 1218 3040 aliquis
1238 2960 1311 3024 vitio

79 3063 187 3144 utiquo
210 3083 228 3125 s
249 3063 360 3143 Spiritu
382 3063 538 3136 deiecerit,
562 3059 751 3142 ills-quidem
775 3061 867 3141 grstia
889 3061 967 3142 apud
990 3079 1058 3134 eos,
1082 3061 1132 3142 qui
1154 3061 1319 3136 voluerint,¹

79 3163 290 3230 irrevocabilis
313 3174 483 3246 permanet,
513 3164 652 3227 simodo
675 3164 759 3244 ipsos
782 3172 940 3244 postquam
963 3163 1123 3226 ceciderint
1143 3164 1310 3244 poenitetur

76 3273 290 3330 verumtamen
311 3267 361 3330 iiie
383 3267 433 3348 qui
449 3266 570 3336 ,cecidit
594 3285 655 3330 uon
677 3266 804 3346 emplius
820 3266 850 3328 iu
866 3265 928 3335 Deo
951 3275 1007 3339 est,
1031 3285 1067 3327 eo
1089 3266 1169 3347 quod
1190 3275 1311 3332 sanetus

76 3376 108 3430 et
132 3365 304 3448 paracietus
328 3369 473 3450 Spiritus,
495 3369 544 3449 qui
567 3369 598 3430 in
619 3369 681 3432 Deo
704 3378 766 3442 est,
789 3369 826 3430 eb
848 3371 914 3449 ipso
936 3369 1106 3444 recesserit,
1129 3369 1181 3431 sed
1203 3369 1310 3431 huius-

77 3470 165 3532 modi
189 3479 328 3548 peccator
350 3471 380 3532 in
403 3469 453 3532 iiio
477 3471 549 3542 erit,
579 3469 626 3531 cui
649 3488 717 3532 sese
739 3471 803 3550 ipse
833 3470 974 3544 subiecit,
1005 3471 1084 3551 quod
1107 3471 1208 3550 utiquc
1231 3469 1320 3532 stote
1433 3539 1438 3548 ,

76 3571 194 3646 evenit,
217 3590 234 3632 o
257 3589 315 3650 quo
336 3571 476 3634 nimirum
499 3572 639 3635 discessit
658 3571 711 3634 bei
733 3571 878 3653 Spiritus,
900 3589 1046 3653 quemque
1067 3572 1163 3635 motus
1186 3572 1311 3650 spiritus

148 3791 166 3825 ¹³
186 3793 223 3844 ita
242 3793 369 3844 commode
388 3791 511 3844 rertivoue.
548 3793 645 3856 rotgero
663 3792 749 3842 bibet:
774 3793 828 3844 Siue
844 3795 986 3857 poenitentia
1001 3795 1064 3857 'cuim
1081 3799 1133 3842 root
1152 3792 1213 3848 deoc
1231 3797 1253 3841 tt
1269 3805 1312 3841 oe·

74 3865 139 3912 catio
161 3863 216 3922 Det,
237 3861 261 3910 id
278 3869 316 3910 est
333 3861 452 3911 eiusmodi
472 3870 588 3921 sunt,.ut
606 3861 681 3910 iteum
700 3875 749 3910 noo
767 3862 890 3924 poeniteat
908 3861 948 3909 itte
967 3860 1079 3922 dedisse,
1098 3875 1142 3910 nec
1160 3874 1188 3909 ca
1206 3865 1309 3919 revocet,

74 3931 144 3995 quod
166 3930 234 3979 idem
253 3930 352 3979 omniuo
371 3939 416 3980 est

71 4066 153 4130 puoto
176 4071 277 4129 postet
294 4064 450 4128 uttcrttegios
468 4057 484 4124 ἢ
503 4055 549 4112 ἵνα
567 4055 582 4122 ἡ
600 4075 675 4128 ytro-
726 4063 796 4114 editis
815 4062 902 4112 desunt
919 4063 990 4114 verbs
1007 4056 1038 4110 ir
1053 4055 1103 4126 uici
1119 4055 1165 4110 καὶ
1176 4054 1206 4110 ἐν
1218 4055 1313 4127 πατρί.

68 4129 155 4199 μένῃ.
198 4131 225 4181 iu
244 4131 298 4182 otiis
316 4142 339 4182 et
357 4133 427 4184 editis
444 4123 546 4190 deestr'r'.
584 4131 674 4182 ibidem
725 4131 776 4180 iios
796 4131 885 4192 itepi.
904 4129 1003 4192 Segusr.
1023 4131 1118 4181 Gobtcr.
1138 4130 1310 4180 etieicim.t.

71 4203 151 4253 tissit.
176 4207 204 4250 et
220 4199 325 4250 Fetckm.
345 4202 369 4251 5.
386 4196 529 4266 γενομένη.
725 4185 796 4247 εἶναι
817 4195 931 4264 πνεῦμα.
968 4199 1039 4247 desit.
1063 4197 1152 4258 turbe.
1171 4197 1229 4264 iter.
1246 4196 1268 4247 2.
1288 4207 1312 4248 et

108 4273 125 4320 t.
148 4269 231 4318 ussit.
250 4267 289 4318 btc
305 4278 331 4319 et
347 4283 401 4319 mor
419 4261 616 4336 ἂμεταρλήτως.
726 4267 831 4318 Fetciro.
850 4254 968 4318 orbor
992 4259 1021 4312 τὸ
1040 4261 1154 4330 πνεῦμα.
1191 4266 1269 4316 Ceteri
1287 4275 1312 4316 et

107 4353 132 4401 p.
155 4337 203 4386 Sic
220 4335 276 4398 tteg,
288 4338 311 4386 t.
329 4339 435 4400 Sepoer..
447 4339 544 4389 Gobter.
557 4345 581 4387 ct
591 4336 676 4386 Fctci-
726 4335 783 4385 editi
796 4323 866 4382 tirus
882 4328 928 4381 καὶ
944 4331 1058 4398 πνεῦμα.

70 4407 162 4486 reponi
187 4404 227 4484 ¹¹.
246 4407 274 4482 dt
297 4405 337 4454 siit
362 4414 387 4455 et
409 4406 482 4458 editio
506 4405 624 4456 Commet.
642 4397 674 4451 ri
762 4437 776 4486 i·
797 4439 828 4487 ne
846 4473 852 4486 ¹
872 4436 893 4488 l·
911 4444 936 4487 a
952 4435 1051 4499 sennen
1069 4428 1196 4501 διαμένει
1225 4429 1268 4486 ΜΗ
1287 4401 1326 4495 μ’.

70 4489 131 4593 ναξ
151 4485 267 4592 ἒῖυὶία
284 4465 361 4592 linge
379 4557 421 4591 uer
449 4541 538 4594 Gobter
560 4540 679 4590 etietct-
729 4505 785 4556 ‘dm
801 4453 885 4571 “5⁷⁸‘'
1084 4503 1090 4516 α

71 4577 164 4662 maddi
188 4609 213 4659 t.
230 4555 377 4672 trtffiet'iegtt⁸
387 4578 502 4662 deuotus.
538 4577 565 4658 iu
583 4609 637 4658 stite
655 4615 681 4659 et
763 4607 785 4659 tr.
804 4607 860 4669 iles.
880 4607 901 4656 t.
920 4613 944 4656 et
961 4605 1059 4669 sepner.
1078 4593 1130 4653 itt·
1150 4597 1250 4669 ἐκείνῳ.

1055 4685 1110 4739 33*
