3118 5052
474 381 585 428 eursu
599 381 633 426 tt.
650 381 916 430 corruentium.
1227 367 1298 438 339

102 541 233 609 crescunt,-
252 549 310 594 sos
332 529 477 596 iaderam
498 551 593 615 ecque
614 541 697 596 nent.
741 533 816 598 Dice
838 547 939 600 curcur
959 535 1054 608 crure,
1076 538 1147 617 prais
1166 535 1378 600 sactis-esee

100 634 182 696 irum
210 638 239 695 r’rr
270 637 351 698 curce·
380 633 482 714 euru
515 651 573 697 aua
601 645 763 716 acepertus
790 645 837 698 ert
859 639 938 700 sicut
958 655 1055 700 unum
1075 625 1115 700 ἕω
1134 641 1214 702 tatic
1259 637 1296 704 Si

99 743 180 796 uuest
197 733 313 814 imaue
333 739 410 814 apri,
432 737 512 816 qued
534 735 621 798 duride
643 743 688 800 est
709 747 740 798 et
753 755 823 798 crus
839 739 873 798 ire
888 736 1038 800 clibanum
1052 739 1294 812 interterdicti·
1411 732 1415 742 '

99 840 133 898 tir
150 839 246 908 cratin
266 855 372 900 ‚scene
400 835 497 900 multu
524 841 619 917 erupis
641 854 697 900 cca
718 837 852 900 mudr'cuc
871 835 969 920 fidei?
1011 838 1043 900 Si
1067 858 1137 919 ergo
1159 855 1220 904 neu
1242 843 1294 904 in-

99 937 197 1016 timum
217 937 274 1000 iiec
294 937 413 1000 ridetur
434 957 483 1000 res
505 938 644 1012 tantulus,
668 946 700 1000 ut
721 937 827 1018 cepitis
848 937 972 1013 crinem,
993 958 1149 1020 passerem
1170 919 1297 1022 agrique

97 1039 204 1112 iceuum,
224 1057 274 1100 sua
296 1039 453 1119 compiecti
474 1039 669 1119 previdentia,
692 1048 772 1102 certe
793 1059 850 1102 nec
870 1040 951 1120 ipsas
974 1059 1076 1104 creare
1096 1040 1293 1122 indiguumci

97 1140 149 1200 iuit
184 1141 290 1214 Quibus
313 1140 392 1202 euiui
409 1139 488 1202 Deus
509 1141 696 1221 providentia
720 1160 773 1204 sua
789 1142 929 1210 consulit.
950 1157 1053 1206 eurum
1068 1161 1123 1222 per
1136 1143 1292 1224 proprium

96 1239 201 1302 Verbum
220 1255 264 1306 est
284 1245 420 1306 effectur.
462 1243 631 1315 Praeterea,
654 1243 704 1322 qui
726 1243 800 1305 haec
820 1243 931 1306 audent
949 1243 1058 1316 dicere,
1082 1245 1247 1324 turpiorem
1261 1244 1293 1306 iu

96 1359 204 1412 eruerem
223 1345 366 1407 incidunt.
408 1344 453 1406 iiii
475 1345 553 1410 enim
575 1364 625 1407 res
647 1353 762 1408 creatus
784 1353 814 1407 et
835 1345 1016 1409 creationem
1038 1345 1182 1421 dividunt,
1204 1333 1294 1409 itaut

96 1441 159 1505 irauc
180 1445 259 1508 relint
279 1447 379 1510 i‘airis
402 1465 479 1527 opus
502 1465 586 1520 esse,
621 1446 687 1509 ilias
709 1455 807 1510 autem
830 1446 896 1510 Filii
920 1465 989 1510 csse
1011 1465 1118 1527 upera;
1146 1466 1213 1510 cum
1235 1465 1292 1510 ne-

96 1561 165 1606 cesse
190 1549 225 1610 sit
251 1549 296 1610 rei
321 1549 420 1612 omnia
443 1567 509 1612 cum
531 1548 606 1610 Fiiiu
629 1567 645 1610 a
666 1549 754 1610 Patre
776 1547 858 1622 sueri,
880 1549 925 1612 rei
947 1549 975 1610 si
997 1568 1046 1612 res
1069 1567 1174 1612 omnes
1197 1550 1290 1612 iactae

92 1663 136 1721 per
152 1647 246 1713 Viiium
266 1653 350 1726 itant,
372 1669 433 1713 uon
456 1651 612 1724 affirmare,
637 1669 704 1712 cum
727 1668 815 1712 uuam
838 1669 855 1712 e
877 1651 968 1714 rebus
990 1651 1075 1713 iactis
1098 1669 1177 1714 esse.

158 1855 204 1918 26.
244 1855 374 1934 Insuper
403 1853 461 1915 boc
488 1853 575 1915 etiam
604 1863 692 1933 pacto
720 1853 857 1934 redargui
887 1835 1134 1933 potest'iiiurum
1162 1853 1289 1916 inscitia.
1299 1867 1378 1912 eurr.

90 1949 115 2010 Si
132 1951 218 2032 ipsum
239 1975 360 2037 quoque
380 1955 511 2018 Verbum
533 1957 626 2018 iactae
649 1965 851 2030 cessaturae,
873 1956 925 2036 qui
947 1955 1010 2018 beri
1032 1964 1148 2036 petest,
1169 1963 1203 2018 ut
1224 1973 1292 2019 cum

91 2051 139 2132 ipsa
158 2057 206 2120 iiei
226 2061 374 2122 actionem
397 2057 547 2122 sustinere
568 2076 629 2120 non
652 2067 756 2138 queat,
785 2059 883 2121 suium
907 2057 1035 2122 Verbum
1058 2077 1093 2120 ex
1115 2057 1254 2136 omnibus
1276 2075 1294 2120 a

88 2158 220 2222 uun-iacta
241 2165 272 2223 et
292 2160 455 2244 purissima
476 2160 530 2222 Dei
553 2169 658 2222 natura
680 2159 744 2222 iieri
766 2161 912 2240 potuerit,
945 2160 988 2221 uti
1010 2177 1065 2220 vus
1088 2155 1293 2222 asseveratis?

88 2254 146 2318 iiam
165 2279 282 2326 necesse
306 2273 365 2336 est,
389 2263 416 2326 si
438 2263 538 2342 possit
559 2262 698 2336 Verbum,
720 2281 770 2324 res
793 2281 898 2324 omues
920 2261 1057 2324 similiter
1078 2279 1178 2342 posse,
1201 2267 1251 2322 aut
1267 2259 1294 2320 si
1372 2292 1380 2303 -

87 2357 151 2420 ruiia
171 2365 273 2440 possit,
296 2383 356 2428 nec
377 2363 505 2426 Verbum
528 2364 598 2426 item
621 2383 724 2444 posse,
747 2372 851 2443 utpute
873 2363 952 2443 quod
975 2363 1139 2425 secuudum
1159 2381 1214 2424 rus
1237 2379 1294 2424 uua
1393 2359 1398 2373 '

89 2459 121 2520 sit
138 2481 152 2524 e
169 2466 248 2530 iactis
270 2467 377 2530 rebus.
422 2465 535 2529 Rursus
559 2467 597 2538 si,
619 2467 687 2528 ideo
707 2466 785 2544 quod
802 2467 875 2527 iacta
891 2472 994 2526 nutura
1010 2481 1071 2526 uon
1086 2464 1184 2544 pessit
1198 2463 1293 2526 actiu-

87 2561 125 2623 uis
143 2565 231 2644 ipsius
253 2555 321 2632 uei'
334 2587 405 2631 esse
425 2568 586 2648 particeps,
609 2566 777 2628 intermedii
799 2566 923 2628 alicuius
946 2583 1021 2644 opus
1044 2565 1114 2638 iuit3
1136 2583 1210 2626 sane
1226 2579 1294 2626 cum
1352 2599 1358 2610 ,

87 2661 195 2730 Verbum
222 2670 335 2734 iactum
364 2669 404 2732 sit
430 2679 461 2732 et
483 2677 629 2743 creatum,
657 2676 689 2730 ut
710 2668 809 2747 pessit
832 2667 937 2740 creari,
958 2665 1148 2728 necessarius
1171 2664 1293 2749 omuino

85 2763 159 2828 iuerit
186 2769 290 2851 aliquis
327 2771 397 2834 item
424 2769 634 2844 intermedius,
668 2767 906 2848 quandoquidem
930 2767 1030 2848 ipsum
1050 2783 1168 2846 quoque
1190 2774 1237 2828 est
1258 2781 1297 2830 cx

86 2881 190 2931 numeru
223 2877 368 2938 tectarum
402 2881 594 2946 naturarum,
628 2890 703 2952 quae
730 2868 857 2932 actionis
879 2869 932 2930 Dei
959 2867 1119 2949 participes
1142 2883 1210 2928 esse
1232 2883 1296 2930 nun

83 2981 194 3047 meunt,
221 2976 275 3038 sed
306 2966 484 3038 intermedio
507 2973 641 3052 indigent
662 2971 771 3050 edique.
815 2969 952 3045 Quodsi
975 2967 1168 3030 intermedius
1189 2965 1295 3045 aiiquis
1404 2959 1407 2966 ’

84 3067 147 3131 iuter
172 3075 251 3139 ilium
285 3076 498 3139 intermedium
528 3085 557 3137 et
579 3075 672 3136 Deum
695 3072 877 3152 reperiatur,
906 3071 964 3132 uiio
987 3069 1093 3132 iterum
1116 3067 1293 3132 intermedie

82 3182 189 3250 prepter
209 3178 299 3242 istum
324 3197 401 3257 opus
424 3178 490 3250 erit,
512 3176 611 3256 itaque
633 3175 701 3255 quis
723 3173 941 3254 progrediendo
963 3181 994 3232 et
1015 3181 1113 3238 mente
1128 3169 1294 3250 indagando

83 3275 219 3340 maximam
251 3279 468 3344 continentium
500 3277 746 3344 intermedierum
778 3275 894 3338 turbem
922 3273 1070 3347 offendet,
1103 3289 1137 3356 ac
1168 3271 1298 3351 proinde

82 3373 147 3436 uruiia
172 3397 219 3442 res
247 3389 350 3446 creata
379 3379 490 3461 poterit
511 3379 638 3442 existere
661 3385 692 3441 ct
712 3377 864 3448 cunstitui,
887 3394 953 3438 cum
974 3393 1094 3454 semper
1116 3372 1297 3436 intermedie

84 3473 166 3554 dique
188 3480 336 3564 indigeat.
366 3500 502 3560 unusque
530 3480 725 3542 intermedius
747 3479 813 3542 sine
835 3478 892 3539 aiio
915 3474 1092 3539 intermedio
1114 3491 1175 3536 uon
1196 3472 1296 3553 possit

84 3573 151 3652 ieri,
179 3583 247 3645 ideo
278 3585 349 3664 quia
372 3601 477 3646 omnes
501 3585 592 3644 iactae
614 3587 843 3650 senissimae,
868 3595 943 3658 quae
966 3575 1091 3638 aetionis
1113 3575 1208 3635 soiius
1229 3573 1293 3644 Dei,

107 3731 236 3792 eseprer.
263 3737 365 3788 Gabier.
391 3744 414 3785 er
433 3735 538 3786 Veieim.
561 3735 582 3784 i.
601 3729 657 3780 teir
706 3725 812 3781 reduce.
850 3731 941 3781 ibidem
960 3729 1031 3804 “⁶2¹⁰
1051 3735 1074 3775 et
1092 3723 1293 3800 &propinetis

78 3799 184 3856 rtrrrur
201 3792 283 3852 rivae
324 3803 464 3856 debiret
490 3799 547 3850 teir
563 3813 657 3866 ymp-
708 3801 813 3850 Veiciur.
833 3798 857 3848 i.
877 3807 900 3847 et
918 3799 942 3848 5.
965 3807 1012 3873 atrae
1035 3792 1129 3870 neieprw
1148 3787 1295 3840 emersae.

79 3855 210 3917 ruminae.
249 3873 298 3922 titi
317 3880 341 3922 et
359 3862 658 3934 euiuruirnempeiruv
707 3867 752 3917 diii
771 3875 795 3916 et
812 3868 869 3916 editi
886 3876 1039 3912 suanum
1059 3857 1196 3909 durae-iat
1228 3859 1302 3936 ritem*

76 3917 141 4008 lifes.
175 3940 251 3988 i’auic
272 3949 331 4003 post
349 3941 449 4004 Segner.
468 3949 493 3988 et
510 3939 612 3986 i'eiriun.
633 3937 656 3985 4.
708 3937 764 3984 ibid.
785 3949 844 3984 mss.
862 3947 947 3984 omnes
965 3922 1086 3990 ἢπάσης.
1111 3919 1297 3982 scrutaturum

76 4000 221 4065 auruivrbv
238 3999 349 4056 ciram.
385 4009 447 4058 tutu
465 4015 489 4056 et
508 4007 549 4056 siit
567 3995 658 4052 adsue
706 4017 843 4068 perperam.
1137 4057 1149 4072 ·
1232 4058 1238 4070 ,

78 4061 258 4140 ’ἢνᾶνομίακ
744 4072 766 4120 b.
787 4067 925 4118 reiciet.
944 4075 968 4116 et
986 4067 1009 4115 5.
1026 4074 1173 4128 γεννητων·
1203 4058 1296 4108 ibidem

102 4172 115 4219 r.
132 4175 274 4238 seuerae.
301 4177 401 4227 comer.
425 4175 529 4230 serere.
552 4175 574 4224 ι,
593 4179 617 4223 e
634 4172 658 4220 e.
708 4132 758 4253 ἀξ
772 4133 1110 4264 ἒζῗὲεζιξιῖῑάλῑξξῐῗὴω·
1132 4129 1153 4177 ¹·
1172 4134 1196 4178 ⁰²
1213 4127 1237 4176 4·

76 4231 168 4298 ταύτῃ
206 4243 291 4294 Μή
311 4253 335 4295 ‘¹
352 4245 409 4294 “mi
427 4235 517 4301 αὐτῆς·
540 4241 597 4320 μοι
612 4241 658 4319 Si'
742 4273 765 4320 ir.
784 4274 884 4330 Serum.
903 4276 927 4317 et
944 4263 1084 4316 Feicirm.¹i.
1097 4223 1295 4328 incessimur.

75 4319 130 4382 Q·
150 4311 249 4390 ⁰⁰.¹.’'‘''
270 4313 377 4392 Fi'fmt
389 4311 412 4362 ¹·
430 4311 494 4390 ‘¹2⁴'
509 4321 595 4375 ΨΜ
612 4321 658 4355 “¹’'
743 4339 758 4388 i.
778 4337 879 4398 Segurr.
897 4335 995 4386 Gcbier.
1013 4333 1119 4382 Feirirm.
1132 4332 1151 4380 i.
1163 4320 1297 4382 Μυάν-

76 4383 118 4425 '⁰‘'
150 4381 194 4429 ⁸¹¹¹
214 4391 239 4430 ⁰²
258 4383 319 4431 ‘⁶¹¹'
335 4392 422 4446 paroc
437 4391 526 4430 “Mi
709 4419 758 4459 zac
775 4392 853 4454 eirea.
887 4385 1219 4454 uerrereuurnemdvae.
1247 4396 1299 4446 rur-

103 4489 122 4536 sv
139 4479 241 4542 Sepuer.
261 4463 363 4532 Gubier.
382 4489 404 4530 et
424 4479 531 4532 Feicim.
548 4479 569 4528 i.
586 4471 658 4544 pive-
708 4475 763 4524 dem
782 4474 874 4535 Seguer
901 4472 958 4548 itep.
976 4469 1073 4520 Gcbier.
1092 4467 1197 4546 detetur.
1210 4465 1231 4514 i
1240 4470 1263 4510 et
1272 4461 1298 4514 t

75 4541 137 4594 ruer.
180 4550 263 4600 ceteri
294 4558 318 4600 et
343 4549 400 4598 editi
418 4542 562 4618 yeptudce
607 4545 659 4594 iter
708 4539 757 4600 nir
772 4537 887 4618 persepe
904 4549 1019 4616 puseus.
1033 4539 1125 4594 ,Catari
1143 4542 1167 4585 ct
1181 4524 1303 4615 ,edriirrrf

75 4609 201 4668 criterium.
225 4603 662 4680 arseium.1.riniysrriest
708 4620 824 4674 reseres
840 4621 889 4667 της
907 4616 1096 4738 φυσεως.2111
1136 4649 1139 4658 ,
1251 4645 1255 4652 ,
1287 4636 1291 4646 .
