3072 5056
246 325 289 394 θη
647 339 673 384 ι.
689 339 843 384 ιτειιωειι
857 337 1080 384 mammem

159 507 236 553 m
233 495 427 616 νηφαντίαν
450 483 536 555 εἶναι
556 487 677 574 ταύτην
699 483 767 554 κατ’
791 480 902 554 αὑτοῦ.
945 485 1028 574 μήτε
1054 485 1116 572 γὰρ
1143 483 1282 572 ποιητὸν
1304 483 1439 571 είρηκίναι

245 591 303 658 τόν
326 589 406 669 υἱόν,
431 584 592 656 ἀλλὰκαὶ
614 583 792 672 όμοούσιον
808 583 907 654 αύτδν
923 583 1096 673 ὁμολογεῖν
1111 583 1405 690 διεβεβαιώσατο.
1391 609 1442 666 εχει

246 695 282 762 66
304 687 405 758 αὑτοῦ
427 716 447 813 η
436 685 610 810 ‘6669‘
578 686 698 768 ούτως
719 714 776 754 και
767 683 844 754 δι’
870 688 971 776 ἄλλης
992 671 1176 775 ἐπιστολῆς
1193 688 1334 774 ἔγραψα,
1356 685 1386 752 ἐν
1404 662 1515 762 οἷς
1514 717 1515 770 η

245 792 364 883 ἤλεγξα
391 791 447 858 καὶ
475 789 493 856 6
524 797 749 878 προφέρουσιν
756 761 914 876 λγνιλημα
934 785 1003 856 κατ’
1028 789 1108 875 ἐμοῦ
1130 785 1296 874 ψεῦδσς”
1277 813 1329 867 ον,
1357 783 1396 864 ώς
1413 779 1442 852 ού

247 898 399 981 λέγοντος
425 890 482 958 τόν
503 891 651 978 Χριστὸν
681 887 859 975 όμοούαιον
888 887 973 959 εἶναι
1000 893 1047 978 τῷ
1074 894 1156 978 θεῷ.
1202 889 1232 958 εί
1259 889 1318 976 γὰρ
1344 884 1444 954 καὶτὸ

162 1015 239 1061 ενοι.
251 992 356 1078 όνομα
375 992 475 1060 τοῦτό
498 1017 584 1080 φημι
604 991 649 1078 μὴ
673 987 842 1078 εὑρηκέναι
861 1015 929 1059 που
951 996 1018 1061 τών
1041 987 1143 1076 ἀγίων
1164 993 1309 1078 γραφῶν,
1331 985 1443 1070 ἀλλύγε

246 1123 289 1164 τα
275 1093 541 1182 δπιχειρὴματά
561 1117 626 1179 μου
647 1092 690 1159 τά
711 1091 838 1180 6669,u
818 1119 840 1160 α
854 1093 1092 1180 σεσιωπήκοσι,
1115 1095 1173 1177 τῆς
1188 1093 1334 1170 διανοίας
1347 1085 1445 1210 ταύτης
1512 1108 1516 1185 3

247 1194 305 1266 οὑκ
327 1193 459 1284 ἀπᾴδει.
504 1194 560 1261 καί
580 1193 641 1280 γάρ
665 1189 882 1315 ἀνθρωπίνην
903 1194 1000 1282 γονὴν
1022 1199 1217 1279 παρεθέμην
1240 1186 1373 1281 δῆλον”
1350 1179 1446 1270 ωςού-
1512 1185 1516 1263 ἒ

247 1323 308 1368 σαν
332 1296 486 1420 όιιογενῆ,
511 1294 621 1384 φήσας
643 1295 777 1374 πάντως
798 1293 876 1378 τούς
896 1306 1004 1381 γονεῖς
1023 1293 1125 1378 μόνον
1148 1293 1278 1379 ἑτέρους
1300 1288 1432 1361 εἶναι’
1395 1315 1446 1357 των
1514 1364 1515 1383 η

246 1394 412 1478 τέκνιον,“
401 1395 454 1464 ότι
474 1395 519 1483 μὴ
542 1391 637 1462 αύτσὶ
660 1391 780 1463 εἶεν
745 1421 787 1462 τα
807 1391 956 1472 mm*
935 1423 955 1484 η
976 1396 1058 1482 μήτε
1078 1406 1186 1482 γονεῖς
1208 1390 1378 1481 ἀναγκαῖον
1397 1387 1447 1458 ύπ-
1514 1386 1515 1431 6

248 1501 346 1587 σ’ρχον
375 1493 460 1566 εῖναι
486 1497 569 1583 μήτε
596 1502 700 1564 τέκνα.
744 1495 801 1563 καὶ
827 1495 886 1584 τὴν
912 1499 972 1581 μὲν
1002 1495 1195 1584 ἐπιστολήν,
1226 1492 1272 1575 ώς
1293 1505 1445 1580 προεῖπον,

248 1600 306 1669 διά
326 1599 385 1678 τὰς
407 1597 621 1684 περιστάσεις
643 1593 701 1664 ούκ
720 1597 782 1681 ἔχω
804 1605 1026 1684 προκομίσαι·
1048 1595 1129 1666 ἐἶδ’
1155 1587 1222 1678 οὑν,
1246 1594 1329 1666 αύτά
1349 1619 1398 1664 σοι
1415 1590 1447 1658 τύ

246 1702 323 1770 τότε
351 1700 494 1788 ῥήματα,
522 1700 648 1785 μᾶλλον
677 1699 714 1766 δέ
740 1697 797 1766 καὶ
818 1698 952 1786 Ι’πάσης
973 1694 1014 1766 ἀν
1036 1699 1174 1784 ἔπεμψα
1195 1699 1235 1766 τὸ
1259 1694 1446 1784 ἀντίγραφον,

247 1801 331 1889 ὅπερ
354 1799 394 1870 ἀν
416 1796 600 1890 εύπορήσω,
624 1800 765 1887 ποιήσω.
797 1794 874 1867 οἶδα
894 1801 931 1868 66
952 1799 1008 1868 καὶ
1027 1807 1195 1888 μέμνημαι
1215 1803 1355 1868 πλείονα
1367 1819 1450 1882 τερος-
1511 1813 1515 1888 .]

246 1905 324 1984 θεὶς
358 1906 425 1970 τῶν
454 1906 615 1988 συγγενῶν
644 1897 857 1985 ὁμοιώματα·
891 1905 945 1970 καὶ
973 1903 1034 1988 γὰρ
1061 1901 1117 1968 καὶ
1145 1901 1249 1988 φατόν
1280 1897 1371 1968 εἶπον
1396 1891 1450 1963 ἀπὸ
1519 1941 1520 1976 f

248 2012 438 2090 σπέρματος
459 1997 480 2088 ἢ
503 1998 572 2068 ἀπὸ
594 1999 683 2089 ῥίζης
705 1997 848 2070 ἀνελθὸν
871 2003 981 2089 ἕτερον
1003 1999 1090 2070 εἶναι
1109 2007 1168 2070 τοῦ
1184 1998 1267 2070 ὅθεν
1283 2001 1449 2088 ἐβλάστησε

249 2105 305 2174 καὶ
325 2104 461 2182 πάντως
484 2103 595 2189 ἐκείνῳ
616 2109 818 2192 καθέστηκεν
841 2099 1003 2191 όμοφοές·
1031 2104 1088 2170 καὶ
1109 2101 1261 2188 ποταμόν
1285 2099 1376 2170 εἶπον
1396 2093 1450 2165 ἀπὸ

249 2210 356 2294 πηγῆς
388 2206 506 2292 ῥέοντα
538 2204 649 2291 ἕτερον
682 2201 788 2288 ὄνομα
819 2207 1068 2293 μετειληφέναι·
1100 2205 1182 2294 μήτε
1203 2203 1264 2290 γάρ
1287 2203 1344 2290 τὴν
1364 2195 1451 2286 πηγὴν

249 2305 402 2390 ποταμὸν
423 2303 506 2391 μήτε
526 2304 585 2372 τόν
606 2305 759 2390 ποταμόν
782 2305 889 2394 πηγὴν
911 2308 1069 2392 λέγεσθαι
1090 2313 1143 2372 καί
1168 2301 1341 2393 ἀμφότερα
1363 2299 1453 2384 ὑπάρ-

246 2435 325 2492 χειν,
348 2405 404 2474 καὶ
424 2404 483 2473 τόν
503 2402 658 2490 ποταμὸν
682 2401 826 2473 εἶναιτὸ
849 2405 882 2473 ἐκ
904 2411 962 2495 τῆς
983 2411 1090 2494 πηγῆς
1110 2404 1210 2493 ῦδιερ.
1518 2451 1519 2468 ,

333 2514 384 2576 26.
421 2503 497 2574 Ὅτι
519 2507 555 2574 δὲ
577 2500 616 2574 ού
639 2513 770 2595 ποίημα
791 2501 867 2574 0666
888 2515 1010 2593 κτίσμα
1032 2503 1050 2574 6
1072 2512 1130 2574 τοῦ
1153 2510 1236 2575 θεοῦ
1259 2507 1363 2593 λόγος,
1385 2497 1453 2570 ἀλλὰ
1519 2541 1520 2562 1

249 2612 336 2680 ῦδιον
358 2612 433 2698 οτῆς
454 2611 514 2674 τοῦ
535 2607 664 2696 πατρὸς
685 2603 801 2688 σύσίας
822 2615 963 2697 γέννημα
984 2605 1172 2694 ἀδιαίρετόν
1195 2608 1295 2689 ἐστιν,
1319 2604 1362 2686 ώς
1377 2605 1454 2720 λ’γρῖξ·

247 2725 313 2800 ψεν
334 2737 353 2802 η
343 2707 498 2799 ’μεγάλη
522 2709 674 2789 σύνοδος,
707 2709 779 2777 ἰδοὺ
805 2710 862 2777 καὶ
884 2706 902 2776 6
924 2713 983 2797 τῆς
1002 2707 1124 2797 Ῥώμης
1145 2709 1331 2788 ἐπίσκοπος
1349 2699 1454 2774 Διονύ
1520 2745 1521 2784 η

248 2838 331 2894 σισς,
353 2813 490 2901 γράφων
511 2811 596 2878 κατά
616 2815 682 2878 τῶν
697 2811 739 2879 τὰ
760 2813 839 2878 ΙΙτοῦ
853 2813 1034 2898 Σαβελλίου
1050 2809 1269 2899 φρονούντων,
1294 2803 1434 2894 σχετλιάζ
1433 2827 1456 2868 ει
1520 2841 1521 2914 η

247 2913 332 2980 κατὰ
357 2917 423 2978 τῶν
450 2917 555 2978 ταῦτα
583 2910 780 2996 τολμώντων
802 2913 907 2996 λέγειν
928 2920 984 2979 καί
1006 2937 1107 3033 φησιν
1130 2907 1266 2990 οῦτως
1263 2899 1443 2998 ἑξῦςδ
1425 2929 1457 2971 αν
1520 2899 1521 2988 λ

249 3013 384 3089 είκότως
405 3013 534 3096 λέγοιμι
548 3014 601 3078 καὶ
618 3011 703 3096 πρὸς
724 3012 952 3097 ’διαιροῦντας
966 3038 1021 3078 και
1013 3013 1297 3098 κατατέμνοντας
1311 3011 1366 3078 καὶ
1379 3004 1458 3076 ἀναι-

249 3117 388 3198 ροῦντας
408 3111 449 3177 τό
471 3109 672 3196 σεμνότατον
694 3112 840 3199 κήρυγμα
862 3115 920 3199 τῆς
942 3112 1111 3201 ἐκκλησίας
1132 3118 1190 3181 τοῦ
1211 3116 1306 3193 θεοῦ,
1330 3111 1387 3199 τὴν
1409 3129 1459 3192 μο-

249 3217 393 3296 ναρχίαν,
417 3213 465 3290 είς
485 3223 574 3297 τρεῖς
596 3211 751 3296 δυνάμεις
771 3212 864 3290 τινὰς
876 3211 933 3279 καὶ
945 3221 1186 3299 μεμερισμένας
1200 3211 1402 3291 ὑποστάσεις
1415 3205 1459 3274 καὶ

248 3312 414 3432 θεότητας
442 3323 547 3434 τρεῖς·
575 3318 752 3397 πέπυσμαι
778 3313 840 3436 γάρ
864 3309 950 3380 εἶναί
970 3339 1063 3394 τινας
1083 3319 1150 3383 τιῦν
1173 3310 1250 3437 παρ’
1274 3311 1355 3399 ὑμῖν
1375 3335 1460 3395 κατη-

246 3412 392 3496 χούντων
419 3412 475 3480 καί
503 3413 725 3480 διδασκόντων
752 3413 810 3482 τόν
837 3419 934 3483 θεῖον
962 3415 1059 3502 λόγον
1087 3417 1206 3504 ταύτης
1227 3412 1395 3504 ὑφηγητάς
1413 3414 1461 3494 τῆς

249 3533 458 3602 φρονησεως·
488 3517 522 3580 οἳ
549 3513 632 3580 κατὰ
660 3515 849 3601 διάμετρον,
880 3511 926 3596 ιὺς
954 3517 1036 3596 ἔπος
1057 3518 1181 3598 εἰπεῖν,
1212 3513 1410 3585 άντίκεινται
1428 3511 1461 3594 τῇ

249 3615 430 3700 Σαβελλίοο
452 3613 572 3702 γνώμη.
619 3611 637 3679 ό
658 3617 800 3703 μὲνγὰρ
822 3613 1069 3705 βλαςφημεῖ’
1031 3617 1130 3684 αυτόν
1152 3618 1209 3684 τὸν
1231 3617 1303 3684 νίὸν
1321 3615 1405 3688 εἶναι
1418 3615 1500 3678 λί-

248 3741 315 3804 γων
336 3713 394 3780 τὸν
417 3721 546 3800 πατέρα
566 3717 621 3781 καὶ
645 3717 803 3799 ἔμπαλιν,
827 3718 858 3784 οἱ
882 3719 917 3785 66
939 3730 1028 3805 τρεῖς
1050 3718 1152 3798 θεοὺς
1171 3717 1298 3805 τρόπον
1320 3717 1396 3786 τινὰ
1414 3737 1463 3800 κη·

248 3817 438 3904 ρύττουσιν,
469 3815 516 3894 εἷς
537 3827 626 3901 τρεῖς
648 3814 849 3898 ὑποστάσεις
871 3821 963 3898 ξένας
985 3815 1133 3906 ἀλλήλων
1155 3819 1355 3887 παντάπασι
1375 3839 1464 3899 κεχω-

248 3923 405 4003 ρισμένας
427 3917 630 4001 διαιροῦντες
651 3919 710 4006 τὴν
731 3915 826 4004 ἁγίαν
847 3919 986 4004 μονάδα.
1031 3917 1186 4008 ἡνῶσθαι
1205 3921 1267 4006 γὰρ
1289 3917 1408 4006 ἀνάγκη
1423 3915 1463 3999 τῷ

247 4021 321 4105 θεῷ
354 4021 421 4084 τιῦν
456 4013 541 4084 όλων
570 4017 627 4083 τόν
655 4025 752 4086 θεῖον
780 4019 893 4105 λόγον·
928 4019 1167 4105 ίμφιλοχωρεῖν
1197 4023 1233 4088 66
1254 4025 1301 4108 τηῦ
1322 4024 1395 4106 θεῷ
1416 4015 1464 4083 καί

249 4117 485 4186 ἐνδιαιτᾶσθαι
507 4119 558 4185 δεῖ
580 4117 618 4182 τὸ
641 4115 734 4204 ἅγιον
757 4125 902 4204 πνεῦμα·
925 4117 986 4205 ἤδη
1009 4123 1062 4186 καί
1083 4120 1141 4208 τὴν
1162 4127 1263 4188 θείαν
1284 4121 1404 4207 τριάδα
1424 4115 1465 4193 εἷς

249 4217 315 4297 ἕνα,
339 4215 450 4305 ὥςπερ
473 4219 520 4298 είς
541 4219 686 4308 κορυφήν
708 4245 797 4300 τινα,
826 4222 883 4286 τὸν
905 4218 988 4287 θεὸν
1009 4224 1076 4287 τών
1099 4219 1185 4288 ὅλων
1207 4221 1264 4288 τὸν
1286 4217 1464 4306 παντοκρά-

282 4455 1466 4541 εεύδόἀν,εοηρ1ειίγον,ιούπνν·ῖωιῖκιίδιτιιοτοιαιοιωεδιιιιιειειοιιτρτι·

248 4538 356 4590 redditur
373 4555 506 4605 ριιιοειιο
518 4545 631 4607 alioquin,
652 4553 710 4609 ειη
950 4557 1076 4610 οειρετιιιι
1095 4547 1159 4596 hunc
1177 4545 1256 4596 ίοεοω
1274 4553 1403 4596 verterunt.
