3122 5060
474 363 581 408 enarro
597 363 640 406 ιιι.
656 363 771 408 corana
783 363 920 410 ouranos.
1246 349 1305 412 521

93 517 185 581 ludaei
207 515 277 578 olim
299 513 521 595 obstrepebant,
544 531 611 576 oum
625 513 699 576 baeu
712 513 856 590 riderent,
878 531 953 594 quae
967 533 1046 578 nuuc
1060 516 1160 580 Atiam
1175 517 1307 597 legentes
1317 539 1394 583 ren.

93 622 191 682 nolunt
211 618 347 690 eredere,
378 616 432 678 sed
460 608 496 677 ad
524 615 721 695 blasphemias
745 615 856 696 delapsi
880 625 959 678 stant.
1003 616 1035 678 Si
1057 618 1122 698 quis
1144 620 1235 700 igitur
1255 620 1308 682 lu-

93 724 227 784 daeorum
249 727 279 782 et
299 719 474 782 Arianorum
497 695 585 792 tfba
607 717 686 780 inter
708 736 742 778 se
764 719 834 780 velit
855 719 1008 794 conferre,
1032 719 1058 780 is
1081 720 1164 782 laeile
1186 723 1307 802 perspi-

92 825 152 895 ciet,
175 822 242 884 illos
264 820 293 883 in
316 820 440 882 madum
462 819 585 882 omnino
607 817 808 882 infidelitatem
829 819 996 895 incurrere,
1020 817 1181 901 paramriue
1204 841 1310 886 eorum

93 926 265 1005 impietatem
287 930 318 984 et
339 921 488 984 audatiam
511 939 546 984 ae
566 939 753 982 communem
781 921 839 983 illis
868 929 969 984 eontra
997 939 1055 984 uos
1077 942 1147 984 esse
1168 943 1308 1005 pugnam.

92 1029 159 1088 Nam
180 1025 263 1088 ludai
284 1023 403 1104 quidem
423 1022 555 1107 aiebant:
593 1021 674 1097 „Qui
703 1023 767 1085 lieri
793 1024 1033 1103 potestatibe,
1064 1025 1115 1105 qui
1137 1025 1227 1088 bomo
1250 1035 1308 1101 est,

93 1127 193 1202 „Deus
214 1125 299 1188 sit?“
321 1125 422 1188 Ariani
442 1143 528 1188 vero:
551 1123 607 1200 „Si
627 1125 707 1188 Deus
731 1143 818 1186 verus
840 1133 888 1187 est
908 1145 945 1188 ax
965 1126 1038 1200 Deo,
1061 1145 1120 1207 quo
1142 1139 1227 1207 paeto
1249 1147 1308 1209 po-

93 1231 172 1303 „tuit
193 1227 256 1291 lieri
277 1225 420 1290 bomo?“
441 1226 543 1290 ludaei
564 1235 716 1308 praeterea
731 1227 901 1290 scandalum
915 1228 1103 1308 patiebantur
1117 1229 1308 1294 huiusmodi-

93 1351 146 1410 que
167 1329 375 1394 minabantur
395 1328 510 1392 verbis:
543 1327 603 1402 „Si
623 1327 716 1391 Filius
738 1328 792 1390 llei
814 1330 986 1402 ametiste,
1008 1325 1125 1394 eru'eem
1147 1350 1208 1393 non
1231 1332 1308 1396 tole-

81 1437 243 1504 =„rasset.“
293 1430 337 1492 Er
367 1431 489 1494 adversa
520 1438 618 1492 autem
653 1439 738 1510 parte
769 1431 870 1492 briam
905 1431 978 1493 baec
1012 1450 1069 1495 nos
1106 1435 1308 1515 interrogant:

93 1535 214 1607 „Quam
242 1551 414 1596 asseverare
445 1533 578 1606 audetis,
611 1532 692 1594 ibam
724 1533 878 1613 proprium
905 1543 1026 1599 naturae
1054 1533 1152 1599 Patris
1182 1539 1309 1604 Verbum

90 1655 199 1720 „es-se,
221 1637 273 1716 qui
295 1653 422 1717 eorpus,
445 1635 524 1716 quod
547 1635 607 1715 pati
629 1635 743 1714 possit,
766 1634 900 1696 babet?“
933 1636 1034 1699 ludaei
1055 1638 1128 1702 item
1148 1639 1309 1704 Dominum

89 1739 251 1801 necandum
271 1737 461 1818 quaerebant,
483 1736 563 1817 quod
584 1733 678 1798 Deum
700 1755 788 1798 suurn
811 1755 879 1798 ease
898 1744 1013 1816 patrem
1036 1740 1148 1803 diceret
1169 1744 1254 1822 eique
1275 1763 1310 1806 se

88 1861 187 1920 parem
215 1841 342 1914 laceret,
372 1857 439 1902 eum
462 1857 496 1900 ae
518 1857 552 1899 ea
574 1857 676 1917 agere,
705 1857 779 1917 quae
801 1839 849 1902 ille
876 1839 951 1920 agit,
985 1850 1154 1906 testaretur.
1198 1844 1310 1908 Eadem
1389 1863 1394 1872 ·

89 1961 206 2023 quoque
226 1951 274 2004 est
293 1942 470 2004 arianorum
492 1940 642 2012 doctriua,
672 1939 753 2000 illum
776 1959 883 2019 nempe
904 1959 1001 2021 neque
1021 1961 1123 2023 parem
1146 1963 1213 2008 esse
1235 1947 1310 2022 Deo,

89 2064 180 2124 neque
204 2043 298 2108 Deum
326 2043 479 2125 proprium
501 2060 536 2104 ae
557 2041 720 2104 naturalem
741 2041 830 2104 Verbi
857 2052 972 2122 patrem
1002 2063 1088 2118 esser
1120 2049 1192 2126 prun
1220 2049 1310 2110 etiam

88 2147 167 2223 illos,
199 2147 248 2227 qui
275 2146 316 2210 ita
343 2145 491 2219 renuunt,
523 2144 560 2208 ad
581 2163 685 2206 necem
707 2144 892 2224 perquirunt
938 2147 1113 2234 insuperis
1136 2157 1200 2212 erat
1222 2150 1310 2214 etiam

86 2249 261 2312 ludaeorum
285 2265 401 2310 sermo:
429 2247 536 2310 Nonae
554 2247 605 2338 Ιιιιι
626 2257 673 2309 ιιι
695 2247 791 2310 Filius
813 2247 930 2330 losepb,
954 2251 1040 2310 auitas
1062 2269 1118 2312 moa
1137 2261 1259 2332 patrem
1281 2263 1331 2318 οι·

86 2365 213 2416 matrem
233 2348 398 2414 nouimus?
434 2349 588 2423 Quomodo
610 2352 706 2429 ipitur
729 2351 814 2419 dicit,
834 2355 1016 2431 priusquam
1037 2352 1189 2415 Abrabam
1209 2355 1309 2436 fieret.

86 2473 136 2533 epo
157 2471 238 2529 mm,
261 2461 292 2514 et
314 2453 349 2514 de
372 2449 453 2514 coelo
475 2448 639 2514 durandi?
660 2449 776 2511 ludaeis
799 2452 989 2514 consentiunt
1010 2454 1121 2528 Ariani,
1143 2464 1230 2534 atque
1253 2456 1309 2517 ista
1339 2435 1345 2450 ⁸

87 2555 197 2634 pariter
220 2554 390 2616 decantant:
414 2553 495 2627 „Qut
518 2551 584 2613 fieri
606 2560 716 2631 potest,
740 2559 774 2613 ut
795 2551 842 2612 ille
867 2553 907 2614 sit
928 2553 1056 2616 Verbum
1078 2555 1124 2615 vel
1146 2553 1236 2628 Deus,
1258 2557 1310 2636 qui

72 2658 226 2729 .‚‚dormit
245 2663 279 2717 ut
299 2653 406 2729 bomo,
439 2653 490 2734 qui
516 2655 568 2714 sset
590 2661 619 2715 et
639 2651 852 2731 interrogarer
886 2653 1005 2716 Scilicet
1026 2653 1143 2734 utrique
1164 2655 1308 2717 humanas

85 2769 210 2838 propter
237 2755 422 2829 abraames,
457 2753 565 2834 quibus
597 2771 654 2834 pro
676 2754 791 2827 ermis,
824 2771 910 2833 quam
938 2754 1050 2826 induit,
1082 2755 1253 2816 conditione
1275 2776 1396 2824 senne.

86 2860 215 2922 subiecit
236 2857 380 2931 Salvator,
403 2856 492 2918 Verbi
514 2855 725 2936 proprietatem
749 2864 779 2916 et
799 2855 981 2918 divinitatem
1004 2855 1149 2918 reiieiunt.

168 2961 224 3028 28.
268 2959 341 3022 Cum
370 2959 459 3038 igitur
487 2957 577 3022 stulta
605 2957 749 3028 eiusmodi
777 2956 909 3018 doctrina
939 2963 1000 3018 tota
1023 2958 1064 3018 sit
1083 2957 1199 3020 ludalra
1222 2967 1311 3042 atque

84 3083 118 3122 ex
140 3062 298 3144 proditore
318 3061 390 3123 luda
413 3068 524 3133 exorta,
548 3059 593 3124 rel
615 3077 686 3139 ergo
708 3059 804 3138 polam
827 3059 866 3120 illi
889 3061 1051 3134 fateantur,
1074 3079 1107 3122 se
1131 3061 1258 3142 Calpbae
1281 3071 1312 3126 et

82 3155 502 3262 Herodffliseipulosease,
525 3179 581 3224 nee
601 3161 780 3226 Iudaismum
804 3161 1023 3224 Christianismi
1044 3162 1129 3226 titulo
1153 3164 1310 3240 occultent,

84 3266 140 3327 sed
163 3283 342 3346 corporeum
358 3265 519 3326 salvatoris
542 3263 697 3326 adrentum
718 3265 851 3343 penitus,
876 3273 1013 3344 utsupra
1029 3265 1167 3337 diximus,
1191 3275 1309 3346 negent,

81 3388 116 3430 ea
139 3369 222 3431 enim
245 3377 292 3430 est
312 3365 433 3448 propria
454 3366 573 3428 illorum
594 3366 728 3428 haeresis
751 3367 914 3442 sententia,
943 3366 989 3428 val
1018 3367 1062 3441 si,
1091 3376 1152 3430 tum
1175 3377 1208 3430 ut
1228 3369 1311 3432 Con-

84 3472 196 3533 stantio
221 3489 284 3532 non
305 3469 491 3549 displiceant,
515 3481 577 3530 tum
600 3469 718 3532 illorum
740 3469 847 3548 gratia,
870 3487 946 3549 quos
969 3469 1158 3550 deceperunt,
1182 3469 1310 3532 ludaeo-

83 3592 147 3635 rum
169 3555 252 3636 ritus
274 3572 368 3653 palam
397 3571 531 3652 amplecti
562 3581 594 3634 et
619 3571 787 3635 eircumcidi
820 3589 881 3634 non
913 3571 1038 3644 audent,
1070 3569 1208 3634 desinant
1239 3578 1309 3650 ergo

81 3729 182 3783 Serum.
201 3721 250 3775 atui
267 3719 329 3777 toris
345 3723 441 3774 ταῦτα.
479 3725 558 3776 Ceteri
575 3735 599 3774 οι
616 3725 674 3774 editi
724 3719 774 3783 τὴν
792 3717 915 3783 ἰδιότητα
932 3715 1121 3782 melredante.
1148 3724 1193 3772 tlii
1212 3731 1236 3771 et
1253 3722 1311 3774 editi

79 3791 124 3843 aot
140 3790 211 3850 τοὺς
229 3787 263 3842 τὰ
280 3791 402 3844 οοιαῦοα.
725 3787 775 3851 τὴν
791 3785 935 3850 ἆῖδιότητα
951 3786 997 3839 καὶ
1013 3785 1142 3854 dederam.

112 3880 134 3926 g.
154 3867 198 3914 Sic
218 3865 274 3926 lleg.
291 3864 312 3912 ι.
331 3863 431 3922 Seguer.
449 3861 548 3912 Gobler.
567 3859 672 3908 Felelru.
758 3861 780 3910 b.
800 3862 854 3920 ltep.
873 3859 903 3908 2·
915 3868 938 3909 et
955 3860 1108 3909 Velrlmanni
1124 3858 1147 3908 2.
1168 3872 1220 3907 oum
1241 3857 1317 3916 editis¹

82 3933 101 3980 ι.
128 3930 249 3983 ltllasil.
266 3931 357 3992 anglic.
376 3929 479 3978 Velelrm.
499 3928 522 3976 b.
541 3935 565 3977 et
582 3927 673 3988 Repl.
720 3919 913 3985 ’lovdaiitrirlx
930 3926 987 3976 τοῦ.
1023 3928 1102 3977 Ceteri
1126 3917 1312 3975 mss'ltotlu't'·

79 3995 155 4048 ἐστιν
179 3991 288 4057 Ἰησοῦς
313 3991 327 4044 ri
355 3989 413 4050 οἰὸς
435 3987 546 4060 Ἰωσήφ.
582 3996 626 4045 tlii
650 4003 674 4044 et
723 3995 771 4055 mis
789 3993 835 4053 τῆς
852 3987 880 4043 ἐκ
897 3993 954 4043 τοῦ.
992 3996 1119 4055 tardatos.
1142 3995 1161 4042 ι.
1182 3993 1311 4054 etSegusr.

78 4070 134 4116 editi
160 4060 243 4116 ἐστιν
265 4058 280 4112 d
303 4057 362 4117 υἱὸς
375 4056 487 4127 Ἰωσήφ.
526 4062 599 4112 Panlo
618 4068 674 4126 post
724 4058 851 4122 τοιαύτης
866 4055 1019 4129 παρανοίας
1036 4063 1076 4111 nbi
1096 4061 1164 4112 Gobl.
1176 4061 1311 4110 etVelekm.
1348 4099 1349 4108 .

77 4136 133 4198 Reg.
156 4137 181 4186 1.
203 4143 229 4184 et
246 4135 317 4196 Sego.
340 4131 399 4185 noir
415 4131 465 4181 νῦν
480 4126 559 4196 λέγει.
595 4131 673 4180 Ceteri
726 4133 748 4182 1.
767 4127 920 4196 παροινίας,
940 4133 980 4180 alii
993 4141 1018 4180 et
1029 4130 1084 4178 editi
1102 4129 1283 4194 παρανομίας.

77 4203 179 4253 crediti
199 4187 328 4254 nocato
343 4197 420 4264 λέγει.
759 4200 775 4248 Ι.
800 4202 840 4248 sie
864 4200 919 4260 tter.
946 4199 968 4249 ι.
994 4206 1017 4248 et
1041 4198 1140 4258 Segoer.
1176 4197 1204 4258 ιιι
1229 4197 1268 4246 alii
1288 4204 1312 4247 et

110 4273 134 4320 b.
155 4265 207 4319 arai
228 4261 306 4317 αιἀοι
322 4269 390 4319 abest
408 4268 505 4318 allusit.
542 4267 602 4316 ibid.
617 4267 672 4326 ner.
725 4267 782 4318 editi
800 4261 923 4332 καθάπερ
948 4260 994 4314 καὶ
1016 4258 1175 4330 ἔμπροσθεν
1191 4257 1310 4329 εἴπομεν.

79 4339 99 4388 ι.
117 4341 230 4404 Seguer.
248 4339 346 4388 Goblar.
364 4347 388 4386 et
405 4337 509 4386 l'elclrm.
522 4335 544 4384 l.
562 4327 674 4384 ἒπαοιού-
760 4349 791 4384 ιιι.
810 4336 947 4386 Goblerian.
966 4342 990 4383 et
1008 4334 1113 4382 Velelrm.
1134 4334 1156 4383 l.
1175 4323 1308 4396 ἀσέβειαν,

77 4420 167 4454 ouum.
211 4405 257 4454 atti
276 4413 299 4455 et
316 4405 372 4455 editi
390 4398 629 4454 ἐπακολουθοῦσιν.
725 4404 795 4453 male.
831 4403 890 4452 lbid.
914 4405 938 4452 in
961 4403 1068 4462 margine
1086 4401 1192 4452 Valelrm.
1210 4400 1233 4451 2.
1252 4403 1312 4451 baee

100 4477 125 4536 i.
152 4475 199 4526 Sia
226 4473 281 4535 neg.
301 4473 323 4523 1.
347 4481 371 4523 et
393 4475 533 4534 Segnerlan.
568 4471 595 4520 ln
619 4471 673 4521 aliia
724 4471 827 4521 habetur
851 4479 922 4520 nota:
952 4462 1046 4518 σκόπει
1069 4467 1127 4522 noir
1152 4459 1239 4522 dator
1262 4467 1312 4517 rori

76 4553 158 4593 autem
186 4547 215 4592 et
239 4542 307 4590 editis
331 4541 398 4590 deest
420 4533 484 4606 γάρ.
520 4539 594 4588 Paulo
618 4548 674 4604 post
725 4533 921 4594 Kurmmm‘ou
938 4534 1075 4603 μέμνηται
1092 4530 1107 4586 ὁ
1125 4533 1223 4603 πατήρ.
1259 4539 1313 4587 Vide

77 4611 133 4674 [teg.
155 4611 181 4661 l.
210 4608 350 4672 Seramisa.
368 4610 467 4661 Gobler.
485 4615 508 4660 et
525 4608 630 4659 Felrlam.
651 4609 673 4661 1.
726 4624 793 4672 qaam
811 4623 889 4657 secure
908 4607 1035 4658 Constantii
1051 4610 1153 4658 meminit
1170 4608 1243 4658 Pater.
