3098 5040
479 325 596 370 conans
609 325 828 372 tronmuamon
844 327 930 374 emsa
945 329 965 372 1.
1262 319 1324 384 887

95 496 152 540 vos
176 485 287 540 temere
308 475 439 549 tenues,
462 475 602 538 homines
624 495 696 540 sane
718 477 885 556 arrogantia
905 477 1085 558 plenissimi.
1128 481 1230 564 Neque
1246 485 1411 550 enimneee.

95 581 246 660 Propheta
268 595 366 657 neque
380 576 542 656 Apostolus
564 596 661 656 neque
677 566 938 657 ‘Evangettsurum
960 580 1177 662 quispiamille
1191 587 1324 664 protulit,

95 699 174 760 quae
202 697 255 740 vos
284 678 449 758 impudenti
477 677 564 758 plane
591 677 691 740 animo
719 678 801 760 loqui
829 679 953 742 audetis.
998 680 1030 743 Si
1063 682 1142 747 enim
1175 685 1248 750 alter
1279 697 1327 751 est

97 781 235 844 Christus
263 779 293 844 a'
309 779 429 842 caelesti
458 787 558 842 ruente
581 779 613 842 iu
636 799 672 842 eo
694 780 762 854 sita,
785 781 978 862 perfectaque
1001 792 1049 844 est
1069 803 1155 848 mens
1176 787 1242 864 illa,
1264 789 1325 852 duo

95 901 169 962 ergo
197 881 361 946 seumduru
390 899 445 942 ros
467 889 570 953 erunt,
599 889 629 944 et
651 881 749 944 sicin
771 901 835 944 eam
857 883 989 946 reciditis
1012 887 1206 962 sententiam,
1237 909 1325 970 quam

95 983 237 1046 videmini
269 982 432 1046 maledictis
463 982 620 1044 insectare.
679 983 845 1048 Caelestem
883 1003 954 1047 vero
993 996 1126 1049 mentem
1156 988 1325 1071 Prophetae

93 1103 216 1164 quoque
237 1084 378 1156 habuere,
402 1083 454 1164 qni
477 1084 616 1146 caelestia
639 1092 668 1146 et
689 1085 788 1150 lutura
810 1085 894 1164 quasi
915 1087 1085 1165 praesentia
1107 1087 1236 1152 luissent
1258 1092 1322 1154 elo-

94 1186 271 1264 quebantur.
323 1175 407 1258 Quid
430 1185 520 1264 igitur
548 1186 624 1250 haec
652 1187 775 1248 omnino
803 1185 903 1249 dicere
931 1187 963 1250 in
991 1188 1123 1251 animum
1153 1190 1324 1268 induxistis,

93 1286 182 1365 quasi
216 1303 286 1346 vero
319 1286 351 1348 in
379 1288 516 1348 confesso
545 1304 607 1348 oon
636 1295 718 1350 esset
746 1288 921 1350 interiorem
952 1289 1089 1354 nostrum
1118 1290 1270 1356 hominem
1292 1293 1324 1356 iu

57 1379 62 1391 '
94 1386 215 1450 Christo
245 1385 334 1450 esse?
378 1387 437 1449 Cur
464 1388 523 1450 hoc
551 1388 589 1449 de
617 1388 714 1450 anima
744 1407 866 1470 quoque
883 1389 1056 1469 loquimini,
1085 1409 1194 1474 nempe
1216 1411 1325 1476 corpus

94 1497 125 1550 et
152 1489 280 1550 animam
308 1507 376 1552 esse
405 1489 584 1552 exteriorem
612 1490 782 1574 hominem,
810 1499 844 1552 ut
871 1491 908 1552 de
931 1493 1075 1572 sanguine
1097 1501 1127 1556 et
1148 1511 1237 1556 carne
1258 1493 1325 1574 quis

94 1588 226 1652 dixerit?
271 1590 330 1652 Sed
352 1590 430 1652 sicut
450 1609 560 1671 eorpus
583 1600 613 1654 et
636 1591 759 1670 sangnis
781 1600 949 1656 contactum
971 1601 1001 1654 et
1024 1593 1145 1656 amnena
1166 1612 1229 1656 non
1246 1595 1333 1660 euu'

94 1692 188 1772 giunt,
211 1711 278 1754 eum
300 1693 360 1754 sint
380 1692 524 1768 visibilia3
547 1693 695 1756 ostendite
717 1692 805 1754 nobis
827 1694 955 1754 animam
971 1713 1089 1776 qnoque
1105 1695 1153 1757 ille
1168 1713 1230 1756 nou
1246 1695 1324 1758 ellu-

92 1812 166 1874 gere
198 1801 230 1856 et
256 1793 399 1857 visibilem
426 1813 507 1856 esse.
550 1797 606 1858 hut
635 1794 661 1856 si
691 1794 849 1856 ostendere
870 1813 932 1856 non
954 1797 1101 1875 potestis,
1134 1797 1324 1859 manifestum

95 1903 263 1975 estusque
286 1896 377 1958 videri
399 1895 527 1958 enimam
550 1914 648 1976 neque
670 1895 706 1978 ab
729 1895 851 1958 homine
873 1896 950 1958 sicut
972 1914 1082 1976 cerpus
1105 1897 1199 1959 occidi
1220 1916 1325 1977 posse,

93 2005 132 2058 ut
158 1996 229 2058 dixit
254 1995 411 2060 Dominus.
456 1997 574 2060 Credite
602 1997 692 2076 igitur
719 1996 894 2060 interiorem
922 2005 1059 2060 nostrum
1079 1997 1233 2060 hominem
1255 2015 1326 2060 esse

93 2097 236 2170 animam,
258 2099 338 2178 quod
361 2115 432 2160 sane
456 2106 487 2160 ct
505 2099 601 2178 prima
624 2097 763 2160 lormatio
786 2096 963 2177 comprobat
986 2106 1017 2158 et
1038 2117 1170 2178 sequens
1192 2097 1324 2160 dissolu·

92 2201 138 2261 tio
160 2199 319 2287 propalam
335 2199 421 2271 tacit,
444 2207 532 2279 atque
554 2217 615 2260 non
638 2199 737 2262 solum
759 2199 790 2260 in
812 2199 919 2272 nohis,
947 2199 1002 2260 sed
1023 2208 1053 2262 et
1074 2200 1105 2261 in
1127 2199 1195 2279 ipse
1216 2197 1326 2260 Christi

90 2309 192 2364 morte
220 2301 349 2381 idipsum
378 2309 646 2386 commonstretur,
676 2301 793 2382 quando
824 2317 933 2378 corpus
955 2300 1074 2378 quidem
1096 2319 1191 2381 usque
1213 2299 1250 2362 ad
1273 2318 1324 2362 se-

90 2402 231 2482 pulerum
253 2411 366 2466 tantum
388 2403 533 2482 pervenit,
557 2403 654 2464 anima
678 2421 747 2464 rere
771 2401 808 2462 ad
828 2402 978 2463 infernum
1002 2420 1097 2480 nsque
1121 2399 1324 2474 uansmeavit,

91 2506 230 2584 locisque
255 2504 349 2568 multo
378 2504 475 2584 spatio
504 2504 682 2567 luentibus
712 2502 881 2582 sepulerum
910 2501 1030 2580 quidem
1059 2499 1246 2580 corporalem
1268 2500 1323 2562 ad·

92 2615 217 2668 ventum
253 2606 388 2685 excepit,
425 2624 460 2669 ae
494 2605 535 2667 ibi
569 2623 679 2685 corpus
708 2603 816 2676 adluit,
850 2603 984 2664 internus
1014 2621 1086 2663 vero
1114 2602 1324 2682 incorporeum

91 2706 226 2770 admisit.
785 2717 787 2721 ·

183 2813 232 2872 14.
277 2807 341 2880 Qua
371 2807 487 2868 ratione
509 2805 620 2885 igitur,
650 2823 717 2866 cum
738 2803 884 2866 Dominus
906 2802 966 2866 illic
987 2801 1215 2882 incorporaliter
1235 2803 1324 2866 ades-

61 2907 159 2981 ‘set,
194 2909 285 2970 homo
317 2918 416 2970 tamen
445 2927 462 2968 a
491 2915 589 2968 morte
611 2905 884 2978 existimatus'est,
915 2911 948 2966 ιιι
970 2903 1124 2964 animabus
1147 2902 1178 2964 in
1200 2903 1324 2968 viumlis
1405 2957 1409 2964 .

94 3009 226 3071 detentis
254 3011 393 3088 propriae
424 3007 538 3070 animae
561 3009 687 3068 sormam
709 3007 879 3088 incapacem
902 3003 1087 3067 vinculorum
1109 3005 1217 3068 mortis
1239 3005 1325 3086 quasi

92 3129 236 3190 capacem
260 3110 414 3183 exhibens,
436 3109 645 3188 praesentibus
667 3116 875 3188 praesentem,
899 3105 1013 3168 viracula
1034 3107 1202 3172 animarum
1222 3105 1253 3168 in
1274 3106 1323 3167 in·

94 3216 184 3274 terno
207 3213 394 3274 detentarum
415 3211 625 3290 disrumperet,
648 3209 937 3288 resurrectionisque
962 3209 1121 3270 terminum
1143 3206 1324 3288 designaret,

91 3323 128 3376 ut
153 3313 290 3376 conditor
313 3322 343 3374 et
363 3315 457 3374 lactor
479 3311 619 3385 hominis,
643 3311 743 3392 etqui
767 3311 918 3374 hominem
941 3309 1125 3371 damnationi
1147 3307 1325 3382 subiecerat,

88 3417 163 3495 ipse
189 3433 330 3493 praesens
358 3433 414 3494 per
443 3413 574 3494 seipsum
597 3413 748 3474 hominem
770 3412 859 3492 plane
884 3411 914 3472 in
938 3429 992 3474 sua
1014 3411 1110 3491 ipsius
1133 3411 1227 3472 torma
1248 3408 1325 3470 libe·

88 3513 200 3578 raret‘l
242 3515 434 3596 Nequaquam
455 3515 534 3577 enim
557 3524 637 3576 ιιιιιιι
660 3514 765 3576 mortis
789 3514 834 3574 vis
857 3512 920 3586 luit,
945 3519 978 3572 ut
999 3509 1162 3572 subiiceret
1185 3507 1242 3568 sihi
1264 3508 1323 3568 hu-

90 3635 215 3680 manam
238 3615 325 3678 Verbi
355 3618 483 3678 animam
511 3635 546 3678 ac
576 3635 641 3678 eam
668 3616 699 3676 in
730 3613 854 3675 vinculis
877 3611 1043 3682 detineret,
1076 3625 1172 3685 neque
1205 3621 1324 3668 rursum

89 3716 249 3796 corruptio
273 3718 455 3796 tyrannicam
476 3717 506 3779 in
529 3735 639 3796 corpus
663 3716 727 3778 eius
749 3715 809 3774 vim
831 3711 891 3773 sihi
913 3708 1078 3789 arrogavit,
1101 3714 1134 3770 nt
1154 3705 1322 3784 putreface-

87 3827 145 3882 ret
167 3816 276 3898 ipsum‚
299 3819 385 3898 quasi
407 3837 457 3882 res
477 3817 556 3880 nude
578 3815 765 3897 providentie
787 3819 971 3894 gererentur.
1017 3809 1060 3872 lta
1084 3806 1163 3870 euim
1185 3825 1219 3868 ea
1239 3804 1277 3867 de
1291 3823 1325 3866 re

85 4077 196 4135 Segner.
216 4071 286 4121 Gohl.
305 4079 328 4121 et
341 4071 446 4121 Felclm.
459 4071 480 4120 i.
499 4063 514 4117 ὅ
532 4061 587 4119 ἔσω
605 4064 685 4134 ὴμῶν
736 4075 792 4133 pest
809 4062 936 4132 παροῦσα
953 4057 1103 4140 παρουαυῶν
1119 4058 1190 4109 iidem
1201 4072 1258 4107 mss.
1270 4071 1328 4122 per·

85 4133 254 4204 &dems-
737 4149 830 4200 peram.
866 4133 917 4182 flor
935 4131 1033 4192 Segner.
1053 4121 1129 4190 qdoo·
1180 4192 1185 4204 ι
1298 4192 1303 4203 ¹

129 4211 146 4257 l.
166 4207 306 4266 Segneriun.
325 4205 422 4256 Cchler.
441 4214 469 4254 ct
484 4205 588 4255 Felcltm.
602 4203 622 4252 l.
641 4193 686 4250 ἵνα
771 4217 792 4264 g.
814 4197 863 4247 τοῦ
886 4191 970 4260 λόγου
993 4198 1062 4246 deest
1087 4197 1109 4243 iu
1129 4193 1200 4243 editos
1219 4193 1327 4254 Gnaeus,

85 4277 208 4339 (Segner.
226 4263 309 4328 ὅπως)
325 4270 400 4338 ψυχῇ
419 4273 451 4338 τῇ
470 4264 500 4320 ἒν
517 4266 628 4336 δεσμοῖς
640 4283 687 4318 κα·
738 4269 782 4318 sed
806 4267 946 4330 exprimitur
971 4266 995 4313 in
1019 4263 1110 4312 Latinis
1134 4269 1159 4310 et
1182 4261 1205 4310 in
1226 4260 1328 4335 §mnan

85 4335 228 4408 τιχομένῃ
254 4333 344 4405 rodrqr
369 4338 418 4388 rod
442 4333 528 4404 Ἀδὰμ
558 4330 685 4404 μορφήν,
739 4334 847 4384 hahetur.
888 4333 940 4381 nox
965 4331 1027 4406 idem
1046 4343 1106 4408 tcunr
1133 4327 1281 4403 Ge'blrrrauo
1305 4333 1329 4374 et

86 4413 139 4462 red
160 4407 286 4468 mendose,
304 4417 330 4458 ot
348 4409 447 4458 ridetur.
483 4407 536 4455 lior
554 4398 688 4458 oirdsrrrt-
739 4400 886 4478 Felelnmt.
906 4389 922 4458 ἢ
941 4393 1055 4476 πριλιν]
1075 4394 1183 4472 pelope.
1220 4393 1327 4474 iipasc-

86 4473 145 4536 κάν
162 4477 190 4526 in
208 4477 279 4526 editis
297 4477 395 4534 deerat,
419 4489 446 4524 er
465 4475 551 4524 iisdem
569 4487 629 4522 mss.
648 4487 688 4520 re·
739 4485 807 4532 gaer.
830 4480 915 4514 evron
940 4479 970 4544 ιιι
995 4476 1083 4529 omno.
1123 4463 1216 4540 liudem
1241 4471 1328 4510 ornnes

88 4546 236 4606 stitnimus,
255 4553 279 4593 ct
296 4545 332 4594 ric
351 4545 442 4606 legerat
459 4541 576 4594 Naeuius.
613 4539 688 4588 Paulo
740 4551 798 4588 mss.
816 4530 988 4600 deceptoque.
1017 4525 1329 4596 Editidrorrpopovmela·
