3048 5052
460 347 569 396 onarm
584 349 605 393 1.
623 349 739 396 ooaras
753 349 888 396 amaus.
1225 335 1288 402 205

91 503 144 566 dem
162 501 261 566 indimt
279 511 422 575 naturam,
447 519 513 564 etam
533 519 600 562 eum
615 501 756 575 Verbum,
780 501 954 581 sapientiam
970 511 1000 564 et
1015 501 1204 582 splendorem
1220 521 1372 566 essaeos.

90 604 154 667 dieit.
191 604 256 668 lude
278 601 425 683 siquidem
448 601 638 682 intelligimus
661 601 790 664 divinam
812 603 1031 682 generationem
1054 603 1206 684 passionis
1228 605 1288 668 im·

89 723 188 768 munem
207 715 411 786 aeternamque
432 713 463 766 ει
484 688 546 768 lieo
568 705 685 784 dignam
709 723 788 766 esse.
819 704 902 778 Quae
918 706 996 768 enim
1011 707 1113 786 passio
1136 707 1180 768 vel
1196 725 1288 786 quae-

89 825 143 870 uam
167 819 207 872 est
231 827 300 888 pars
327 807 425 870 Patris
446 807 592 882 Verbum,
621 805 768 888 sapientia
796 815 826 868 et
854 805 1019 887 splendori
1062 809 1095 870 ld
1121 819 1202 872 oerte
1228 809 1287 889 ipsi
1296 827 1372 872 assa

90 909 160 972 edam
179 919 305 972 amentes
327 909 447 990 possint
468 908 594 972 dmeere.
638 909 677 970 Ut
699 907 778 970 enim
800 908 940 970 mulieres
963 909 999 970 de
1021 909 1095 972 Filio
1118 910 1311 991 interroga-¹

91 1029 150 1086 uere,
170 1011 210 1072 sio
229 1011 308 1074 siros
330 1011 367 1072 de
389 1009 486 1071 Verbo
510 1011 703 1090 irrumpent,
726 1017 760 1072 ut
781 1009 952 1084 doceantur,
975 1028 1031 1073 neo
1045 1013 1215 1091 passionem
1233 1031 1289 1075 neo

89 1121 179 1190 parte·
198 1131 300 1175 eorum
328 1131 397 1174 esse
425 1113 535 1174 munds
557 1129 629 1174 suae
651 1111 789 1186 verbum,
825 1112 903 1191 quod
933 1114 1100 1175 entrnoiaut
1145 1115 1233 1186 Quod
1261 1116 1288 1176 si

87 1213 229 1290 bombum,
250 1233 378 1296 quorum
400 1213 529 1294 patibilis
552 1222 584 1274 et
606 1213 722 1274 ditidua
745 1221 794 1275 est
815 1223 940 1289 natura,
962 1214 1135 1277 huiusmodi
1158 1215 1198 1277 sit
1218 1233 1286 1278 rer·

86 1314 156 1390 bour,
181 1335 266 1398 quare
289 1317 319 1379 iu
341 1316 421 1389 Deo,
449 1315 499 1396 qui
528 1333 585 1378 neo
612 1333 775 1393 corporeus
798 1323 843 1376 est
864 1333 920 1378 nee
947 1315 1101 1390 dividuus,
1130 1315 1287 1395 passiones

85 1425 197 1494 partesve
217 1419 355 1498 eogitaut,
379 1425 413 1480 ut
432 1416 547 1479 scilieet
567 1416 598 1478 id
620 1433 724 1480 eavere
747 1415 919 1479 simulantes
947 1435 1047 1482 reram
1069 1437 1104 1480 eo
1124 1416 1288 1480 naturalem

85 1515 137 1578 ilii
155 1521 368 1598 generationem
390 1517 527 1598 negent?
570 1517 663 1597 igitur
686 1516 726 1590 id,
749 1518 828 1596 quod
845 1537 882 1578 ex
896 1517 958 1580 lieo
980 1519 1111 1598 genitum
1134 1525 1191 1586 est.
1213 1517 1287 1580 abs-

84 1635 129 1696 que
147 1620 197 1683 ulla
217 1623 358 1702 passione
381 1621 513 1700 genitum
536 1637 603 1681 esse
627 1619 700 1682 satis
722 1637 813 1698 supra
832 1619 989 1699 probatum
1012 1629 1075 1694 est,
1096 1638 1177 1682 nune
1198 1618 1286 1682 etiam

84 1721 210 1799 speciatim
237 1721 425 1786 ostendimus
456 1721 585 1784 Verbum
614 1719 725 1800 absque
755 1721 897 1801 passione
926 1719 1072 1801 generari.
1124 1722 1184 1782 lam
1216 1739 1287 1784 vero

83 1821 165 1886 eadem
185 1825 320 1888 similiter
342 1825 379 1886 de
401 1822 547 1904 sapientia
569 1823 697 1885 audiant.
741 1821 808 1884 Non
836 1830 884 1885 est
909 1821 989 1884 Deus
1020 1832 1051 1885 ut
1079 1824 1185 1896 borno,
1213 1821 1287 1884 nibil

83 1921 120 1984 iio
136 1925 287 1989 humanum
309 1927 347 1988 de
369 1926 419 1988 illo
442 1927 562 2004 lingant.
605 1923 678 1986 Nam
701 1925 875 2005 sapientiam
897 1925 1044 2006 aoeipiuut
1074 1925 1231 1999 bomines3
1259 1934 1289 1987 at

82 2025 159 2101 deos,
185 2029 232 2110 qui
252 2029 365 2092 nullius
386 2028 420 2090 dt
441 2026 609 2106 particeps,
638 2026 704 2105 ipse
726 2045 798 2088 suae
819 2027 981 2106 sapientiae
1001 2034 1086 2107 pater
1107 2035 1168 2102 est,
1202 2026 1286 2088 euius

82 2128 120 2205 qud
138 2131 288 2212 participes
311 2131 400 2204 liunt,
435 2129 585 2209 sapientes
609 2127 709 2190 solent
729 2128 879 2208 appellari.
923 2129 1003 2191 ilaue
1023 2137 1121 2192 autem
1143 2128 1287 2209 sapientia

81 2247 128 2290 noa
147 2233 259 2312 passio,
282 2249 448 2312 unapars,
471 2229 524 2292 sed
546 2228 687 2309 proprius
710 2229 806 2290 Patris
829 2238 877 2291 est
899 2231 987 2293 letus.
1033 2231 1144 2294 ideireo
1167 2247 1288 2310 semper

82 2331 123 2391 luit
140 2333 233 2410 Pater,
262 2352 322 2396 neo
342 2341 456 2413 patrem
479 2349 546 2392 esse
568 2330 630 2392 lieo
653 2338 759 2410 postea
788 2330 910 2404 aeoidit,
938 2350 977 2394 ae
1006 2351 1074 2394 esse
1103 2331 1288 2394 existimetur

81 2434 215 2498 nauidis.
242 2436 319 2498 llam
342 2435 369 2498 si
391 2432 473 2495 illum
495 2441 609 2512 patrem
631 2451 700 2494 esse
723 2432 834 2494 bouum
855 2432 920 2507 luit,
943 2451 999 2496 neo
1021 2451 1141 2515 semper
1162 2435 1286 2514 luitpa-

82 2540 128 2609 ter,
147 2553 201 2598 neu
222 2537 313 2618 igitur
334 2553 451 2616 semper
473 2534 529 2596 luit
550 2532 580 2594 iu
603 2533 653 2594 illo
676 2533 798 2596 bouum.
1354 2533 1359 2543 '

147 2945 194 3006 ts.
235 2941 325 3022 Atqui
348 2941 485 3021 inquiunt
507 2959 625 3020 semper
647 2957 765 3020 quoque
787 2937 866 3002 lleus
889 2939 946 3001 luit
966 2939 1105 3013 elleetor,
1139 2957 1194 3002 nee
1221 2940 1288 3002 eili-

78 3039 157 3104 rieodi
177 3045 300 3106 facultas
323 3043 363 3104 illi
386 3052 491 3122 postea
514 3042 656 3106 aooessit:
686 3059 757 3103 uum
780 3059 851 3122 erge
874 3041 941 3122 quia
964 3040 1063 3121 opilea
1085 3049 1146 3116 est,
1169 3051 1288 3104 aeterua

78 3161 176 3224 rpuoque
195 3155 265 3208 suut
287 3145 353 3208 eius
366 3163 483 3227 opera,
506 3163 561 3206 nee
582 3145 619 3208 de
641 3145 689 3206 bis
712 3143 811 3206 dioere
832 3143 917 3218 lieet,
940 3163 1000 3208 nou
1023 3153 1110 3207 eraut
1131 3153 1288 3225 antequam

78 3243 188 3308 dorent?
229 3247 293 3310 Nae
324 3237 420 3308 in'sani
449 3243 565 3308 Ariauil
620 3245 697 3320 Quid
726 3245 805 3308 enim
833 3245 930 3308 simile
958 3256 1005 3309 est
1032 3247 1124 3310 lilium
1153 3246 1232 3310 iuter
1260 3257 1290 3309 et

78 3359 148 3422 opus,
168 3357 199 3409 ut
219 3348 326 3410 eadem
348 3347 386 3410 de
406 3357 492 3429 patre
514 3365 589 3427 quae
611 3347 649 3409 de
670 3347 826 3427 opidoibus
849 3345 973 3410 dicant?
1001 3349 1059 3422 uos
1073 3368 1177 3431 porro,
1199 3356 1287 3429 post-

78 3462 148 3520 quam
168 3456 278 3512 tanum
302 3466 371 3510 esse
393 3449 472 3510 letus
495 3459 526 3510 et
548 3448 648 3529 operis
671 3447 865 3510 differentiam
889 3467 979 3529 supra
1002 3457 1155 3513 ostensum
1178 3449 1288 3524 est-in
1403 3501 1407 3508 .

78 3545 162 3610 eadem
181 3551 309 3614 haerent
329 3549 472 3612 inscitia?
515 3549 598 3611 ldem
620 3549 710 3630 igitur
736 3551 931 3631 repetendum
954 3559 1017 3626 est,
1046 3551 1184 3618 videlieet
1211 3569 1287 3631 opus

79 3655 144 3709 esua
161 3653 297 3733 opificem
320 3671 398 3727 esse,
422 3651 463 3714 uti
485 3651 596 3714 dictum
619 3662 675 3726 est,
698 3653 790 3714 tilium
805 3671 876 3714 vero
897 3654 1053 3733 proprium
1076 3672 1144 3718 esse
1166 3665 1289 3716 naturae

77 3745 160 3814 selum.
201 3755 350 3830 Quouirea
373 3773 496 3816 neeesse
517 3773 579 3816 non
602 3763 648 3816 est
667 3773 785 3835 semper
799 3775 876 3837 opus
892 3757 1037 3829 extitisse,
1060 3755 1205 3836 siquidem
1220 3771 1288 3814 oum

75 3849 126 3910 rult
144 3857 248 3936 opilea,
273 3875 352 3938 opus
375 3855 453 3918 lauit.
497 3857 534 3918 dt
555 3856 633 3919 letus
655 3857 807 3920 subiectos
830 3857 975 3920 voluntati
998 3865 1138 3932 nonest,
1162 3855 1215 3917 sod
1230 3873 1286 3915 na-

75 3957 143 4016 turae
162 3967 207 4022 est
226 3961 406 4041 proprietas.
443 3958 600 4022 Praeterea
622 3969 702 4022 reete
726 3961 821 4042 opilea
838 3961 905 4041 quis
921 3962 1020 4023 vocari
1035 3966 1146 4042 potest,
1171 3957 1287 4019 etiamsi

76 4095 183 4180 pluebat.
219 4113 296 4162 Paulo
316 4122 371 4178 post
390 4113 488 4174 sepner.
505 4107 585 4180 φησι,
601 4107 648 4162 καὶ
699 4115 798 4176 signer.
823 4115 922 4166 Gobler.
947 4113 1050 4163 Frisium.
1069 4112 1092 4162 i.
1117 4120 1140 4161 ει
1165 4095 1225 4174 llop.⁸
1240 4094 1286 4176 ἄρ’

73 4185 106 4219 asu
121 4171 230 4240 aerariis
246 4173 324 4229 lotar
340 4173 356 4228 oi
373 4175 438 4234 dedo
460 4176 506 4229 aui
523 4173 572 4230 oia
589 4174 647 4231 ἐπε-
699 4169 755 4232 adr.
792 4183 853 4231 Editi
872 4172 920 4249 ἄρ’
941 4166 997 4230 οὖν.

73 4236 160 4318 γέγονε.
186 4249 287 4299 Gobler.
307 4250 480 4302 etleletamd.
500 4245 583 4314 «paui,
601 4245 648 4298 aui
733 4267 755 4312 g.
774 4251 815 4300 Sio
833 4254 933 4312 segaer.
969 4249 1030 4298 Editi
1049 4262 1104 4297 reru
1131 4257 1154 4297 et
1172 4248 1289 4313 oliiysr·

74 4319 106 4388 uf«
129 4305 143 4358 ὁ
165 4309 228 4370 θεὸς
252 4303 287 4377 ἢν
309 4309 424 4378 ποιητὴς
449 4311 495 4365 καὶ
521 4310 581 4366 ἴστε
602 4311 649 4367 και
698 4316 778 4384 vulpi.
807 4319 866 4366 ibid.
885 4319 984 4378 sepner.
1003 4317 1101 4366 Golder.
1119 4317 1288 4368 etl'eltlml.

74 4388 111 4462 ιιι
132 4373 284 4464 ιζιιγέγενέ.ι
315 4387 371 4464 lli-p.
385 4381 477 4466 φησι,
494 4381 553 4466 ,καὶ
571 4377 648 4435 dett
699 4377 861 4466 ripp'ovsroi
875 4375 1014 4450 aprime
1034 4385 1180 4437 Editietalii
1199 4377 1289 4454 ‹ioppe-

74 4448 124 4498 dtas
140 4465 172 4508 ην
187 4465 303 4514 notum
318 4467 364 4503 atus
381 4467 441 4504 sort
457 4467 503 4502 xus
521 4467 582 4503 oute
592 4447 648 4504 ius·
699 4467 742 4508 vec
759 4453 896 4518 Αρειανει.

75 4507 176 4596 lirwfr.
214 4523 277 4571 Ediu
301 4527 404 4588 φασιν,
428 4513 471 4571 dai
494 4515 510 4570 ὁ
533 4515 599 4576 deis·
615 4507 649 4582 ἦν
734 4525 757 4572 ιι,
776 4525 928 4584 aleaegoer.
951 4525 981 4574 ιι
998 4521 1038 4572 alii
1056 4531 1080 4574 ει
1093 4523 1150 4573 editi
1159 4517 1289 4589 ‹inprosp-

75 4589 169 4646 usurpa
185 4584 233 4638 aui
249 4583 318 4647 ἔστι,
338 4582 400 4641 uiua
417 4585 566 4658 lneylyoua.
596 4593 648 4642 ttoa
698 4583 840 4657 γημιὶτειν.
