3158 5050
514 343 624 433 pannio
641 345 679 390 rv.
696 343 810 390 conrna
825 345 958 390 unvanus.
1272 329 1331 394 tot
1391 401 1394 406 Δ

93 501 171 556 est:
198 493 259 556 Hic
281 493 376 558 roam
399 506 444 559 est
463 515 547 560 meus
570 499 714 568 dilectos.¹
750 497 900 578 Siquidem
928 497 1056 578 impletis
1078 497 1235 577 promissis
1255 493 1443 578 rectaene·¹

95 595 154 658 his
182 595 285 658 verbis
307 595 452 672 indicavit,
476 597 556 662 illum
579 619 647 662 esse
669 619 756 679 quern
778 619 811 662 se
832 599 955 662 misisse
977 599 1099 661 dixerat.

200 699 254 762 34.
299 699 458 780 Utrumque
481 719 551 780 ergo
575 701 724 764 Christum
747 719 816 763 esse
837 701 1053 781 intelligamus,
1076 701 1215 767 Verbum.
1226 700 1339 763 seilicet

98 797 246 860 divinum
269 799 382 862 homini
404 820 441 863 ex
454 802 543 863 blavia
565 811 696 864 assumto
718 803 748 864 in
763 803 852 864 bieria
875 802 1072 864 coniunctum.
1114 803 1244 864 Verbum
1258 801 1338 865 enim

90 900 171 960 ‚sibi
196 901 257 980 ipsi
280 901 399 966 domum
418 903 448 964 iu
472 903 537 966 eins
559 915 645 976 utero
667 904 826 980 fabricavit,
850 905 1096 984 quemadmodum
1112 904 1181 968 olim
1195 905 1338 968 hdamum

104 1019 147 1062 ex
172 1009 254 1064 terra
277 1003 467 1078 formaverat,
490 1004 551 1066 imo
573 1006 718 1068 diviniore
740 1017 820 1068 certe
841 1007 952 1080 modo,
974 1025 1032 1086 quo
1055 1007 1092 1068 de
1114 1007 1265 1080 Salomon,
1288 1003 1339 1086 qni

104 1101 245 1166 Verbum
269 1104 380 1183 optime
407 1115 530 1168 noverat
551 1107 731 1188 ,sapientiam
754 1107 909 1188 appellari,
940 1108 984 1170 sic
1011 1107 1155 1188 loquitur:
1185 1107 1340 1188 Sapientia
1374 1173 1378 1190 ,

105 1205 290 1284 aedificavit
316 1209 375 1270 sibi
396 1209 530 1283 domum,
558 1228 645 1289 qnam
673 1211 871 1290 interpretans
900 1210 1058 1289 apostolos
1087 1211 1141 1272 ait:
1176 1213 1260 1272 cur'us
1282 1227 1339 1271 ooo

108 1305 233 1386 Domus
256 1327 376 1380 somus,
399 1309 526 1390 alibique
549 1311 689 1392 templum
711 1311 852 1390 appellat,
875 1319 1020 1392 quatenus
1043 1329 1150 1392 nempe
1171 1311 1233 1372 Deo
1256 1311 1341 1372 decet

110 1407 281 1488 intemplo
314 1409 461 1486 hahitare,
495 1412 578 1474 cuius
607 1414 729 1492 liguram
758 1413 886 1492 antiquis
914 1413 1047 1494 patribus
1075 1431 1129 1494 per
1151 1414 1340 1476 Salomonem

111 1510 245 1570 iusserat
267 1511 470 1590 er·lapidihus
491 1513 711 1588 aedificandam,
734 1515 812 1596 nnde
835 1523 936 1578 exorta
958 1516 1079 1578 veritate
1101 1517 1192 1595 ligura
1213 1514 1340 1578 evanuit.

112 1611 250 1690 Namque
273 1631 338 1675 cnm
361 1614 465 1693 perfidi
486 1605 585 1678 ludaei
615 1617 750 1695 liguram.
766 1617 875 1678 vellent
901 1617 1053 1678 veritatem
1081 1617 1176 1696 ipsam
1199 1635 1266 1678 csse
1287 1633 1339 1677 ve-

112 1731 243 1792 rumque
265 1726 398 1777 evertere
419 1716 594 1791 aedilicium,
616 1718 695 1797 quod
718 1737 774 1780 nos
797 1719 885 1780 Verbi
907 1737 972 1782 cum
994 1729 1099 1782 uatnra
1121 1719 1248 1780 hnmana
1264 1735 1340 1778 cou-

114 1813 299 1880 iunclionem
329 1837 396 1878 esse
425 1818 552 1880 fidenter
570 1819 735 1894 oredimus,
756 1820 839 1882 'nihil
868 1819 925 1882 illis
954 1821 1083 1882 minatus
1111 1829 1157 1882 est
1177 1819 1341 1910 Dominus;

117 1915 172 1981 sed
195 1935 262 1978 oum
283 1919 377 1996 probe
401 1921 500 1992 sciret,
522 1921 641 2007 illorum
664 1922 859 1984 temeritatem
881 1922 912 1983 in
935 1923 1018 2002 ipsos
1042 1921 1190 2002 recidere,
1212 1921 1285 1982 haec
1305 1919 1342 1981 ad

82 2101 87 2110 1
118 2035 174 2078 eos
198 2017 284 2097 dixit:
314 2021 430 2086 Solvite
457 2023 600 2103 templum
623 2023 692 2095 boc,
722 2037 751 2087 et
779 2024 939 2087 intrabas
967 2025 1069 2086 diebus
1098 2025 1232 2086 caecitudo
1253 2021 1341 2084 illud.

123 2120 240 2192 Quibus
268 2121 365 2184 verbis
393 2123 469 2186 clare
498 2125 630 2186 ostendit
650 2125 784 2186 Salvator
806 2135 914 2204 sponte
936 2134 966 2187 et
986 2143 1022 2186 ex
1043 2145 1077 2186 se
1098 2123 1220 2186 dissolvi
1242 2121 1341 2186 homi·

121 2241 192 2284 nom
226 2241 325 2304 opera.
371 2225 440 2288 Nisi
465 2227 544 2294 enim
565 2227 713 2290 Dominus
737 2228 942 2308 aedificaverit
965 2227 1083 2290 domum
1110 2237 1139 2289 et
1167 2226 1344 2288 custodierit

123 2329 280 2398 civitatem,
305 2327 413 2388 trustra
434 2327 570 2390 laborant
592 2328 779 2390 aedificantes
802 2336 833 2389 et
853 2327 973 2406 vigilant
987 2327 1199 2390 custodientes.
1243 2326 1344 2404 ltaque

121 2445 196 2504 qnae
224 2428 342 2504 quidem
371 2429 545 2492 ludaeorum
574 2438 674 2503 erant,
701 2430 819 2509 penitus
847 2438 917 2492 sunt
946 2429 1105 2501 dissoluta,
1136 2429 1245 2508 quippe
1277 2443 1345 2490 cum

124 2527 243 2588 nonnisi
265 2530 366 2591 umbra
389 2540 501 2614 essent,
523 2531 641 2592 firmata
659 2540 758 2592 antem
780 2541 826 2592 est
847 2530 986 2605 Ecclesia,
1013 2531 1117 2611 utpote
1138 2548 1213 2609 quae
1235 2529 1344 2608 inpe-

126 2635 170 2690 tra
190 2629 307 2692 lundata
331 2641 387 2704 est,
410 2651 506 2712 neque
524 2644 635 2713 portua
658 2635 754 2712 inseri
774 2633 922 2696 aduersae
938 2651 1003 2694 eam
1014 2631 1246 2713 praevalebunt.
1273 2627 1344 2691 illo·

126 2749 189 2792 rum
211 2740 274 2794 erat
295 2733 409 2796 dicere:
436 2735 540 2807 Quove
563 2734 648 2796 bomo
671 2743 705 2796 tu
729 2751 794 2795 curn
817 2737 869 2804 sis,
892 2735 971 2813 socie
995 2737 1123 2812 teipsum
1144 2729 1265 2793 Deum?
1286 2729 1344 2790 bo-

125 2851 188 2896 rum
210 2834 374 2914 discipulus
397 2845 444 2898 est
464 2835 691 2910 Samosatensis‚
713 2835 791 2898 unde
814 2853 875 2894 non
896 2834 1046 2896 immerito
1068 2851 1123 2894 sua
1146 2850 1219 2894 snos
1241 2831 1344 2905 docct3

126 2953 180 2996 nos
202 2945 300 2998 autem
322 2957 382 2999 non
405 2939 461 3000 ista
483 2938 520 3000 de
542 2938 660 3000 Christo
682 2935 850 3010 didicimus,
872 2936 898 2998 si
921 2946 1018 2998 umen
1040 2952 1108 2996 enm
1130 2933 1293 2996 audivimus
1316 2940 1346 2994 et

127 3036 163 3096 ah
183 3037 247 3116 ipso
271 3039 368 3100 edocti
390 3059 511 3114 snmus,
545 3047 575 3100 ut
597 3047 697 3100 vetere
718 3037 854 3112 homine,
882 3036 933 3118 qui
961 3035 1160 3117 corrumpitur
1181 3034 1346 3099 secuudum

128 3136 269 3200 desideria
291 3137 422 3214 erroris,
452 3141 588 3221 deposito
611 3140 766 3202 induamus
789 3157 899 3202 novum
919 3139 1088 3211 homiuem,
1111 3137 1161 3218 qui
1183 3137 1345 3200 secundum

64 3279 75 3292 ·
127 3239 215 3302 Deum
243 3249 359 3305 creatus
388 3251 435 3306 est
462 3243 492 3310 in
520 3243 631 3304 iustitia
656 3235 690 3304 ¹et
718 3243 873 3304 sanctitate
900 3239 1044 3304 veritatis.
1094 3239 1229 3302 Christus
1257 3237 1430 3320 igiturnan.
1465 3223 1473 3246 ’

127 3351 281 3423 utrumque
304 3363 373 3405 esse
395 3344 444 3423 pie
465 3345 654 3425 intelligatur.

208 3548 259 3610 35.
304 3545 441 3610 Ceterum
464 3547 490 3608 si
513 3567 602 3628 saepe
624 3547 777 3628 Scriptura
798 3546 947 3610 Christum
963 3542 1089 3626 appellet
1110 3543 1203 3623 ipsios
1225 3559 1346 3621 corpus,

133 3651 163 3706 nt
188 3663 253 3708 cum
282 3646 385 3712 beatus
412 3649 519 3710 Petrus
548 3649 585 3710 ad
608 3649 775 3711 Cornebum
803 3647 857 3709 ait:
886 3647 988 3711 lesum
1015 3665 1034 3708 a
1061 3643 1233 3714 Nazareth,
1263 3659 1348 3723 quem

131 3749 217 3808 onm't
237 3747 318 3810 Deus
340 3749 460 3830 Spiritu
481 3761 596 3820 sancto,
620 3759 650 3812 et
670 3749 707 3810 ad
729 3749 870 3811 ludaeos:
893 3747 996 3810 lesum
1017 3745 1223 3815 Nazarenum,
1246 3746 1348 3804 einim

134 3848 328 3928 approbatum
350 3869 368 3912 a
389 3850 453 3914 Deo
475 3853 509 3914 in
530 3851 630 3921 aobr'a,
651 3849 756 3912 heatus
777 3849 849 3912 item
871 3848 978 3911 Paulus
1000 3847 1073 3910 haec
1093 3846 1130 3908 ad
1152 3843 1346 3907 Athenienses

157 4117 185 4152 ve.
202 4096 257 4164 ileu.
277 4113 299 4153 et
318 4105 416 4166 Segner.
435 4098 523 4172 φησὶν
540 4095 640 4158 αὐτοῖς.
666 4103 723 4154 dlii·
762 4103 885 4166 hnglioun.
920 4107 949 4154 At
966 4103 1063 4154 Gohler.
1082 4095 1185 4165 Πέτρος
1198 4093 1349 4175 Κυρνῃλίῳ.

135 4177 157 4219 ct
173 4169 226 4220 editi
243 4163 298 4238 ἔφη
318 4163 418 4262 adame.
763 4173 810 4222 atii
826 4181 849 4222 et
868 4171 940 4222 editio
959 4173 1051 4220 Coram.
1070 4163 1173 4234 Hirpos
1188 4163 1348 4232 Koprqiaorr.

121 4299 124 4308 .
166 4263 179 4312 i.
197 4263 236 4314 Sio
255 4265 311 4328 lteg.
329 4275 353 4315 et
371 4266 470 4330 Segner.
504 4267 531 4316 lu
542 4265 596 4317 aliis
610 4266 712 4317 cteditis
798 4274 813 4323 i,
833 4271 1122 4327 cgbter,0pfelckm,1.
1140 4269 1253 4319 omittunt
1268 4258 1350 4317 πάλιν

135 4327 186 4378 ²⁰5⁷
202 4332 277 4382 detti·
765 4331 939 4407 ὅμακάριυς.
975 4339 1035 4389 ibid.
1054 4340 1110 4401 bag.
1127 4345 1150 4388 et
1166 4337 1264 4400 Segner.
1281 4329 1351 4403 πρὸς

168 4431 187 4477 ss·
206 4415 261 4478 flflss
286 4418 387 4480 segnes,
406 4425 429 4467 01
447 4385 570 4482 Scpiptfppg
587 4416 636 4476 τῆς
653 4407 713 4478 ἄλη.
761 4399 926 4469 Ἀθηναίους.
963 4407 1040 4458 celdl'l
1066 4415 1089 4456 el
1113 4405 1168 4456 Sdlll
1189 4395 1349 4464 'Adqrut'oux

137 4481 212 4535 astar.
248 4483 292 4534 dlii
311 4485 408 4536 crediti
426 4483 475 4546 τῆς
492 4487 611 4536 ominans
763 4477 823 4527 item
842 4477 899 4528 ibid.
918 4485 974 4542 post
991 4466 1122 4568 lqdvdpi
1138 4473 1350 4538 defleitlaglloen.

166 4573 188 4624 b.
213 4576 247 4626 lte
265 4577 351 4641 ltegi‘ns
370 4579 457 4642 codex,
484 4579 582 4659 Sagcgr.
600 4579 671 4630 hasil.
690 4587 714 4631 ot
764 4546 845 4598 ww·
