3128 5052
512 303 657 348 crissoni
671 305 691 347 1.
708 306 744 347 in
762 305 957 349 ssuirrcunu.
1267 292 1328 354 717

67 455 244 530 bibimus,
268 454 417 516 Christum
439 471 497 516 una
519 452 659 516 bibimus.
702 455 834 535 Namque
851 455 995 518 bibebant
1010 455 1051 518 cle·
1066 456 1204 536 spiritali
1225 474 1415 522 conae-rem

72 568 212 638 querite
231 567 331 636 petru.
376 555 469 618 Petra
491 567 591 638 eutero
612 565 680 618 erut
703 555 852 620 Uiriatus.
885 555 1052 616 -Praeterca
1075 565 1109 618 ut
1124 555 1261 618 Christus
1276 575 1329 620 re-

70 677 150 720 rus
177 666 223 718 est
244 655 346 731 Filius,
370 657 409 718 ite
431 675 488 718 nos
512 655 656 736 Spiritum
677 657 854 736 accipientes
877 656 927 718 tilii
951 656 1103 718 efficimur.
1147 657 1217 722 Nou
1243 662 1328 732 euim,

74 759 214 838 inquit,
239 762 396 839 accepistis
419 759 563 839 spiritum
586 761 744 820 servitutis
768 761 879 820 iterum
901 761 933 818 iu
955 761 1078 828 timore,
1101 760 1154 820 seu
1174 761 1329 839 accepistis

74 861 253 942 Spiritum
275 859 458 938 adoptionis.
504 857 576 918 Cum
605 867 703 920 autern
731 857 841 937 Spiritu
875 857 926 918 filii
955 858 1008 930 Dei
1037 858 1197 934 efficimur,
1229 860 1324 922 mani-

78 965 212 1024 iestum
234 968 280 1022 est
301 977 358 1022 nos
380 960 410 1020 iu
432 959 552 1020 Christo
575 957 654 1020 lilios
677 959 729 1020 Dei
752 959 902 1038 appellari.
945 960 1019 1022 Nam
1042 971 1188 1048 quotquot
1209 979 1330 1042 recepe·

76 1073 177 1126 runt
200 1081 285 1130 eum.
310 1061 473 1135 dedititiis
496 1070 675 1140 potestatem
695 1059 779 1141 filios
801 1060 860 1122 liei
878 1061 957 1140 fieri.
997 1047 1115 1122 ¹Deinde
1136 1061 1328 1140 quemadmo-

79 1167 171 1227 dum
193 1164 300 1236 Pater,
327 1163 372 1224 uti
393 1161 482 1224 docet
502 1161 628 1233 Paulus,
659 1161 743 1222 solus
773 1170 819 1223 est
847 1161 982 1242 sapiens,
1011 1162 1055 1224 sic
1082 1162 1146 1222 eius
1169 1161 1261 1222 Filius
1284 1169 1331 1224 est

79 1265 256 1346 sapientia.
304 1264 443 1326 Cim'stus
466 1261 545 1323 enim
567 1262 626 1324 liei
645 1265 745 1326 uirtus
768 1274 796 1326 ct
811 1263 870 1326 Dei
889 1267 1048 1342 sopieutic.
1093 1263 1132 1325 Ut
1152 1262 1222 1324 item
1235 1261 1329 1324 Filius
1435 1303 1439 1308 -
1555 1247 1556 1254 ἵ

82 1375 142 1430 est
168 1362 325 1444 sapientia,
348 1362 387 1424 ite
409 1380 465 1424 nos
479 1352 599 1442 'Spiritu
623 1363 785 1442 sapientiae
810 1371 930 1443 accepto
952 1363 1060 1426 Filium
1081 1363 1225 1425 babemus
1248 1371 1279 1424 et
1298 1363 1329 1424 iu

81 1468 207 1530 eodem
229 1465 380 1544 sapientes
403 1464 556 1526 eiiicimur.
602 1463 654 1526 Sic
680 1465 757 1526 enim
787 1466 929 1544 scriptum
963 1473 1018 1534 est⁴
1032 1465 1063 1526 in
1085 1465 1204 1528 Psalmo
1227 1457 1338 1526 cente-'

7 1555 9 1580 ³
83 1571 178 1632 simo
201 1565 426 1646 quadragesimo
450 1565 569 1644 quinto:
592 1564 741 1628 Dominus
764 1567 856 1630 soluit
873 1547 1067 1648 'compeditos
1090 1565 1237 1630 Dominus
1262 1583 1329 1628 cce-

82 1689 146 1734 cos
173 1672 325 1749 sopientes
349 1667 454 1748 efficit.
500 1665 572 1727 Cum
588 1665 714 1746 insuper
728 1667 858 1746 Spiritus
874 1665 961 1728 nobis
984 1667 1079 1741 datur,
1103 1667 1233 1747 Accipite
1248 1664 1328 1728 enim
1394 1655 1404 1670 '

7 1755 9 1786 ⁵
84 1771 252 1850 Spiritum
271 1777 421 1838 sunctum,
445 1765 596 1846 inquiebat
610 1765 754 1840 Salvator,
777 1766 857 1829 Deus
879 1767 919 1828 ita
941 1767 971 1828 in
994 1766 1082 1830 nobis
1104 1776 1167 1842 est3
1190 1766 1235 1828 sic
1249 1767 1328 1827 enim
1359 1763 1361 1766 ’

7 1859 9 1866 ’
85 1869 220 1950 scripsit
241 1868 386 1950 loannes:
409 1867 446 1928 Si
465 1867 624 1948 dilipomus
647 1871 781 1940 invicem,
805 1869 887 1931 deus
909 1872 941 1930 iu
962 1868 1048 1930 uobis
1066 1878 1175 1932 mouet.
1220 1865 1259 1928 iu
1274 1865 1329 1930 loc

7 1983 10 1994 ’
87 1955 321 2050 coquosu'mus,
350 1973 492 2048 quonium
520 1971 553 2030 ia
575 1987 609 2031 eo
630 1972 784 2032 marmus
808 1973 920 2050 etipse
942 1957 1101 2044 iuuetis,
1129 1971 1272 2050 quonium
1294 1967 1413 2035 elerum.

86 2072 220 2154 Spiritu
243 2069 403 2132 suodedit
424 2069 521 2146 uelis.
565 2068 698 2149 Cumque
719 2069 798 2131 lleus
820 2069 850 2130 in
874 2068 960 2130 nobis
984 2077 1040 2143 est,
1062 2067 1155 2130 Filius
1178 2075 1257 2130 certe
1274 2067 1326 2128 iti-

87 2173 164 2234 dem
188 2171 219 2232 in
242 2169 329 2232 nobis
354 2179 410 2244 est,
432 2171 500 2249 ipso
521 2169 596 2232 Filio
619 2170 750 2232 dicente:
772 2171 834 2250 Epo
857 2184 887 2236 ct
902 2171 994 2233 Pater
1015 2174 1167 2232 vestiarius
1189 2179 1219 2232 ct
1239 2187 1329 2232 mcu-
1372 2196 1377 2202 ·

87 2277 212 2336 sionem
239 2271 322 2352 opud
349 2289 417 2332 cum
444 2273 600 2350 sociemus.
646 2270 789 2333 Similiter
816 2280 851 2331 ut
869 2270 962 2334 Filius
991 2278 1039 2332 est
1070 2271 1128 2331 rita
1150 2269 1256 2331 eodem
1279 2277 1327 2332 te-
1378 2349 1381 2354 Ι

89 2383 210 2436 stante:
232 2371 294 2451 Epo
317 2389 383 2434 sum
404 2377 478 2448 sitq,
502 2371 546 2434 sic
568 2370 655 2434 etlam
678 2373 708 2433 in
727 2372 840 2452 Spiritu
862 2371 1002 2432 vivificari
1024 2363 1159 2444 dicimur,
1183 2370 1327 2450 quemad-

88 2474 219 2539 modum
240 2473 348 2535 Paulus
371 2473 426 2534 ait:
461 2473 522 2546 Qui
550 2475 710 2536 suscitavit
731 2471 832 2534 iesum
856 2473 1010 2534 Christum
1029 2490 1051 2532 c
1071 2477 1218 2544 mortuis,
1248 2474 1328 2534 visi-

90 2577 202 2657 ficcbit
222 2583 252 2638 et
272 2573 417 2636 mortalia
439 2591 572 2654 corporo
594 2583 698 2634 oestro
715 2590 775 2653 per
796 2571 1015 2635 uictuque-m
1037 2576 1101 2633 eries
1124 2570 1274 2649 Spiritum
1294 2574 1327 2631 iu

90 2677 191 2740 vobis.
235 2673 328 2736 Nobis
356 2691 449 2754 porro
478 2674 508 2735 in
531 2671 643 2753 Spiritu
671 2672 761 2734 vitam
795 2671 1008 2751 accipientibus
1037 2671 1103 2750 ipse
1132 2669 1267 2732 Christus
1295 2669 1325 2730 in

7 2807 9 2814 v
90 2777 184 2840 nobis
207 2776 305 2838 virere
335 2774 456 2848 dicitur,
486 2783 519 2835 ut
548 2791 583 2836 es
611 2772 659 2844 bis
686 2773 787 2835 verbis
814 2781 912 2852 patet:
943 2771 1065 2835 Christo
1093 2771 1232 2851 confisus
1261 2788 1328 2832 suus

92 2883 190 2942 cruci.
237 2876 307 2938 Viuo
329 2887 431 2939 autem
452 2879 513 2938 rum
533 2893 596 2939 nou
617 2893 684 2954 epo,
708 2877 784 2937 uiuit
805 2893 877 2937 uero
900 2877 933 2936 ia
954 2892 1001 2936 rue
1017 2872 1168 2936 Gloriatur.
1204 2869 1241 2932 Et
1255 2887 1327 2932 rur-

58 3001 62 3013 ·
93 2998 161 3054 sus,
185 2977 433 3057 quemadmodum
456 2977 549 3038 Filius
571 2995 646 3056 quac
667 2975 792 3056 iaciebat
813 2993 904 3056 opera
926 2975 1043 3036 Patrem
1066 2992 1152 3036 suum
1174 2973 1272 3034 iacere
1285 2971 1327 3034 ita

93 3079 273 3142 testabatur:
297 3077 392 3140 Pater
413 3084 446 3141 iu
467 3097 513 3140 me
533 3095 659 3140 mouens
682 3081 745 3157 ipse
765 3079 841 3158 fucit
864 3094 967 3158 opere.
1014 3073 1132 3138 Credite
1152 3073 1234 3146 milri,
1257 3075 1328 3154 quic

95 3201 148 3264 eqo
171 3183 203 3242 iu
226 3180 318 3241 Putre
342 3189 370 3240 et
392 3179 485 3240 Pater
506 3182 540 3242 iu
560 3197 606 3240 me
627 3187 693 3258 est,
727 3177 866 3260 Alioquin
890 3188 1022 3259 prepter
1052 3193 1145 3258 opere
1167 3179 1235 3255 ipsu
1258 3191 1327 3235 cre·
1406 3171 1409 3176 '

7 3327 9 3342 2
90 3282 156 3344 ‘dite
178 3281 265 3352 milri,
295 3279 339 3340 sic
366 3297 441 3357 quae
463 3278 493 3339 in
515 3279 623 3340 virtute
644 3278 772 3360 Spiritus
795 3278 903 3340 Paulus
933 3277 1080 3340 efficiebat
1101 3275 1211 3338 Christi
1234 3292 1326 3354 opera

18 3435 21 3442 .
96 3400 165 3444 esse
187 3379 326 3442 docebat:
349 3377 419 3441 Nou
440 3384 518 3441 euim
535 3381 659 3451 curteio,
682 3379 787 3459 inquit,
810 3381 924 3462 aliquid
946 3380 1031 3461 loqui
1044 3397 1157 3450 eorum,
1181 3394 1256 3459 quoe
1266 3393 1327 3456 per

7 3523 8 3528 η
94 3500 141 3542 me
164 3499 225 3542 uou
248 3479 343 3560 efficit
367 3479 507 3542 Clusius
530 3485 563 3544 io
586 3481 781 3543 obedientium
804 3480 958 3554 Gentium,
989 3481 1079 3542 uerbo
1104 3489 1132 3540 et
1155 3496 1260 3557 opere,
1294 3478 1327 3536 io

97 3584 213 3642 virtute
235 3583 393 3660 sipuorum
415 3591 442 3643 et
460 3581 682 3670 presbytorum,
706 3586 738 3643 iu
760 3585 875 3643 virtute
897 3581 1033 3660 Spiritus
1057 3581 1165 3641 saucii.
1209 3599 1211 3610 ·

182 3881 234 3945 20.
279 3878 350 3940 Cum
380 3879 470 3959 igitur
492 3897 525 3942 ca
549 3880 640 3941 sitin
662 3889 762 3942 sancta
786 3845 943 3940 Trinitate‘
959 3877 1128 3940 coniunctio
1157 3885 1187 3938 et
1216 3875 1337 3950 unitas„

98 4031 185 4094 inglic.
220 4031 282 4081 Editi
302 4040 325 4081 st
344 4031 384 4081 alii
402 4026 450 4080 stoi
466 4033 588 4082 obiiciunt.
623 4031 684 4082 ibid.
771 4032 787 4080 i.
812 4033 853 4082 Sic
876 4031 931 4093 Reg.
951 4029 975 4079 2.
1007 4037 1030 4078 ct
1057 4030 1168 4092 Graecus¹
1186 4027 1326 4089 scripturae

99 4101 132 4148 sic
154 4099 243 4148 babent
267 4099 364 4150 Gobler.
392 4109 415 4150 ct
439 4099 544 4150 Fulcitur.
564 4102 586 4150 1.
613 4091 684 4148 otro
737 4106 823 4149 textus.
859 4099 916 4159 lleg.
936 4098 958 4146 i.
983 4097 1082 4158 Sequor.
1106 4105 1130 4145 et
1157 4096 1213 4144 editi
1232 4087 1324 4144 αὐτοῦ.

98 4159 149 4230 γάρ
168 4161 358 4284 ξὲσιιάαβίδ·
377 4163 531 4236 scriptorem.
637 4236 641 4246 Ι
735 4167 795 4244 ibid.
815 4167 871 4228 neg.
893 4165 914 4213 i.
931 4173 965 4244 ¹et
983 4165 1090 4240 sequen
1102 4164 1175 4227 pauic
1194 4173 1248 4212 aute
1269 4169 1326 4226 post

100 4235 183 4364 mulla
198 4236 262 4351 edlllic
274 4235 702 4366 ἒὲιῗιειὲξιῑῃεεραἶιΙοεὲοεεῗεέξῧὶῗ
734 4245 803 4363 ‘vg‘
811 4234 1116 4359 lqoqqqqtunerqeqprlovd
1134 4297 1233 4359 Sequor.

102 4375 122 4414 et
146 4369 248 4419 Feiriur.
266 4370 287 4419 i.
319 4361 390 4418 οὕτω
414 4363 469 4438 γὰρ
496 4365 542 4416 καὶ
561 4361 683 4428 Ἰοᾶννης
770 4371 792 4418 b.
813 4370 869 4430 fleg.
891 4367 912 4415 i.
932 4375 956 4415 et
973 4366 1113 4428 Sequerian.
1139 4365 1225 4414 babent
1243 4356 1273 4413 tr
1290 4360 1324 4430 τῇ

101 4427 213 4501 γράφει·
232 4430 282 4485 ἐὰν
297 4429 352 4502 γὰρ
372 4429 523 4501 dyonoiprev
541 4443 585 4486 etc.
736 4428 802 4502 ἁγίᾳ
819 4427 920 4505 τριάδι.
963 4433 1007 4482 iiii
1032 4441 1055 4482 et
1081 4433 1136 4482 editi
1156 4447 1236 4483 rocem
1256 4421 1323 4496 ἁγίᾳ

133 4515 153 4550 e.
169 4503 226 4567 iles.
244 4503 267 4554 2.
286 4502 500 4572 συσταυροῦμαι.
735 4507 855 4555 omittunt.
891 4503 944 4552 llos
962 4502 1050 4552 ibidem
1069 4501 1125 4565 ΗΘΒ.
1142 4501 1163 4552 l.
1182 4501 1323 4566 Sequeriap.
