3032 5048
395 401 397 413 ‹
442 333 589 380 arianam
603 334 641 378 sn
655 332 833 380 arrcrsrora.
1199 319 1261 386 829

1 489 120 552 vinis
151 488 328 570 Seriptmia
343 505 435 567 pauca
449 491 633 560 memorare3
654 485 782 546 rorasse
805 483 851 546 rel
860 483 919 546 boo
933 487 1022 550 modo
1036 487 1152 569 pudore
1167 483 1350 552 addotirooo.

6 591 226 671 spissimas
249 590 406 670 opiniones
432 586 617 668 excogitandi
637 585 727 648 linem
748 585 866 648 faciem.

90 699 137 758 4.
197 692 279 754 licus
301 710 365 764 vos,
389 694 441 770 qul
463 709 500 752 eo
523 688 654 752 animum
675 687 830 768 appulistis
853 696 887 749 ut
908 707 1017 768 corpus
1036 689 1173 758 diceretis
1196 709 1264 754 esse

8 795 93 858 ·rbi
136 794 296 858 divinitati
326 788 602 856 consubstantiale?
649 789 727 850 Hinc
755 789 834 882 enim
869 789 962 852 ordiri
994 809 1103 869 operae
1134 779 1263 872 prolium

17 895 111 971 erit,
143 906 189 960 ut
211 915 281 960 eum.
299 896 364 958 eius
387 893 553 978 sententiae
573 891 698 954 loeditas
720 889 816 970 palam
832 891 931 966 luerit,
954 911 1050 971 neque
1065 901 1181 954 caetera
1196 913 1261 958 ma-

0 999 75 1060 uris
106 1017 200 1062 esse
220 997 310 1080 pretii
331 996 524 1077 conspicuum
544 994 594 1056 sit·
637 993 671 1055 ln
694 993 800 1056 divinis
816 1002 896 1056 certe
911 993 1073 1074 Scripturis
1088 994 1162 1056 nihil
1177 1013 1261 1059 com·

6 1109 95 1163 aret
122 1100 322 1175 huiusmodi,
344 1118 412 1162 nam
434 1099 516 1179 ipsae
529 1097 623 1160 Deum
645 1093 676 1158 in
697 1095 827 1158 humano
841 1085 936 1158 luisse
950 1113 1076 1176 corpore
1091 1096 1263 1173 adfirmant;

4 1203 55 1264 ed
85 1202 201 1264 etiam
212 1202 327 1277 Patres,
349 1201 399 1281 qui
421 1200 544 1263 Nicaeae
566 1207 777 1272 convenerunt,
800 1217 862 1262 nou
883 1217 1003 1278 corpus,
1027 1198 1080 1260 scd
1098 1198 1197 1279 ipsum
1211 1198 1262 1260 Fi-

1 1305 79 1366 ium
109 1304 266 1366 dixerunt
287 1322 356 1366 essa
376 1303 458 1365 Patri
479 1298 776 1374 consubstantialem,
811 1309 840 1364 et
867 1301 947 1362 bunc
974 1299 1094 1382 quidem
1123 1319 1160 1363 ex
1187 1299 1262 1362 sub-

1 1406 129 1468 tantia
155 1405 276 1479 Patris,
307 1423 418 1486 corpus
440 1423 511 1466 varo
534 1421 570 1464 en
590 1402 682 1464 illaria
704 1420 771 1464 esse
794 1421 828 1464 ex
850 1402 1013 1483 seripturis
1035 1402 1106 1465 item
1128 1402 1262 1465 declara-

4 1516 94 1570 unt.
152 1506 360 1580 Quamobrem
381 1514 431 1568 aut
450 1505 606 1568 Nicaeuam
629 1503 782 1584 repudiate
804 1504 971 1585 synodum,
998 1513 1031 1584 et
1055 1512 1159 1584 utpote
1185 1503 1347 1567 hae-roos.

1 1610 100 1672 retici
127 1610 214 1672 haee
234 1609 330 1672 aliem
352 1608 492 1680 inducite,
515 1615 566 1670 aut
587 1607 613 1668 si
635 1605 722 1668 vultis
744 1605 864 1668 Petrum
887 1605 1005 1669 illorum
1026 1606 1092 1669 Filii
1115 1625 1199 1682 csso,
1222 1625 1260 1668 ne

22 1713 180 1774 iversam
203 1710 239 1773 ab
262 1729 366 1772 eorum
389 1709 508 1789 scriptis
530 1707 953 1770 seutentiamnouscctemini.
997 1708 1060 1771 llao
1076 1727 1195 1789 quoque
1208 1728 1261 1771 ra-

1 1812 100 1874 tione
127 1811 209 1874 illud
230 1821 355 1892 quantae
376 1810 417 1873 sit
437 1809 630 1873 absurditatis
652 1809 810 1886 advertite3
833 1811 861 1871 si
875 1810 1003 1872 Verbum
1028 1810 1158 1891 corpori,
1181 1811 1262 1891 quod

4 1933 45 1975 ex
73 1923 169 1976 terra
192 1920 327 1976 naturam
349 1919 431 1974 tenet
452 1930 553 1986 suam,
577 1920 624 1974 est
645 1909 912 1986 consubstantiale,
942 1920 973 1974 et
991 1911 1110 1974 aliunde
1132 1913 1261 1976 Verbum

2 2015 125 2076 itidem
152 2013 235 2076 iuxta
249 2013 370 2077 Petrum
393 2001 613 2076 confessionem
635 2021 681 2074 est
701 2012 780 2074 Patri
803 2013 1071 2096 consubstantiale3
1094 2014 1159 2092 ipse
1173 2014 1261 2076 Pater

7 2116 147 2196 corpori
171 2134 209 2176 ex
232 2123 309 2178 terra
331 2117 407 2178 laeto
430 2113 693 2177 consubstantialis
716 2115 782 2176 erit.
824 2114 938 2194 Ecquid
965 2115 1042 2176 ultra
1062 2116 1189 2179 Arianos
1210 2117 1260 2179 in-

1 2217 194 2292 sectemini,
217 2217 299 2296 quod
321 2217 419 2280 dicant
440 2216 546 2279 Filium
568 2235 635 2280 esse
657 2224 837 2290 creaturam,
861 2235 928 2278 oum
949 2217 1008 2297 ipsi
1029 2216 1147 2282 Patrem
1168 2219 1259 2282 rebus

12 2319 132 2381 creatis
159 2337 229 2380 esse
251 2317 532 2382 consubstantialem
555 2319 720 2391 affirmetis,
744 2326 773 2378 at
793 2317 825 2378 in
847 2317 932 2380 aliam
954 2318 1136 2398 impietatem
1159 2328 1258 2383 trauab

16 2429 131 2482 euntes
158 2419 280 2494 dicatis,
310 2421 341 2483 in
364 2439 499 2494 carnem,
523 2439 608 2493 ossa,
638 2419 777 2499 capillos,
799 2436 909 2481 nervos
930 2429 961 2480 et
981 2419 1012 2481 in
1035 2429 1129 2482 totum
1152 2439 1261 2500 corpus

16 2539 207 2584 conversum
237 2539 305 2584 esse
328 2521 456 2584 Verbum
487 2530 518 2584 et
544 2520 704 2602 apropn'a
725 2528 870 2583 mutatum
892 2539 962 2584 esse
984 2519 1114 2584 naturai
1157 2521 1261 2585 Restat

20 2622 119 2697 euim,
145 2629 181 2686 ut
202 2631 304 2704 aperte
326 2622 448 2697 dicatis,
471 2623 570 2702 ipsum
594 2641 629 2684 ex
652 2629 731 2684 terra
753 2623 861 2684 lactum
883 2621 991 2696 luisse3
1020 2641 1056 2682 cx
1078 2631 1155 2684 terra
1178 2623 1258 2685 enim

20 2725 144 2788 ossium
180 2725 331 2805 totiusque
350 2723 502 2805 corporis
532 2730 637 2786 natura
670 2723 816 2802 originem
844 2722 935 2785 ducit.
985 2722 1137 2795 Quaenam
1169 2724 1259 2803 igitur

20 2826 99 2888 baec
124 2833 208 2888 tauta
237 2825 401 2899 dementia,
433 2834 467 2886 ut
494 2824 646 2887 vobiscum
675 2824 734 2904 ipsi
762 2823 924 2904 pugnetis?
959 2821 1027 2886 dum
1057 2824 1137 2886 enim
1160 2823 1258 2887 dicitis

24 2925 158 2988 Verbum
180 2929 298 3008 corpori
321 2947 390 2990 esse
412 2927 679 3000 consubstantiale,
708 2925 833 2988 alterum
855 2943 922 2988 cum
943 2925 1037 2988 altero
1060 2926 1190 2988 conlcrri
1213 2925 1257 2987 si-

28 3028 190 3106 guilioalis,
219 3047 286 3092 cum
314 3048 386 3092 vero
414 3029 445 3090 in
474 3047 593 3092 carnem
620 3035 765 3091 mutatum
788 3045 858 3092 esse
880 3025 1047 3102 allirmalis,
1077 3027 1138 3107 ipsi
1160 3027 1256 3091 Verbo
1294 3024 1300 3034 '

28 3129 219 3192 mutationem
242 3131 393 3211 allingitis.
438 3131 547 3211 Ecquis
569 3149 624 3194 roa
647 3131 723 3194 ultra
744 3131 821 3192 leret
841 3129 915 3192 baec
928 3128 975 3191 vel
988 3132 1124 3209 prolerre
1138 3128 1258 3192 ausos?

29 3227 183 3292 llaeresim
211 3232 321 3313 quippo
351 3251 471 3295 omnam
492 3231 645 3312 lmpietate
669 3231 846 3312 superastis.
890 3230 924 3292 Si
952 3231 1031 3294 euim
1058 3232 1189 3296 Verbum
1211 3241 1258 3294 est

33 3332 150 3410 corpori
170 3331 430 3416 consubstantiale,
453 3334 603 3414 superflua
624 3331 834 3396 lucritllariae
857 3332 968 3394 mentio
992 3343 1023 3396 at
1042 3333 1252 3407 ministerium,

36 3447 99 3494 cum
120 3451 223 3512 corpus
253 3444 321 3498 ante
342 3435 463 3498 Mariana
492 3436 529 3497 ab
551 3443 673 3498 aeterno
696 3454 764 3498 esse
786 3434 898 3514 possit,
927 3442 960 3496 ut
987 3443 1036 3496 est
1056 3436 1155 3515 ipsum
1177 3437 1252 3497 Ver·

36 3531 120 3608 bum3
142 3534 166 3595 si
186 3541 294 3610 umen,
316 3545 349 3598 ut
372 3555 427 3598 ros
449 3537 558 3610 dicitis,
581 3535 835 3600 consubstantiale
858 3544 905 3597 est
926 3536 1057 3614 corpori.
1102 3536 1277 3613 Quaenam¹

39 3631 107 3694 item
127 3635 282 3698 necessitas
304 3636 393 3699 Verbi
416 3638 568 3713 adventus,
592 3647 626 3700 ut
647 3638 694 3700 vel
715 3637 797 3711 illud,
824 3636 908 3716 quod
927 3636 984 3697 sibi
1006 3633 1256 3698 consubstantiale

40 3741 108 3806 crat,
129 3734 267 3812 indueret,
291 3738 338 3800 vel
359 3747 504 3803 mutatum
527 3761 544 3803 a
565 3741 687 3822 propria
709 3747 813 3802 natura
835 3755 944 3817 corpus
967 3735 1157 3799 efficeretur?
1189 3736 1257 3798 lVon

42 3834 114 3896 enirn
135 3836 256 3918 seipsam
277 3839 378 3904 licitas
403 3842 539 3916 assumit,
566 3855 599 3906 ut
620 3841 699 3922 quod
721 3840 779 3902 sibi
801 3838 1053 3902 consubstantiale
1075 3843 1122 3899 est
1141 3836 1255 3899 induat.

43 3936 96 3998 Sed
116 3955 202 4018 neque
222 3942 353 4019 peccavit
375 3942 519 4020 Verbum,
543 3944 624 4024 quod
646 3941 771 4005 aliorum
793 3953 913 4021 peccata
934 3940 1077 4012 redemit,
1101 3949 1135 4000 ut
1155 3945 1254 4000 muln-

68 4103 94 4166 ι.
110 4091 197 4168 [jolias²
214 4101 237 4143 et
254 4093 359 4146 Felelm.
378 4096 400 4146 1.
418 4089 443 4146 ai
460 4089 611 4162 ὁμοοὺσιον
662 4096 690 4146 ln
709 4095 779 4145 aditis
798 4087 907 4160 deiparae
926 4085 1023 4210 insopor
1040 4089 1149 4169 σημριίν.
1187 4091 1253 4148 onae

45 4151 157 4271 Why?
173 4173 202 4208 Ν
221 4159 309 4226 σῶμα·
662 4170 797 4228 sequuntur
814 4171 893 4214 autam
912 4155 943 4208 τὸ
980 4152 1048 4212 teis
1066 4170 1154 4222 capace
1173 4173 1185 4206 a
1204 4159 1253 4208 Ga-

77 4223 135 4272 tao
160 4225 222 4276 deest
239 4229 263 4278 in
281 4229 353 4280 basil.
662 4231 723 4281 lasio
749 4231 851 4280 citantur
876 4229 899 4279 lu
918 4229 981 4279 llbro
1000 4227 1030 4277 de
1049 4227 1142 4277 duabus
1160 4226 1252 4276 naturis

78 4305 96 4349 l·
112 4284 136 4340 3²
149 4289 193 4356 γῆς
207 4287 262 4359 yde
282 4297 352 4346 Gobl.
370 4296 475 4346 Falclm.
494 4298 516 4346 1.
535 4295 610 4358 Saga.
664 4297 700 4364 [p.
713 4297 771 4347 673.
791 4291 895 4361 col.2.],
913 4297 956 4346 aad
975 4295 1048 4359 paulo
1067 4294 1167 4343 diverse.

49 4355 155 4434 alippa.
184 4361 246 4411 Editi
265 4354 294 4411 ἐκ
317 4361 365 4422 τῆς
386 4357 441 4428 γὰρ
464 4361 515 4426 γῆς
537 4357 611 4430 πρὸς
697 4367 712 4414 i.
731 4366 772 4415 Sic
789 4365 889 4425 Segusa.
907 4363 1036 4427 etEpipb.
1055 4369 1127 4425 atque
1145 4361 1176 4410 ita
1194 4361 1252 4422 legit

52 4435 133 4498 eoscos
154 4421 333 4496 διαμάχησθῑ,
368 4421 517 4495 tanatem
543 4423 610 4498 γάρ.
661 4432 778 4482 Ninnios.
812 4432 858 4484 llil
876 4438 900 4482 et
918 4431 975 4482 editi
990 4424 1036 4478 arai
1056 4423 1095 4480 ris
1113 4421 1137 4487 ἡ.

51 4487 128 4542 lhldam
141 4489 186 4564 γάρ
203 4498 273 4547 deest
290 4499 314 4547 in
332 4497 418 4562 Epipb.
696 4500 719 4550 Ιι.
737 4499 772 4549 lta
795 4499 895 4560 Segasa.
913 4499 1002 4560 anglic.
1022 4497 1091 4548 Gobl.
1112 4495 1236 4546 lelclnd

81 4557 101 4606 lt·
116 4561 149 4612 Sic
166 4565 252 4627 lnglio.
270 4565 343 4635 basil.
361 4567 462 4629 Sagaar.
481 4573 504 4616 ct
521 4567 612 4632 Eplpb.
662 4575 686 4616 et
702 4565 789 4631 Epiph.
824 4566 886 4616 Editi
904 4567 968 4618 mala
984 4562 1118 4631 sponsane
1135 4557 1190 4629 πρό
