3072 5056
361 302 508 346 setsroua
521 304 560 346 ns
574 303 718 348 oecnnrrs
734 305 878 348 numerus
894 306 1012 350 srnoor.
1260 293 1300 354 55
1356 325 1363 334 ·

91 454 144 516 Nec
171 454 245 516 enim
273 453 373 514 omniu
400 461 525 514 sunt-ut
545 453 652 526 Filius,
686 474 741 516 uec
763 454 889 517 Verbum
914 475 1002 518 unum
1027 465 1071 518 est
1094 457 1387 532 monuissemus.

91 557 138 617 sed
157 555 283 616 omnium
307 563 353 616 est
376 553 515 615 dominus
537 564 567 614 et
588 557 696 634 opil'er.
742 555 894 636 Siquidem
916 557 1025 618 idcirco
1048 559 1301 638 sanctasynodus

91 657 208 735 apertius
229 655 319 728 dixit,
342 656 424 716 illum
447 673 482 716 ex
505 657 669 734 substantia
691 657 787 718 Patris
810 677 895 728 esse,
925 667 958 719 ut
981 659 1107 720 Verbum
1130 659 1209 721 aliud
1232 678 1301 720 esse

90 767 218 819 enatura
239 775 339 818 rerum
362 758 504 818 laetarum
527 757 708 827 crederetur,
731 776 797 820 cum
820 759 917 819 solum
940 779 1010 820 vere
1033 761 1074 820 sit
1095 779 1130 820 ex
1153 760 1231 832 ileo,
1254 768 1301 820 at-

90 879 142 938 que
170 867 200 918 ut
231 858 318 920 etiam
353 857 450 918 nullus
480 858 537 920 iam
566 859 649 920 lorus
680 859 785 920 dolose
813 860 918 937 agendi
946 860 1045 938 impiis
1074 859 1300 939 relinqueretur.

90 961 160 1020 llaec
179 977 245 1038 ergo
268 959 322 1020 luit
344 977 441 1029 causa,
466 978 518 1020 our
540 977 579 1022 erc
600 961 773 1022 substantia
796 961 938 1038 scriptum
961 961 1011 1022 sit.

164 1063 212 1124 20.
256 1060 328 1120 Cum
352 1069 449 1121 autem
473 1079 577 1122 rursus
600 1060 741 1140 Episcopi
764 1062 907 1132 dicerent,
932 1060 1121 1122 scribendum
1145 1081 1211 1122 esse
1226 1062 1300 1124 Ver-

90 1161 151 1222 bum
172 1163 304 1222 rirtutem
327 1180 426 1221 veram
449 1160 665 1239 imaginemque
688 1161 784 1222 Patris
808 1182 891 1232 esse,
915 1163 1000 1240 eique
1023 1161 1052 1222 iu
1076 1162 1213 1223 omnibus
1237 1141 1301 1224 sine

89 1263 138 1322 ulla
159 1280 278 1341 prorsus
301 1262 442 1322 varietate
464 1281 532 1322 esse
556 1263 747 1328 simillimum,
771 1263 899 1342 denique
922 1263 1103 1324 immutabile
1126 1281 1302 1341 semperque

91 1383 160 1432 esse,
181 1383 213 1424 ec
234 1364 298 1424 siue
322 1363 467 1422 divisione
490 1364 519 1424 in
543 1363 608 1442 ipso
632 1383 700 1424 esse
723 1377 790 1428 tneo
812 1363 889 1424 enirn
913 1383 1041 1442 unquam
1065 1383 1124 1424 non
1154 1365 1222 1436 luit,
1249 1363 1302 1424 sed

89 1464 136 1524 luit
154 1482 268 1542 semper
290 1463 429 1536 Verbum,
452 1465 530 1542 quod
554 1472 584 1524 et
605 1465 641 1524 ab
663 1467 836 1525 aeternitate
859 1466 935 1543 apud
953 1466 1067 1525 Patrem
1091 1463 1211 1536 exstitit,
1234 1472 1301 1525 tan-

89 1583 166 1643 quam
189 1565 258 1627 lucis
282 1564 453 1644 splendor),
478 1563 523 1623 nis
547 1575 645 1626 autem
667 1583 732 1624 eum
756 1565 915 1626 Eusebiani
937 1585 1103 1644 repugnare
1125 1585 1186 1626 uon
1208 1565 1301 1625 aude-

88 1673 158 1734 rent,
189 1673 287 1744 utpote
315 1684 390 1743 quos
423 1665 610 1743 suppudebat
638 1667 787 1726 cornictos
817 1676 846 1726 et
874 1667 1040 1728 consulatus
1065 1666 1174 1737 luisse;
1203 1676 1301 1726 tamen

89 1764 253 1844 deprehensi
283 1776 353 1827 suut
381 1765 457 1826 inter
487 1785 519 1824 se
540 1766 648 1846 iterum
672 1785 857 1828 murmurare
880 1768 1031 1845 oculisque
1054 1769 1196 1838 innuere,
1229 1765 1301 1828 istas

87 1885 163 1928 rocos
189 1867 297 1938 Simile,
320 1885 448 1947 semper,
472 1871 626 1938 virtutem,
650 1878 678 1928 et
701 1873 733 1928 tie
756 1875 822 1948 ipso
847 1867 934 1928 uoltis
957 1887 1022 1928 cum
1036 1868 1109 1927 Filio
1133 1886 1201 1927 esse
1216 1885 1301 1927 com-

88 1985 193 2036 munes,
215 1985 248 2026 ac
268 1968 394 2046 proinde
417 1967 488 2027 nillil
513 1968 568 2027 illis
592 1964 748 2028 molestum
773 1969 875 2034 videri,
900 1969 924 2028 si
949 1970 1020 2030 llaec
1043 1987 1098 2028 nos
1118 1967 1301 2047 approbare-

88 2087 154 2127 mus.
197 2068 268 2128 Nam
292 2069 373 2148 quod
396 2069 432 2128 ad
457 2087 558 2129 vocem
574 2069 681 2130 monilis
699 2079 822 2146 spectat,
846 2089 889 2142 ea,
914 2069 1096 2148 inquiebant,
1118 2069 1205 2129 nobis
1223 2088 1300 2147 quo-

19 2181 21 2186 ’
90 2189 136 2246 que
156 2169 337 2238 attribuitur,
367 2169 476 2246 quippe
499 2188 565 2229 curn
589 2180 730 2248 seraptutn
754 2170 808 2230 sit:
838 2171 927 2230 bomo
952 2177 1047 2247 r'mcpo
1072 2181 1101 2230 et
1122 2169 1221 2249 pluria
1246 2170 1305 2231 Dei

89 2283 133 2330 eat.
173 2271 234 2330 Vox
261 2289 379 2349 semper
407 2271 495 2329 nobis
525 2271 594 2330 item
618 2270 772 2340 convenit;
807 2290 873 2332 nam
906 2271 1048 2348 scriptum
1082 2279 1144 2330 est:
1179 2270 1302 2350 Semper

90 2376 153 2431 enim
174 2390 228 2434 nos
252 2376 397 2433 civerrtes.
442 2371 502 2431 Nec
526 2373 596 2432 llaec
619 2372 706 2431 verba
729 2377 762 2431 in
785 2378 848 2451 ipso
872 2389 888 2432 a
911 2366 997 2432 nobis
1021 2381 1092 2432 suut
1106 2370 1210 2438 aliena,
1234 2369 1302 2448 quia

90 2477 193 2552 inipso
217 2477 345 2532 uiuimus
369 2483 396 2532 et
417 2491 573 2533 movemur
596 2483 624 2533 et
648 2493 762 2533 stamus.
809 2473 1010 2534 lratntutubiles
1033 2491 1150 2550 quoque
1166 2470 1302 2543 dicimur,

91 2571 130 2632 ubi
150 2561 288 2651 scriptum
312 2583 374 2632 est:
396 2573 480 2632 lt‘tttt
502 2593 558 2634 nos
582 2575 736 2652 seper-obt
759 2594 776 2633 a
799 2577 926 2636 claritate
945 2574 1007 2634 ilci.
1041 2573 1170 2650 lienique
1193 2587 1301 2630 nomen

92 2677 199 2734 rutulis
228 2673 293 2734 aliis
322 2673 409 2733 etiam
438 2675 528 2733 rebus
552 2675 699 2735 trituritnr.
746 2675 816 2734 liant
842 2693 928 2734 eruca
953 2681 982 2732 et
1005 2674 1134 2732 brucltus
1158 2670 1250 2729 virtus
1273 2678 1303 2730 et

91 2772 191 2847 quidem
215 2775 307 2834 virtus
332 2793 435 2850 magna
458 2775 604 2834 dicuntur.
651 2775 728 2835 idern
753 2777 839 2835 etiam
862 2793 950 2851 saepe
973 2773 1009 2831 de
1032 2773 1141 2849 populo
1161 2771 1302 2847 scriptum

91 2883 141 2944 est,
167 2883 210 2935 ut:
241 2875 371 2952 liprescu
403 2885 448 2934 cst
477 2881 572 2935 omneis
604 2880 703 2936 virt-us·
730 2877 852 2936 lloon'nt
873 2893 911 2936 eu
934 2886 1020 2934 terra
1045 2875 1177 2950 Aeppptt.
1223 2869 1302 2931 Aliae

91 2973 148 3034 item
169 2975 309 3036 coelestes
333 2985 402 3035 sunt
425 2976 562 3035 virtutes:
588 2975 673 3046 Nom,
691 2977 794 3054 inquit,
815 2977 959 3036 llumt'nus
972 2979 1121 3036 virtutum
1136 2973 1301 3042 rtobt'scum,

92 3089 233 3154 correptor
264 3089 368 3137 noster
391 3077 471 3136 Deus
503 3077 599 3137 lucob,
647 3078 757 3136 Similia
788 3078 865 3136 enim
895 3077 981 3150 etiam
1005 3074 1138 3133 Asterius
1162 3071 1303 3150 Soplrista

91 3175 171 3234 dietus
202 3177 337 3253 scripsit,
368 3195 441 3253 quae
471 3195 575 3252 nempe
605 3176 640 3234 ab
671 3180 714 3237 eis
737 3176 894 3242 didicerat,
926 3187 1011 3253 atque
1034 3187 1100 3234 ante
1124 3192 1191 3234 eum
1214 3173 1301 3234 Arius
1368 3195 1371 3202 ·

91 3273 143 3350 ipse
169 3295 299 3354 quoque,
330 3276 576 3353 quemadmodum
607 3295 695 3353 supra
725 3277 913 3336 dictumest.
960 3278 1065 3336 i'erum
1090 3275 1137 3333 ubi
1163 3266 1302 3351 Episcopi

91 3372 191 3434 illorum
224 3377 277 3436 lrac
306 3376 334 3435 iu
364 3395 396 3436 re
425 3377 644 3436 simulationem
672 3377 960 3444 auiumdrerterunt,
996 3373 1155 3452 columque
1179 3393 1246 3432 esse
1269 3378 1386 3440 ritem.

92 3475 213 3536 cordibus
236 3477 396 3553 impiorum
418 3477 498 3536 nortia
524 3483 726 3552 capitolitium,
745 3487 775 3536 ut
791 3479 831 3535 ait
847 3475 1016 3554 Scripturat
1038 3473 1214 3535 sententiam
1231 3489 1299 3533 rur·

93 3589 133 3632 sus
160 3575 214 3652 ipsi
242 3595 275 3636 ex
300 3577 460 3654 scripturis
492 3579 629 3652 colligere
663 3585 732 3636 sunt
760 3578 868 3643 receti,
903 3587 932 3634 et
954 3595 1028 3654 quae
1050 3584 1133 3635 antea
1158 3574 1301 3642 dixerant,

93 3673 176 3734 ecdem
205 3675 378 3736 clarioribus
409 3677 505 3736 verbis
535 3677 701 3750 siguificare
725 3697 757 3736 ar
780 3675 905 3752 denique
929 3675 1069 3746 scribere,
1092 3674 1197 3733 Filium
1223 3671 1302 3732 l‘alri

94 3789 148 3831 esse
167 3776 461 3846 corrsubstentialem,
486 3786 517 3835 ul
539 3776 650 3836 scitu-et
672 3777 886 3853 significarent.
909 3775 1013 3836 Filium
1038 3793 1097 3833 aton
1123 3781 1233 3832 tatrtttm
1257 3770 1301 3830 si-

93 3871 184 3944 milem,
206 3878 256 3936 sed
280 3877 403 3936 eaodem
428 3895 489 3936 rem
513 3876 705 3934 sinulitudme
729 3899 795 3936 esse
819 3895 852 3935 ex
878 3877 973 3942 l'atre,
996 3884 1083 3951 utque
1107 3880 1139 3932 ut
1161 3869 1301 3930 similitu-

94 3969 176 4032 dinem
203 3986 231 4034 et
258 3975 523 4036 immutabilitatem
547 3976 610 4035 Filii
640 3977 725 4035 ailiam
756 3977 878 4036 onrttiuo
903 3995 970 4034 esse
994 3973 1187 4032 ostenderent
1207 3968 1243 4028 ab
1267 3987 1301 4028 eu

95 4067 246 4147 imitatione,
268 4095 343 4154 quae
366 4077 395 4135 in
420 4077 507 4136 nobis
531 4097 597 4137 esse
621 4076 736 4136 dieitur.
760 4097 847 4154 quam
871 4077 987 4154 quidem
1006 4091 1060 4130 rios
1077 4078 1199 4150 propter
1215 4088 1300 4130 utau-

95 4165 211 4233 datorum
233 4175 469 4236 observationem
493 4195 528 4236 ex
552 4178 655 4236 virtute
681 4177 901 4254 curiosequirnur.
939 4173 1070 4250 Namque
1093 4171 1171 4248 quod
1189 4177 1304 4248 spectat

96 4267 124 4325 td
148 4289 281 4352 corpora,
310 4295 385 4354 quae
409 4277 486 4336 iuter
510 4296 542 4338 se
565 4285 635 4335 suaet
657 4277 780 4344 similia,
806 4277 850 4336 dla
874 4283 952 4336 certe
975 4271 1087 4332 distare
1110 4279 1139 4330 et
1161 4270 1303 4350 procule

122 4499 140 4532 t.
156 4488 207 4550 lieg.
224 4483 392 4552 inuiinqrut.
