3048 5052
464 366 573 412 ουτω
589 367 608 410 a.
626 369 741 412 conrm
755 368 890 414 somnos.
1224 357 1285 423 wi

87 479 227 586 omorrsie.
266 518 380 598 llempe
400 517 428 580 si
449 525 586 597 parentes
608 518 646 580 de
661 517 737 580 Filio
760 519 851 585 velint
871 537 997 598 prorsus
1019 520 1213 600 interrogare,
1235 523 1372 586 innon.

86 625 193 704 teligaot
212 620 283 700 ipsi,
313 619 391 682 uode
419 619 459 681 sit
480 617 574 694 lilius,
602 620 651 700 qui
681 619 822 700 gignitur.
866 620 932 683 Etsi
953 623 1032 684 enirn
1055 623 1172 702 genitor
1194 623 1286 688 lilium

85 743 133 788 noo
151 723 239 796 halet,
261 729 419 801 antequam
435 739 502 784 eum
521 722 666 801 genuerit,
688 730 787 784 tameo
802 731 958 802 postquam
974 743 1042 784 oum
1057 725 1203 800 hahuerit,
1226 742 1373 790 nonnosi.

82 827 148 889 illum
168 833 241 886 nerle
262 822 448 886 extrinsecos
472 841 527 885 neo
547 823 692 898 alienum,
722 824 776 884 sed
799 843 834 888 ex
856 825 959 903 seipso
981 827 1192 908 propriumque
1215 847 1288 892 suso

84 937 183 990 namrae
201 935 286 1006 atque
309 924 355 986 sui
377 923 558 988 simillimam
579 925 736 1008 imaginem
759 925 875 1002 habuit,
911 927 951 991 ita
979 935 1013 988 ut
1040 928 1088 990 ille
1116 929 1146 990 io
1169 930 1235 1008 ipso
1258 938 1289 992 et

84 1029 177 1109 ipsein
197 1027 247 1089 illo
269 1025 413 1090 videatur.
458 1027 490 1088 Si
513 1027 603 1108 igitur
622 1027 761 1090 humanis
784 1027 928 1107 exemplis
955 1036 1073 1107 tempus
1105 1029 1288 1110 gignentium

83 1131 211 1204 deliniunt,
232 1148 288 1191 our
309 1147 371 1190 non
392 1148 428 1190 ex
450 1128 557 1192 iisdem
580 1129 721 1210 exemplis
737 1129 816 1206 liliqs
833 1139 937 1192 nature
960 1129 1074 1192 similes
1091 1133 1289 1212 propriosque

80 1251 181 1298 suorum
202 1240 359 1313 pareutum
382 1251 450 1294 esse
472 1231 651 1311 percipiunt,
677 1232 730 1294 sed
748 1240 919 1314 serpentum
935 1251 1019 1294 moro
1034 1232 1063 1294 id
1080 1233 1188 1308 solum,
1210 1235 1289 1314 quod

79 1353 173 1396 reoooo
192 1343 294 1415 aptum
317 1340 374 1406 est,
397 1352 413 1396 e
437 1342 515 1396 terra
538 1332 690 1412 seligunt?
735 1337 812 1396 Sane
835 1353 902 1398 oum
925 1333 965 1395 illi
987 1343 1125 1415 parentes
1147 1335 1195 1396 his
1218 1355 1289 1398 rer-

77 1435 115 1498 lis
133 1436 364 1516 interrogabant:
388 1434 585 1510 „llabuistine
603 1435 694 1498 lilium
711 1445 866 1515 antequam
889 1435 1078 1516 gigneres?“
1101 1436 1175 1500 haee
1196 1457 1289 1518 opor-

78 1545 158 1600 tuerat
176 1539 301 1602 addere:
331 1537 384 1612 „si
413 1537 506 1600 habes
534 1536 643 1610 lilium,
671 1555 742 1600 uum
771 1537 956 1600 extrinsecus
984 1537 1063 1600 velot
1091 1539 1211 1602 domum
1239 1548 1291 1602 aul

78 1635 199 1718 „aliquid
215 1639 298 1702 aliud
322 1637 452 1700 emis?“
476 1647 508 1701 ut
531 1638 644 1702 scilieet
666 1639 718 1700 libi
739 1639 949 1718 responderet:
985 1640 1072 1714 „Nou
1095 1641 1288 1714 extrinsecus.

76 1741 144 1814 ‚,sed
163 1761 196 1802 er
217 1761 269 1804 rue
291 1750 349 1804 est.
395 1742 478 1814 Quae
501 1741 579 1804 enim
596 1742 781 1804 extrinsecus
798 1741 952 1816 habentur,
976 1742 1187 1820 possessiones
1208 1752 1288 1816 sunt,

76 1851 172 1922 „atque
191 1843 226 1904 als
251 1843 311 1905 alio
333 1843 370 1904 ad
392 1843 481 1906 adum
504 1851 675 1916 trauseuut3
709 1843 838 1906 attilius
862 1863 897 1905 es
921 1863 968 1905 me
990 1852 1046 1916 est,
1070 1862 1211 1924 meaeque
1233 1863 1288 1908 no-

75 1951 171 2016 „turae
191 1945 334 2026 proprius
358 1954 405 2008 ost
426 1963 461 2008 oo
483 1945 607 2020 similis,
629 1963 690 2006 non
713 1962 749 2006 ex
770 1945 829 2010 alio
852 1946 882 2008 in
905 1963 953 2008 me
975 1945 1084 2020 lactus,
1109 1947 1162 2008 sed
1184 1966 1220 2010 ex
1242 1965 1290 2010 mo

75 2047 214 2123 „genitum
236 2047 320 2109 uode
342 2053 422 2108 totus
446 2055 475 2108 et
495 2045 610 2125 integer
632 2048 662 2109 iu
683 2047 734 2108 illo
758 2067 835 2120 sum,
859 2065 982 2110 maneos
1003 2047 1067 2127 ipse
1088 2049 1169 2128 quod
1190 2054 1289 2110 sum.“

74 2145 169 2228 Nempe
189 2150 227 2210 ita
251 2168 287 2210 se
310 2166 358 2210 res
380 2147 485 2220 liabet3
508 2149 626 2210 tametsi
648 2149 764 2228 genitor
786 2159 920 2230 tempore
943 2169 958 2210 a
977 2149 1037 2212 lilio
1053 2150 1161 2223 differt,
1184 2157 1217 2210 ut
1230 2150 1289 2212 ho-

74 2265 127 2320 no,
153 2252 200 2329 qui
223 2260 257 2314 et
278 2251 344 2332 ipse
366 2269 486 2331 quoque
508 2249 539 2311 iu
564 2258 696 2329 tempore
726 2261 813 2314 natus
836 2261 897 2326 ost3
927 2251 1017 2314 simul
1044 2259 1143 2314 tamen
1170 2270 1291 2331 semper

74 2367 159 2414 serum
179 2353 359 2414 existentem
380 2351 473 2414 fllium
497 2351 584 2413 etiam
608 2351 673 2432 ipse
694 2352 837 2427 haberet,
860 2353 919 2415 nisi
941 2353 1072 2416 obstaret
1094 2360 1289 2434 repugnaret-

74 2468 120 2526 que
139 2461 259 2516 naturae
283 2447 477 2516 imbecillitas.
522 2451 599 2515 ilino
613 2453 682 2515 Levi
707 2463 768 2518 turn
784 2455 904 2534 quidem
926 2455 957 2516 iu
973 2454 1081 2516 lumbis
1097 2455 1200 2534 proavi
1216 2464 1290 2528 erat,

72 2569 126 2614 rum
152 2556 285 2618 noudum
316 2554 382 2635 ipse
410 2563 490 2616 esset
511 2555 645 2633 genitus,
679 2574 807 2636 eumque
834 2575 906 2618 arus
934 2556 1096 2636 genuisset.
1143 2556 1290 2628 Quociroa

74 2671 129 2714 oum
148 2656 235 2718 homo
264 2655 293 2718 id
315 2656 421 2718 aetatis
443 2655 583 2735 attigerit,
606 2656 637 2718 in
659 2676 717 2736 qus
739 2657 899 2736 generandi
921 2657 1087 2720 laoullatem
1110 2656 1213 2717 tribuit
1234 2675 1289 2718 ua·

72 2763 136 2830 tura,
156 2758 257 2820 statim
280 2757 373 2818 horno
396 2766 501 2820 natura
522 2756 559 2820 ab
582 2756 664 2819 omni
687 2758 744 2820 iam
766 2757 858 2820 libera
875 2757 1086 2836 impedimento
1109 2755 1170 2830 lilii,
1194 2757 1292 2836 quiex

73 2855 128 2933 ipso
149 2867 204 2932 est,
226 2859 265 2920 lit
284 2867 379 2940 pater.

141 2961 189 3023 lt.
233 2961 341 3039 Itaque
363 2960 389 3022 si
410 2967 548 3039 parentes
576 2961 614 3022 de
642 2959 773 3040 propriis
805 2959 1050 3037 interrogaverint
1081 2958 1183 3020 liberis
1206 2977 1280 3020 coro·

71 3063 258 3143 perorintque,
283 3061 361 3123 lilios
384 3062 531 3123 naturales
553 3079 622 3122 noo·
637 3061 822 3124 extrinsecus
846 3059 938 3134 nasei,
965 3061 1019 3122 sed
1043 3079 1077 3122 es
1100 3060 1291 3142 parentibus;

70 3161 200 3224 lateantur
222 3181 346 3244 qnoque
368 3163 458 3242 igitur
482 3164 608 3226 Verbum
631 3164 685 3226 llei
707 3171 803 3226 totum
826 3182 896 3226 esse
919 3181 954 3224 ex
976 3163 1072 3225 Patre.
1103 3163 1189 3236 Quod
1214 3161 1240 3224 si
1255 3163 1293 3226 de

69 3267 189 3341 tempore
209 3273 336 3326 movent
358 3264 574 3338 difficultatem,
603 3267 817 3344 respondeant,
852 3264 991 3344 quidnam
1012 3264 1076 3326 ileo
1104 3265 1202 3344 possit
1223 3281 1292 3328 osse

68 3360 281 3442 impedimento.
325 3365 384 3427 Par
408 3366 487 3428 enim
511 3377 566 3442 est,
590 3385 642 3430 eos
666 3385 700 3428 ex
723 3365 769 3428 his
792 3366 877 3445 ipsis,
901 3383 976 3444 quae
995 3365 1120 3428 ridendo
1136 3377 1290 3446 quaerunt,

71 3461 216 3542 impietau's
240 3465 389 3529 oonvinoi.
433 3465 538 3528 Dicant
558 3468 665 3546 igitur,
693 3467 762 3546 quid
785 3466 940 3546 impediat,
969 3467 1128 3547 quominus
1151 3467 1230 3530 Deus
1252 3468 1292 3531 sit

69 3581 173 3645 semper
193 3568 266 3632 Filii
287 3566 403 3630 Pater?
448 3567 521 3630 Nam
544 3587 720 3630 eoncessum
744 3576 799 3642 est,
823 3568 863 3644 id,
887 3568 968 3648 qood
989 3568 1127 3648 gignitur,
1151 3589 1185 3632 ex
1209 3578 1292 3648 patre

72 3680 138 3726 esse.
178 3669 217 3730 Ut
240 3678 342 3731 autern
365 3667 406 3744 hi,
430 3669 482 3747 qui
504 3669 562 3732 ista
584 3671 621 3732 de
643 3669 706 3732 lleo
729 3669 869 3749 cogitant,
892 3671 923 3732 in
946 3689 980 3732 se
1001 3671 1086 3749 ipsos
1102 3671 1197 3732 lerant
1219 3688 1291 3732 son-

69 3765 185 3844 undam,
209 3769 464 3850 quemadmodum
488 3769 545 3850 ipsi
567 3771 705 3834 mulieres
722 3773 758 3834 de
774 3782 908 3851 tempore
925 3773 1156 3850 interrogavere,
1180 3771 1224 3831 sio
1238 3789 1291 3831 so-

93 3933 113 3979 g.
130 3920 231 3984 Segnsr.
258 3913 274 3970 ri
298 3913 378 3974 Αευῒς
399 3913 444 3970 ἔτι
466 3913 497 3970 ἐν
513 3919 547 3988 τῇ
566 3913 655 3986 torpet·
738 3925 753 3974 i.
772 3925 872 3987 Seguer.
896 3921 945 3972 tori
971 3916 1000 3980 ἐξ
1016 3915 1109 3972 αὐτοῦ.
1145 3923 1196 3972 llos
1221 3923 1293 3982 idem,

65 3984 107 4032 reri
117 3983 289 4053 προπάππου
302 3975 346 4048 ἦν,
365 3983 433 4055 πρὶν
449 3981 532 4043 αὐτός
548 4003 652 4054 yeyer-
705 3993 802 4044 Gobler.
831 4001 852 4042 el
878 3992 982 4040 Folrlrnn.
1002 3992 1023 4041 l.
1050 3981 1195 4038 ἐπύθοντο.
1234 3989 1295 4038 Editi

65 4189 88 4236 tt
102 4141 172 4243 llssillc.
183 4141 561 4258 liregffnztrdogiioeii'vdepmnzcc
574 4142 653 4252 {nm
703 4139 781 4244 ogs:
809 4141 929 4242 yiglitivet
952 4193 991 4242 slii
1017 4157 1061 4239 ii'rt
1079 4183 1113 4238 τὰ
1130 4185 1234 4257 φυσικὰ
1248 4137 1294 4242 ζέ-

65 4247 90 4300 ῐὸ
106 4268 149 4306 stt.
185 4260 252 4312 Editi
271 4251 337 4326 ἔλθῃ
354 4252 370 4308 ὁ
388 4251 545 4326 ἅνθρωπος,
564 4253 609 4310 καὶ
620 4253 652 4309 τὸ
703 4275 755 4310 τινα
773 4251 820 4309 οὐκ
837 4253 939 4315 ἔξωθεν
957 4249 1015 4307 ἀλλ’
1036 4250 1065 4307 lar
1082 4257 1130 4306 rasi
1147 4255 1258 4324 γονέως.

64 4315 194 4444 amq
214 4323 653 4462 glit'ezffllff‘lffittrflffl
739 4362 763 4411 lr.
782 4361 881 4423 Segrrer.
900 4361 956 4421 lleg.
975 4359 1189 4412 contentorum.
1203 4361 1257 4412 l.et
1271 4361 1294 4412 5.

62 4467 100 4519 lu·
135 4463 195 4512 itero
214 4463 278 4512 ibid.
296 4465 505 4526 segolentlolsler.
525 4472 550 4514 et
568 4465 653 4514 letet—
706 4420 782 4482 ὅλως·
818 4429 879 4479 Edffi
897 4419 967 4480 ὅλος·
1208 4531 1214 4536 ¹
1275 4531 1281 4536 .

66 4535 119 4598 qm.
133 4530 154 4579 l.
177 4520 379 4596 ἂνεμποδίπφ
403 4529 438 4590 τῆ
461 4521 553 4595 φύσει.
590 4531 653 4582 toiri
740 4531 756 4580 Ι.
776 4531 816 4580 Sic
834 4527 973 4592 Segnerisn.
993 4529 1089 4581 Gobler.
1109 4538 1133 4580 et
1150 4529 1190 4579 Fol

68 4593 279 4657 vspusdtmrc.
705 4598 749 4648 llil
768 4606 847 4647 sulen
866 4606 889 4648 er
907 4599 963 4648 editi
981 4589 1010 4646 la
1028 4595 1077 4646 τοῦ
1093 4589 1180 4662 παιη-Ι
