3110 5064
592 379 772 424 ,rsmrtrrm
1122 345 1127 358 ⁸
1254 364 1301 428 st

100 536 203 615 pietatis
221 551 336 598 amstmt
357 533 446 596 nobs
468 531 624 596 audaciter
646 535 735 595 iacta
756 541 897 597 anstrum
925 535 1140 594 ecmsm'mtiom
1159 532 1306 595 nendica-

48 694 52 702 ,
102 655 165 710 reas,
184 639 223 697 do
235 643 380 716 questum
400 633 486 696 drea
502 632 587 716 lapsi
602 636 747 714 pertinet,
769 643 958 697 amartetes
972 633 1165 706 rlsetcricam,
1187 634 1304 712 sama-

102 737 156 798 diee
174 739 408 817 msseqaestiam
429 745 612 816 ratamque,
624 739 775 797 sermonis
792 733 906 816 promi
920 735 1023 798 adesse
1036 733 1214 815 ampliares
1228 753 1303 798 aare·

28 887 31 894 .
99 837 212 918 fitetur.
253 835 355 899 Stadii
373 839 481 918 qnippe
503 839 608 898 nostri
625 837 697 916 scit,
722 836 756 898 de
771 839 937 918 temptaris
952 841 1068 900 sanctis
1083 837 1300 900 disserentibus

28 1009 41 1013 ,¹
98 942 139 1018 pie
156 936 313 1020 ittellipere
335 955 411 1020 quae
432 941 550 1018 scripta
571 947 659 1010 seat,
683 948 712 1000 et
732 941 916 1017 imperitiam
941 956 1172 1019 mensuramque
1199 940 1304 1002 nostri

28 1109 43 1114 Α
101 1057 151 1100 aas
167 1044 304 1120 ignorare
331 1041 493 1102 remonis.
542 1037 607 1100 vid.
633 1037 807 1118 Hieronymi
829 1039 906 1120 Opp.
928 1038 975 1100 ed.
999 1038 1120 1100 Vallsrs.
1152 1039 1240 1100 Tam.
1263 1037 1301 1100 11.

99 1159 124 1218 p.
145 1143 202 1206 lon.
224 1151 253 1204 et
275 1141 348 1206 168.
389 1139 426 1201 Ιιι
446 1139 531 1202 libris
553 1139 754 1219 allingsrcllc
776 1140 900 1202 detectis
922 1139 999 1202 band
1022 1139 1084 1202 scio
1106 1158 1144 1202 an
1166 1141 1202 1201 ad
1224 1139 1301 1202 hanc

28 1317 30 1321 Ι
97 1241 269 1306 inlamndism
290 1241 482 1304 relerendum
503 1241 554 1316 sit,
575 1241 656 1320 quod
678 1239 817 1321 Didymus
839 1241 939 1304 multis
962 1241 1056 1304 utitur
1075 1239 1198 1302 vocibus
1213 1240 1299 1302 noris

97 1353 121 1403 et
145 1342 403 1423 conpositionibus
436 1342 595 1404 verborum
626 1341 792 1418 inusitatis,
835 1361 910 1423 quse
942 1349 1023 1406 certe
1044 1342 1076 1404 in
1107 1340 1297 1422 politioribus

29 1493 38 1526 3,
96 1445 186 1506 saeculi
210 1444 304 1524 quarti
333 1441 533 1524 scriptoribus
561 1444 673 1506 frustra
701 1453 884 1523 quaeruntur
913 1454 943 1506 et
969 1443 1077 1524 partim
1109 1441 1299 1504 insolentiam

95 1545 277 1610 cesanum
301 1545 452 1608 wmonis
473 1545 671 1626 areopagitica
690 1545 837 1608 redolent.
879 1545 1037 1607 Praetores
1058 1544 1172 1624 passim
1194 1543 1299 1624 peric·

94 1645 141 1706 dos
163 1648 261 1710 lsrmet
289 1647 495 1712 membrorum
526 1647 663 1726 magone
690 1647 845 1727 perplexas
873 1655 903 1710 ct
931 1653 1103 1718 tortuosas,
1131 1643 1299 1706 cuiusmodi

94 1747 349 1826 capitationibus
372 1747 508 1810 molestis
524 1755 555 1809 et
567 1747 783 1828 inelegantibus
805 1748 907 1812 itidem
929 1749 1039 1828 scripta
1054 1745 1189 1826 Dionysii
1202 1746 1299 1808 Areo-

41 1895 45 1900 .
96 1849 188 1926 pagine
206 1851 316 1914 relenta
332 1867 402 1910 esse
425 1851 535 1911 norunt
556 1850 725 1930 omnesqui
740 1867 774 1910 es
789 1849 958 1929 attigerunt.
1002 1847 1064 1912 Sed
1083 1844 1211 1928 insignis
1226 1847 1301 1910 lsscc

98 1949 215 2012 undonis
238 1953 355 2026 larms,
383 1969 458 2030 quac
485 1950 598 2031 aliquot
623 1949 698 2013 locis
726 1952 924 2031 conspicitur,
957 1949 1171 2012 dubitationum
1198 1955 1302 2030 potest

28 2119 29 2126 ἵ
96 2048 177 2114 lectari
194 2055 311 2127 afferre,
335 2070 373 2114 sn
395 2051 460 2114 iure
481 2071 497 2114 s
519 2050 660 2116 iratribus
681 2052 860 2132 blioqarellis
882 2070 958 2133 opus
972 2051 1097 2132 Didymo
1119 2050 1300 2114 vindicatum

30 2219 34 2229 ¹
94 2151 132 2224 sit,
149 2153 246 2234 qnippe
266 2155 298 2218 in
323 2172 381 2233 qua
402 2169 491 2216 nemo
512 2153 597 2216 iscile
618 2153 848 2234 deprehenderit
862 2153 941 2216 illam
956 2153 1068 2235 eloquii
1084 2162 1300 2234 paupertatem

36 2307 38 2312 ,
94 2252 131 2312 rel
148 2261 284 2318 monis
309 2259 508 2336 imperitiam,
537 2256 574 2316 de
596 2273 653 2335 qus
676 2255 817 2335 Didymus
840 2273 874 2317 ss
896 2255 928 2317 in
950 2254 1043 2317 altero
1073 2252 1219 2335 opuscula
1242 2271 1297 2316 ex·

36 2412 39 2421 .
95 2363 206 2418 matum
233 2356 338 2418 soluit.
381 2355 423 2417 dc
449 2357 583 2434 prolecto
611 2365 674 2430 est,
704 2357 784 2436 quod
812 2355 911 2420 denuc
939 2355 1087 2418 curiosius
1115 2355 1300 2436 disquirente

94 2453 124 2514 de
140 2457 275 2520 ananus
300 2455 403 2536 operis
430 2456 526 2536 deque
554 2458 721 2522 eruditione
747 2459 896 2534 auctoris,
924 2475 999 2537 quse
1021 2464 1054 2520 ut
1079 2450 1225 2518 remotior
1252 2463 1301 2518 est

28 2643 33 2646 ‚
94 2553 123 2615 ab
145 2557 337 2622 mdesisstios
368 2547 478 2620 caecidi
508 2559 605 2638 quenti
638 2559 868 2633 connsuetudine,
899 2559 941 2620 ita
969 2558 1093 2639 propios
1121 2557 1235 2620 accedit
1261 2555 1299 2618 ad

96 2658 172 2720 studit
188 2659 411 2722 Platonicorum
431 2668 671 2740 pannoniorum,
698 2679 790 2740 quum
817 2667 921 2722 conus
943 2658 979 2721 sb
1001 2659 1184 2738 Hieronymo
1206 2655 1300 2737 Didy-¹

98 2773 151 2818 mus
166 2761 348 2839 praedicetur
369 2761 568 2842 apostolicam
596 2765 697 2824 cirum
719 2779 757 2824 ec
778 2765 845 2843 ipso
873 2777 1012 2824 sermnem
1039 2763 1214 2840 empsimeas
1236 2769 1300 2821 tam

94 2863 348 2926 sustentamine
368 2861 418 2936 (sl.
433 2867 565 2939 camme)
588 2881 677 2944 qaam
698 2860 889 2941 simplicitate
910 2863 1086 2924 cerberum.
1129 2857 1206 2920 Num
1226 2876 1299 2920 sera

94 2970 240 3040 propterea,
259 2972 299 3026 ut
322 2963 360 3024 sd
381 2981 487 3024 novam
511 2962 749 3042 disquisitionem
772 2951 829 3024 riri
852 2962 930 3026 dacii
958 2961 1138 3034 excitentur,
1168 2977 1243 3040 opus
1265 2959 1298 3024 iu

94 3058 169 3126 lucem
188 3065 335 3144 publicam
351 3063 547 3128 revocandum
566 3063 615 3136 sit,
638 3064 703 3126 aliis
719 3064 940 3126 diiudicandum
961 3062 1108 3143 relinquo.
1152 3061 1298 3140 Equidem

93 3162 152 3224 esus
170 3165 259 3228 babeo
281 3165 487 3246 significasse,
516 3183 569 3228 cnr
589 3164 703 3245 Didymi
731 3165 841 3244 scripta
862 3165 1027 3230 secundnm
1056 3162 1199 3236 rationes,
1222 3179 1297 3241 quas

95 3261 118 3322 ic
140 3264 243 3330 delectu
271 3265 459 3330 instituendo
488 3283 615 3345 sequor,
643 3266 680 3328 sd
709 3266 877 3328 institutum
906 3266 996 3328 huius
1019 3264 1214 3327 bibliothecae
1237 3281 1298 3328 non

94 3365 244 3438 perdomat
288 3367 658 3450 Epiphaniidncorstum,
679 3376 824 3448 utsupra
847 3365 1024 3439 memorari,
1047 3365 1212 3428 cardinalis
1236 3363 1296 3427 los.

94 3463 151 3526 dtr.
168 3468 319 3533 lammasi
339 3467 460 3548 dignum
482 3466 636 3542 iudicarit,
668 3487 756 3548 quem
788 3487 860 3548 prae
881 3465 947 3530 aliis
980 3467 1154 3547 dogmaticis
1186 3467 1298 3530 veteris

94 3568 211 3632 maiae
241 3569 445 3634 monumentis
478 3571 508 3633 in
543 3588 613 3632 suas
645 3569 858 3642 Institutiones
890 3569 1071 3648 tdeolcpicas
1104 3575 1299 3672 atttiqparnm

95 3679 197 3744 potrum
216 3675 301 3748 (tom.
316 3671 367 3733 lll.
383 3689 413 3750 p.
429 3675 460 3734 4.
476 3676 536 3750 sq.)
552 3672 734 3734 transferret
777 3670 810 3732 ln
833 3687 892 3748 quo
907 3671 952 3731 rir
973 3670 1105 3732 eruditus
1127 3670 1158 3732 id
1173 3671 1299 3734 maxime

97 3771 238 3845 respexisse
269 3773 402 3846 ridetur,
434 3769 514 3851 quod
536 3770 720 3851 Epiphanius
747 3771 779 3832 iu
800 3771 948 3832 bucorato
975 3789 1036 3833 non
1066 3771 1163 3834 solum
1190 3771 1299 3850 dogma

95 3864 125 3928 <le
143 3872 263 3936 ubilans
278 3873 414 3953 explieat,
438 3873 492 3934 sed
508 3872 677 3934 universam
698 3871 767 3934 fidei
789 3871 953 3934 doctrinam
968 3873 1015 3934 vel
1037 3881 1116 3935 cute
1139 3872 1297 3951 praecipua

96 3967 148 4032 tiss
165 3974 263 4054 capita,
286 3974 535 4054 quemadmodum
557 3972 615 4036 illis
641 3973 828 4052 temporibus
851 3973 881 4034 in
904 3971 1198 4049 ecclesia‚csthclica
1222 3969 1298 4032 tradi

96 4069 210 4136 suumn
229 4083 259 4138 et
287 4075 444 4148 inculcari,
473 4093 509 4136 ex
538 4074 704 4136 diuinarum
731 4075 894 4137 litterarum
924 4073 1097 4136 auctoritate
1128 4071 1298 4150 exponit-ct
1367 4061 1369 4066 ¹

94 4181 181 4234 contre
209 4177 375 4240 baereticae
408 4177 573 4240 mammas.
625 4175 699 4238 Nam
733 4176 811 4239 inter
840 4178 949 4256 scripta
982 4172 1147 4254 dogmatica
1179 4181 1297 4254 patrum

96 4285 246 4347 nsemrnm
267 4278 455 4342 eandorem
478 4279 575 4357 quarti
590 4287 621 4340 st
635 4277 739 4358 quinti,
761 4279 841 4358 quad
857 4296 911 4357 ego
934 4277 1036 4350 sciam,
1058 4273 1156 4340 nudus
1179 4283 1299 4354 prsemr

96 4367 163 4480 illum
187 4387 279 4442 emim
300 4380 453 4472 ¹eiusmodi
477 4389 635 4455 mausus,
663 4380 713 4460 qui
740 4397 887 4443 summam
909 4378 978 4440 fidei
1006 4377 1140 4458 publicas
1162 4376 1299 4437 exhibeat

96 4479 130 4534 ¹12
146 4485 176 4540 ut
193 4497 250 4544 uno
272 4491 375 4546 tenore
397 4481 573 4557 doceamur,
600 4481 778 4562 quibusnam
801 4497 836 4542 ex
862 4478 997 4559 partibus
1025 4479 1087 4541 sire
1108 4475 1239 4558 articulis
1262 4489 1297 4536 ea

99 4581 244 4658 numella
271 4585 375 4660 inerit,
408 4583 518 4664 quibus
551 4583 686 4648 formulis
708 4582 763 4646 riti
795 4579 987 4644 ecdesisstici
1010 4581 1056 4642 usi
1079 4579 1155 4648 sint,
1188 4575 1303 4654 quibus
