3110 5064
380 349 524 394 ueterum
539 349 577 394 DE
592 347 738 392 redeunte
753 348 896 393 lillidfllidss
913 347 1032 392 stttout.
1279 332 1317 394 41

86 521 161 584 gere
180 501 307 574 vellent,
334 499 423 562 nobie
452 498 623 560 huiusmodi
651 498 783 578 exempla
806 498 962 562 tradidere.
1006 497 1051 560 lu
1072 513 1134 558 uon
1155 497 1245 578 igitur
1266 495 1410 559 alr-ran.

87 603 216 666 surdum
239 601 367 682 proinde
389 600 530 679 valdeque
551 600 675 679 impium
703 599 807 672 fuerit,
835 619 902 662 cnm
923 601 977 662 has
1000 599 1152 680 imagines·
1167 606 1197 660 et
1218 615 1321 660 exem-

87 705 139 784 pla
161 703 315 782 Scriptura
344 702 508 792 contineat,
537 719 594 762 nos
617 720 652 761 ex
674 700 757 773 aliis,
786 719 860 780 quae
882 719 979 780 neque
1001 702 1110 781 scripta
1134 709 1322 779 acutaeque

87 805 129 866 ad
150 805 292 883 pietatem
314 802 486 866 ullomodo
508 810 651 882 spectant,
673 801 792 864 llomini
814 803 950 864 notitiam
972 801 1146 882 inquirere?

182 1008 231 1070 13.
277 1005 335 1066 lam
367 1005 466 1085 itaque
499 1003 716 1084 respondeant,
747 1005 894 1067 undenam
928 1005 1025 1066 edocti
1055 1007 1099 1067 vel
1120 1025 1180 1086 quo
1204 1005 1321 1068 tandem

87 1109 151 1170 illis
174 1107 309 1168 tradente
331 1106 388 1168 ista
409 1107 447 1168 de
462 1105 615 1168 salvatore
639 1106 785 1202 susm'oari
808 1106 970 1186 coeperint.
1002 1105 1154 1186 Legimus,
1177 1107 1320 1188 inquient,

89 1212 125 1270 iu
146 1207 335 1270 Proverbiis:
366 1208 515 1270 Dominus
538 1211 652 1270 meavit
673 1227 718 1270 me
739 1211 860 1270 initium
880 1211 1002 1271 ciorum
1024 1227 1152 1273 auorum
1174 1213 1206 1270 fn
1228 1225 1322 1290 opero

88 1329 160 1374 suo.
206 1309 325 1372 Scilicet
345 1309 375 1371 id
399 1309 485 1372 etiam
508 1307 683 1369 ridebantur
705 1308 853 1370 obiectare
875 1309 1045 1383 Eusebiani,
1068 1317 1158 1390 tuque
1181 1311 1246 1390 ipse
1263 1311 1321 1372 tuis

89 1411 202 1474 litteris
225 1410 299 1472 mihi
320 1409 510 1490 significasti,
533 1410 606 1472 istos
628 1428 746 1488 quoque
769 1409 868 1472 multis
890 1410 960 1472 licet
981 1412 1163 1490 argumentis
1183 1420 1321 1492 prostra-

90 1525 141 1574 tos
164 1520 196 1573 et
218 1511 369 1574 conuictos
391 1512 428 1573 ad
449 1511 498 1572 illa
513 1511 682 1591 Scripturae
705 1511 791 1573 verba
813 1511 992 1592 profugisse,
1016 1531 1108 1592 euque
1130 1529 1251 1574 sursum
1267 1512 1323 1574 de-

89 1633 236 1676 orsumve
259 1613 499 1674 circumferentes
521 1629 702 1686 asseverare,
724 1613 830 1674 filium
852 1631 939 1676 unam
962 1632 979 1676 e
1001 1613 1092 1676 rebus
1113 1614 1219 1676 mentis
1242 1631 1322 1686 esse,

90 1735 223 1796 cumque
252 1713 329 1776 iuter
356 1733 404 1776 res
434 1715 526 1776 factas
554 1731 758 1776 annumerare.
804 1715 911 1778 Verum
933 1716 1011 1776 huuc
1032 1716 1202 1796 Scripturae
1224 1716 1323 1778 locum

88 1838 153 1880 nou
183 1825 264 1879 reete
292 1815 363 1878 milri
392 1814 531 1876 videntur
551 1814 751 1888 intellexisse3
779 1816 926 1896 siquidem
948 1817 1029 1896 pium
1052 1825 1082 1878 et
1103 1817 1186 1880 valde
1208 1825 1321 1879 rectum

89 1919 227 1982 eontinet
249 1935 381 1989 sensum,
404 1935 492 1996 quem
514 1917 540 1978 ui
562 1915 619 1996 ipsi
634 1917 859 1991 intellexissent,
882 1918 1039 1981 Dominum
1055 1918 1166 1998 gloriae
1181 1919 1321 1998 blasphe-

90 2021 160 2082 miis
186 2037 250 2081 uon
271 2017 477 2080 offendissent.
521 2017 593 2079 Nam
617 2037 691 2096 quae
712 2037 803 2098 supra
826 2029 897 2080 suut
917 2019 1011 2094 dicta,
1033 2039 1099 2082 oum
1123 2021 1178 2081 hae
1199 2029 1322 2082 seuten-

90 2125 129 2184 tia
158 2122 333 2193 conferant,
362 2127 604 2198 cognoscentque
632 2119 755 2182 multum
784 2121 814 2180 in
842 2119 900 2182 illis
923 2140 989 2183 esse
1011 2121 1202 2186 discriminis.
1247 2122 1322 2195 Quis

92 2224 171 2286 euim
195 2241 286 2284 senua
308 2220 426 2310 mentis·
439 2239 500 2282 uou
521 2220 667 2300 inteiligit,
691 2240 740 2284 rcs
764 2231 876 2284 creatus
899 2230 929 2284 et
950 2223 1040 2286 factas
1055 2233 1136 2286 cntra
1152 2225 1322 2286 effectorem

93 2345 178 2398 esse,
208 2324 438 2394 utramontani,
466 2331 500 2385 ut
520 2341 610 2403 supra
633 2323 833 2396 ostendimus,
863 2343 923 2384 non
947 2332 1027 2386 extra
1050 2326 1103 2386 sed
1127 2344 1162 2386 ex
1184 2325 1322 2404 gignente

95 2439 177 2506 patre
210 2423 379 2488 exsistere?
430 2425 542 2504 Nempe
578 2425 668 2486 homo
698 2425 818 2487 domum
850 2426 970 2505 quidem
998 2428 1114 2500 condit,
1148 2427 1202 2488 sed
1230 2425 1323 2488 lilium

97 2529 204 2608 gignit,
227 2528 268 2588 ita
291 2536 324 2590 ut
346 2545 434 2588 nemo
457 2525 578 2589 inverso
602 2527 706 2588 ordine
728 2529 807 2590 ausit
828 2526 942 2601 dicere,
966 2527 1087 2590 domum
1111 2538 1140 2590 et
1161 2547 1265 2590 navem
1287 2527 1323 2589 cb

99 2629 283 2690 aedificatore
306 2628 395 2708 gigni,
418 2627 511 2690 lilium
532 2637 629 2690 autem
651 2628 687 2690 ab
710 2629 815 2692 eodem
837 2627 925 2688 condi
948 2637 978 2690 et
999 2629 1072 2703 lieri,
1096 2649 1151 2691 neo
1172 2630 1243 2690 item
1266 2627 1323 2689 do-

98 2749 177 2792 mum
198 2729 396 2793 aedificatoris
419 2729 576 2807 imaginem
599 2749 683 2804 esse,
715 2729 806 2790 filium
829 2747 899 2790 vero
925 2749 994 2790 esse
1020 2731 1163 2808 genitoris
1189 2729 1324 2792 dissimi-

99 2833 173 2908 lcm3
202 2832 256 2894 sed
284 2831 385 2912 potius
413 2829 505 2892 filium
534 2847 601 2892 esse
634 2829 727 2911 petris
760 2831 918 2910 imaginem
938 2839 978 2902 et
1009 2831 1130 2892 domum
1153 2831 1225 2892 artis
1248 2847 1324 2909 opus

100 2935 251 3006 fatebitur,
274 2932 331 2994 uisi
354 2934 432 2994 forte
453 2931 520 3012 quis
542 2939 642 2994 mente
664 2932 704 2994 sit
725 2942 828 3012 eaptus
851 2951 884 2993 nc
906 2931 1021 2994 deliret.
1065 2931 1203 2996 Profecto
1227 2932 1324 2994 diuina

101 3035 261 3114 Scriptura,
282 3053 357 3114 quae
380 3051 479 3096 renum
503 3035 635 3096 omnium
659 3043 791 3096 naturam
813 3034 901 3112 longe
923 3033 1027 3097 melius
1050 3033 1188 3097 omnibus
1211 3053 1324 3114 cogno-
1443 3025 1446 3031 ’

102 3136 174 3208 scit,
201 3137 238 3199 de
265 3135 357 3198 rebus
379 3135 486 3198 creatis
507 3153 562 3214 per
582 3135 713 3214 Moyscrn
737 3135 810 3200 liaeo
830 3136 885 3198 ait:
914 3136 953 3200 ln
970 3140 1125 3218 principio
1147 3137 1220 3215 [ectr
1241 3135 1324 3199 decr

103 3239 214 3300 emtum
243 3252 272 3301 et
302 3227 429 3300 terrain.
472 3235 514 3297 lle
538 3237 610 3298 tuto
643 3245 740 3300 autem
769 3257 829 3300 non
857 3237 946 3300 alium
976 3257 1062 3318 mam
1090 3239 1186 3318 ipsum
1209 3237 1324 3300 Patrem

104 3339 227 3402 dederat
258 3340 373 3402 dicere:
406 3339 455 3402 liar
481 3347 571 3400 utero
594 3352 664 3402 onte
688 3339 850 3419 luer’serunt
871 3344 964 3420 genui
984 3354 1020 3405 te.
1065 3339 1102 3402 Et
1124 3357 1243 3402 rursus:
1273 3337 1326 3402 Fi-

106 3441 163 3502 lr'os
178 3461 273 3504 meur
302 3460 334 3504 cc
354 3451 415 3518 'ftt,·
443 3441 504 3520 Epo
535 3443 620 3506 lodie
641 3447 733 3522 penui
754 3453 791 3504 te.
834 3441 910 3520 lpse¹
925 3459 1043 3520 quoque
1065 3439 1209 3502 llominus
1233 3441 1269 3502 de
1292 3459 1326 3502 se

108 3543 170 3620 ipso
189 3544 219 3604 iu
239 3543 412 3606 Proverbiis
434 3543 489 3604 ait:
519 3546 595 3605 Arete
624 3561 724 3606 omnes
748 3543 839 3605 codes
861 3554 987 3622 generat
1006 3561 1063 3606 mc.
1107 3543 1233 3604 loannes
1254 3539 1324 3602 item

111 3641 148 3701 de
165 3643 240 3706 foetis
264 3653 294 3706 et
317 3643 424 3704 creatis
448 3644 537 3706 rebus
560 3644 603 3706 sic
624 3644 769 3724 loquitur:
801 3645 908 3706 Omnia
928 3663 986 3725 per
1008 3649 1107 3724 ipsum
1128 3647 1213 3724 [octo
1235 3652 1324 3716 roem

110 3741 149 3804 de
165 3744 285 3810 Domino
318 3753 417 3808 autern
449 3743 535 3807 dicit:
573 3745 749 3827 Unigenitur
772 3745 884 3818 Filius,
909 3751 971 3826 ,qui
998 3757 1043 3808 est
1064 3751 1098 3808 fn
1118 3751 1189 3808 atne
1210 3744 1325 3816 Patria,

110 3846 169 3924 ipre
188 3853 354 3910 eeurrooit.
398 3845 501 3925 ltaque
523 3848 550 3908 si
573 3846 649 3908 filius
672 3856 727 3921 est,
751 3867 813 3910 nou
835 3860 882 3910 cet
903 3866 952 3909 res
974 3857 1081 3919 creata,
1105 3848 1131 3908 ai
1153 3854 1255 3910 contra
1276 3859 1326 3904 res

112 3957 201 4009 remu
227 3957 290 4024 est,
318 3965 381 4010 non
403 3957 450 4010 est
472 3956 552 4010 certe
575 3947 669 4022 filium
700 3947 845 4028 siquidem
868 3949 1026 4028 plurimum
1050 3967 1099 4010 ree
1122 3947 1169 4006 illa
1192 3946 1270 4006 inter
1291 3963 1327 4007 se

147 4233 169 4279 b·
184 4235 218 4285 Sic
235 4239 289 4300 lieg.
326 4240 371 4289 etit
396 4253 451 4288 roro
478 4246 501 4286 et
525 4238 581 4287 editi
600 4229 638 4290 εἷς·
657 4229 687 4283 τὸ
741 4227 830 4284 οἰκίαν
840 4227 932 4284 εἰκόνα
944 4228 1147 4290 ῐοῦκῐίζοντος,
1159 4227 1250 4284 τὸνδὲ
1263 4227 1323 4283 ut‘o'r

113 4293 192 4364 ῥητὸν
208 4305 284 4352 τοῦτο
303 4301 527 4374 συμβαλέτωσαν.
741 4305 831 4354 omisso
850 4304 946 4352 suntin
966 4303 1021 4362 licg.

149 4370 219 4423 esic
235 4375 288 4437 fleg.
330 4381 358 4425 nt
382 4376 422 4426 alii
450 4383 473 4424 et
502 4374 557 4422 editi
584 4365 689 4438 πατρός

114 4428 180 4482 ἔστι.
775 4421 796 4484 q.
815 4405 855 4453 Sic
873 4385 928 4465 ltcg.
966 4403 1044 4454 Ceteri
1064 4413 1142 4456 autern
1161 4413 1184 4458 et
1203 4405 1259 4458 editi
1278 4399 1327 4454 τόν

741 4480 861 4522 omittunt.

153 4503 174 4550 d:
185 4507 245 4558 llaec
261 4512 330 4560 ucria
339 4505 537 4568 alcaramaz
546 4507 688 4558 ποιεῖσθαι

117 4565 190 4634 παρὰ
205 4574 249 4624 τοῦ
266 4569 364 4635 edred,
386 4569 450 4628 eddi
468 4570 550 4627 neto
567 4571 617 4637 τὴν
634 4571 686 4643 μὲν
776 4576 793 4624 f.
812 4574 868 4636 fleg.
888 4568 1024 4640 τυγχάνει.
