3158 5050
345 395 352 417 ε
486 350 629 445 ,somaro
645 375 684 420 rr.
701 377 816 422 εεεεεε
830 379 965 424 munos.
1038 429 1044 446 ,
1283 371 1345 435 627

112 547 174 592 eur
196 527 319 590 omnino
340 488 465 592 dilatata
479 511 589 592 linitas
607 527 655 590 sit
701 527 788 602 Quod
811 527 890 592 enim
911 549 972 594 non
993 531 1071 595 idem
1085 541 1195 610 manet,
1219 537 1272 602 sed
1287 553 1430 618 po-osaa

113 639 183 693 stea
206 629 360 704 dilatatur,
383 647 500 695 eausam
522 629 629 692 habeat
649 647 774 692 neeesse
795 639 861 704 est,
883 649 938 711 per
959 651 1046 712 quam
1067 635 1215 702 dilatetur.
1260 639 1293 700 Si
1313 648 1347 702 ut

113 733 248 796 Verbum
271 741 301 794 et
322 731 449 812 Spiritus
471 749 538 794 enm
560 730 610 793 illo
634 740 726 805 esset,
748 743 975 814 praeposterum
998 745 1045 799 εει
1066 737 1166 801 disere
1187 739 1344 816 uniamur,

113 834 227 898 deinde
256 833 404 898 dilatatam
432 853 512 896 esse.
561 833 622 896 lleo
650 835 728 896 enim
750 837 900 915 posterius
929 846 975 900 est
995 837 1123 904 Verbum
1152 848 1183 904 et
1203 841 1344 923 Spiritus,
1431 870 1439 888 ·
1559 868 1564 877 ·

113 935 171 1002 sed
194 954 333 1018 semper,
360 955 398 1000 aa
419 935 555 998 videlieet
576 935 655 998 Deus
677 935 742 1000 sine
765 937 862 999 Verbo
890 957 944 1001 seu
965 939 1090 1004 Ratione
1117 959 1186 1006 esee
1213 951 1343 1024 putetur,

114 1040 162 1102 uti
184 1033 318 1102 sentiunt
331 1038 442 1102 Ariani.
485 1037 630 1112 Qunoirea
652 1037 677 1100 si
699 1057 818 1119 semper
840 1039 896 1102 luit
911 1040 1038 1106 Verbum
1054 1050 1084 1104 ει
1097 1043 1237 1124 Spiritus,
1261 1066 1343 1110 sem-

113 1159 172 1222 per
200 1159 319 1221 quoque
348 1141 465 1203 dilatata
492 1140 563 1214 luit,
592 1157 652 1202 non
681 1149 778 1204 autem
805 1141 935 1222 primum
962 1144 1018 1206 luit
1044 1144 1157 1210 Unitas.
1202 1147 1290 1220 Quod
1317 1149 1344 1212 si
1455 1176 1468 1199 ·
1572 1127 1573 1136 ἵ

113 1243 271 1324 posterius
292 1242 408 1304 dilatata
431 1251 494 1316 εει,
526 1242 677 1322 posterius
706 1242 796 1322 igitur
818 1252 864 1306 est
886 1244 1023 1320 Verbum.
1068 1247 1100 1310 Si
1122 1265 1192 1312 vero
1220 1257 1344 1328 proptu·

116 1347 264 1408 liumanae
284 1353 408 1408 naturae
429 1344 645 1408 assumtionem
667 1343 784 1410 dilatato
807 1355 863 1420 est,
886 1350 1109 1428 {operueram
1132 1361 1179 1413 εει
1193 1351 1342 1428 Τείείιεες

115 1447 206 1527 igitur
236 1455 304 1510 ante
325 1455 459 1509 naturum
481 1446 640 1508 bumanrun
662 1437 980 1513 assumtam'uondum
1003 1457 1066 1514 erat
1087 1451 1226 1516 Trinitas.
1269 1453 1343 1518 lude

114 1541 195 1612 ιιεειΙ
210 1557 360 1629 sequetur,
382 1555 416 1610 ut
436 1548 524 1610 Pater
545 1567 613 1610 earn
635 1549 730 1612 laetos
746 1551 794 1624 alt,
817 1551 844 1613 si
862 1569 969 1632 nempe
984 1551 1061 1632 lpse,
1083 1554 1133 1634 qui
1150 1555 1252 1618 Unitas
1268 1563 1341 1631 erat,

114 1651 268 1713 hominem
290 1647 470 1712 assumendo
492 1648 629 1712 dilatatam
652 1660 715 1724 est3
737 1652 788 1730 qui
809 1661 840 1714 et
860 1652 938 1716 idem
958 1653 1096 1718 fortassis
1112 1655 1215 1720 Unitss
1236 1665 1343 1736 postea

114 1753 183 1826 erit,
206 1763 236 1816 ει
256 1771 337 1825 εεεε,
360 1759 390 1814 ει
410 1751 488 1831 quod
511 1751 632 1814 tertium
654 1761 701 1814 est
723 1751 864 1834 Spiritus,
887 1755 914 1818 si
932 1773 1041 1836 nempe
1062 1756 1127 1838 ipse
1149 1764 1204 1832 est,
1227 1759 1277 1838 qui
1292 1757 1341 1820 di-

114 1853 223 1918 latatus
245 1864 308 1928 εει;
334 1873 369 1916 aa
389 1852 516 1935 proinde
538 1853 604 1914 sole
627 1855 748 1918 nomine
770 1854 899 1918 Trinitas
921 1857 1019 1922 latura
1041 1865 1098 1922 εει.
1144 1858 1232 1932 Quod
1255 1859 1282 1920 si
1303 1859 1341 1922 ad

114 1957 275 2020 creandum
298 1957 416 2024 dilatata
438 1955 582 2028 dicatur,¹
597 1955 627 2018 id
656 1975 774 2036 queque
793 1951 958 2020 'absurdum
981 1967 1036 2022 est.
1079 1959 1158 2022 Fieri
1180 1961 1258 2022 enim
1280 1979 1338 2040 po·

115 2067 208 2132 terat,
239 2068 273 2121 ut
299 2060 364 2138 ipsa
391 2049 517 2120 madens
539 2055 643 2120 Unitas
672 2058 771 2121 omnia
798 2058 938 2122 ellleeret.
981 2059 1041 2120 Nee
1061 2059 1142 2122 enlm
1169 2061 1339 2124 dilatatione

29 2185 33 2196 ’
114 2159 266 2240 indigebat
287 2159 400 2233 Unitas,
421 2177 478 2220 nee
498 2158 614 2220 inllrma
636 2167 700 2220 erat
720 2160 894 2240 priusquam
916 2159 1098 2226 dilataretur.
1140 2163 1213 2226 Nam
1228 2163 1337 2226 absur-

113 2263 185 2328 dum
213 2268 244 2325 ει
270 2261 392 2342 impium
420 2269 469 2324 est
495 2260 524 2322 id
552 2261 589 2324 de
610 2261 672 2324 lieo
695 2262 807 2325 sentiro
829 2270 860 2324 et
880 2263 988 2326 disere.
1031 2263 1116 2328 Aliud
1137 2249 1268 2347 insuper·
1283 2265 1337 2328 ab·

114 2367 238 2428 surdum
260 2364 330 2426 inde
351 2370 559 2442 consequetur.
610 2363 642 2425 Si
671 2363 748 2426 enim
777 2381 877 2426 rerum
906 2373 1068 2430 εεεειεειιεε
1096 2365 1205 2445 pratil¹
1221 2367 1340 2444 dilatato

116 2459 179 2543 εἐι,
208 2467 234 2529 si
257 2466 396 2548 prmndiu
418 2472 482 2528 erat
503 2463 622 2538 Unitas,
645 2465 742 2527 nullae
764 2474 849 2528 erant
869 2483 918 2528 res
940 2475 1071 2538 εεεειεες
1103 2485 1170 2530 eum
1192 2478 1263 2549 poet
1283 2467 1338 2530 ab·

114 2571 241 2634 solutam
263 2569 443 2632 εεεειίεεεεε
464 2585 571 2630 εεεεεε
594 2587 610 2628 ε
633 2566 749 2630 dilatata
772 2567 836 2628 lieri
859 2567 965 2630 debeat
985 2568 1109 2642 Unitas,
1132 2569 1233 2650 utique
1255 2570 1338 2632 dele-

114 2673 224 2736 buntur
251 2690 369 2752 qunque
396 2687 447 2732 res
474 2678 598 2732 creatae.
642 2669 680 2730 Ut
707 2669 786 2730 enim
817 2669 934 2732 creandi
958 2669 1269 2744 constutonenos,
1297 2671 1338 2732 ita

114 2793 181 2838 oum
204 2773 321 2836 dilatata
342 2791 411 2834 esse
433 2770 559 2844 desinet,
583 2769 708 2832 existere
730 2769 866 2832 similiter
887 2769 1025 2832 desinent
1045 2787 1095 2832 res
1117 2779 1242 2832 mentae.

202 2881 250 2940 15.
294 2875 373 2936 llaee
393 2873 491 2954 itaque
513 2872 639 2934 absurda
661 2871 765 2934 axilla
788 2871 922 2934 orientur
944 2872 1095 2953 opinione,
1117 2887 1174 2952 qua
1191 2871 1291 2935 Unitas
1306 2872 1337 2936 in

115 2977 290 3040 Trinitatem
312 2975 425 3038 dilatari
446 2975 562 3038 dieitur.
608 2974 733 3047 Quande
760 2991 831 3036 rero
854 2974 965 3052 quiite
987 2973 1134 3048 sentiunt,
1156 2973 1284 3036 Verbum
1307 2982 1338 3038 et

114 3079 219 3143 lilium
241 3079 373 3141 dividere
393 3077 514 3149 audent,
535 3076 775 3156 eontenduntque
796 3076 873 3138 aliud
896 3095 962 3164 esse
978 3075 1105 3138 Verbum
1126 3085 1156 3138 et
1176 3075 1265 3138 alium
1282 3077 1422 3139 Ferae.

115 3182 201 3254 lium,
231 3183 316 3262 prius
338 3179 466 3242 Verbum
495 3197 581 3254 esse,
608 3179 716 3241 deinde
737 3161 860 3253 Filium3
892 3197 945 3258 age
972 3179 1030 3242 ista
1052 3197 1171 3260 quoque
1193 3179 1218 3240 si
1240 3179 1337 3260 planet
1468 3243 1473 3257 ,

113 3285 341 3365 perpendamus.
386 3282 470 3344 Varia
498 3291 596 3344 autem
624 3282 741 3344 illorum
771 3289 818 3344 εει
844 3280 1006 3344 temeritas.
1049 3281 1106 3344 Alii
1135 3281 1214 3346 enim
1235 3283 1335 3346 bomi-

115 3405 192 3461 nem,
215 3404 304 3466 quem
319 3385 453 3447 Salvator
467 3383 619 3457 assumsit,
641 3384 748 3446 Filium
763 3403 831 3446 esse
846 3384 955 3456 volunt,
978 3381 1027 3446 alii
1043 3392 1210 3466 utromque,
1229 3403 1336 3464 nempe

116 3487 266 3560 hominem
288 3497 318 3550 et
339 3487 482 3562 Verbum,
506 3495 577 3550 tune
598 3485 702 3548 Filium
726 3485 832 3548 laetum
854 3485 948 3548 luisse
971 3494 1090 3566 putant,
1113 3505 1179 3550 oum
1202 3487 1279 3547 inter
1301 3507 1335 3550 se

117 3589 244 3670 eopulati
266 3598 346 3652 sunt
389 3589 444 3650 Alit
466 3597 563 3652 autem
585 3588 773 3663 arbitrantur,
795 3589 892 3668 ipsum
916 3587 1044 3652 Verbum
1066 3594 1137 3650 tune
1157 3586 1262 3649 Filium
1288 3589 1334 3650 la·

116 3701 194 3756 otum
218 3711 295 3767 esse,
317 3709 384 3754 urm
405 3693 497 3754 homo
519 3693 613 3753 laetus
637 3700 699 3764 est3
721 3690 866 3770 siquidem
889 3707 925 3750 ex
943 3689 1050 3760 Verba,
1072 3688 1216 3766 inquiunt,
1238 3690 1333 3754 tauns

116 3802 162 3856 εει
181 3793 290 3868 Filius,
320 3796 371 3876 qui
398 3801 483 3855 antea
509 3811 570 3856 non
592 3792 699 3865 Filius,
727 3791 781 3854 sed
810 3792 949 3854 duntaxat
972 3790 1098 3852 Verbum
1121 3799 1193 3852 erat.
1237 3789 1331 3852 Porro

115 3905 236 3976 nterqrre
258 3915 343 3959 error
364 3897 533 3958 Stoicorum
555 3902 611 3968 est,
633 3913 691 3973 qno
713 3901 743 3956 et
756 3892 835 3954 Deus
858 3892 972 3956 dilatari
989 3892 1102 3956 dieitur
1124 3899 1155 3952 et
1167 3890 1258 3952 Vilius
1275 3909 1330 3952 ne-

116 4007 208 4077 gatur.
254 3998 342 4061 Valde
369 4007 467 4060 sutem
489 3996 560 4059 illud
582 3996 713 4076 ineptum
737 4004 798 4069 est,
826 3995 906 4074 qood
933 4013 1000 4056 nom
1023 3994 1148 4056 Verbum
1170 4000 1331 4073 agnoscant

115 4107 144 4161 ει
164 4101 333 4175 εειεὶεεει,
363 4101 462 4180 ipsum
482 4098 588 4162 Filium
609 4117 677 4161 esse
699 4097 875 4162 inficiantur.
918 4096 1076 4160 Enimvero
1097 4096 1123 4158 si
1147 4093 1273 4158 Verbum
1294 4113 1331 4158 ex

146 4355 168 4406 d.
187 4355 227 4405 Sia
245 4371 303 4406 mss.
343 4356 370 4405 ln
394 4355 499 4406 editione
525 4363 603 4406 antem
622 4355 695 4406 Com·
746 4360 844 4418 praeter
860 4352 1012 4404 Felelmauni
1028 4353 1050 4404 l.
1087 4351 1112 4401 ln
1137 4351 1190 4401 aliis
1211 4358 1236 4401 et
1258 4352 1329 4402 editis

114 4424 167 4475 mal.
184 4417 239 4502 πρό
258 4425 333 4474 deest.
746 4423 813 4472 deest
830 4416 868 4474 dt.

147 4507 167 4542 ε.
185 4505 240 4557 ynp
265 4494 332 4543 abeat
355 4491 458 4541 anast.
482 4499 506 4540 ει
523 4490 627 4553 lualid..
671 4493 694 4542 ni
779 4505 801 4554 p.
820 4491 876 4553 Reg.
894 4489 992 4551 Segner.
1012 4479 1280 4548 ostentauerant
1299 4481 1332 4536 δὲ

113 4560 201 4622 lagllr.
220 4575 274 4610 mor
293 4561 363 4611 babet
388 4553 434 4606 aori
450 4551 487 4612 nr
504 4553 533 4609 dl
549 4552 637 4625 μονὰς
654 4505 694 4621 ἓν.
746 4551 780 4610 oi.
816 4559 895 4609 Ceteri
913 4565 937 4608 et
953 4557 1010 4607 editi
1028 4549 1085 4606 tuat
1102 4550 1131 4604 dl
1149 4547 1182 4604 ol.
1278 4613 1286 4632 '

145 4629 161 4680 l.
185 4631 226 4680 Sie
242 4629 299 4692 llep.
324 4636 348 4679 et
364 4629 504 4692 Seruarian·
528 4629 618 4694 altique
634 4643 693 4682 mss.
778 4627 802 4678 la.
821 4627 892 4678 Basti.
911 4633 933 4678 el
945 4627 1036 4690 anglie.
1054 4612 1113 4674 alae
1129 4619 1160 4676 di
1177 4617 1225 4674 τὸν
1241 4615 1314 4675 ator.

1071 4708 1127 4762 ld*
