3128 5052
417 381 425 391 .
547 347 691 392 nntsaoca
706 349 738 392 u.
753 351 791 394 ao
807 331 1002 397 santonensis.
1318 343 1379 406 757

145 501 216 582 quia
238 501 344 562 naturl
365 515 427 561 non
450 507 520 560 sont
541 499 599 573 clii,
632 500 665 561 tlt
692 499 849 582 aliquando
878 509 912 564 ut
933 503 1052 584 quidam
1073 514 1227 571 mutentur
1248 507 1465 590 baooqueosoo.

147 603 284 666 audiunt:
306 601 369 683 Epo
392 602 473 664 oliui:
497 602 541 664 olii
561 606 633 666 estis
656 614 686 664 et
706 603 768 684 filit
787 603 911 666 Enoelsc'
931 623 1042 668 omnes.
1090 607 1146 671 l'cs
1179 619 1279 672 cutem
1300 615 1381 677 sicut

66 701 72 706 ’
148 705 281 769 tommo
303 707 466 767 monimini.
510 703 592 765 'l'alis
614 703 664 765 ille
686 711 765 777 crat,
788 703 834 767 cui
856 705 965 768 dictum
989 716 1051 770 est:
1077 707 1214 774 Teucro
1237 712 1325 776 lonso
1347 732 1379 776 cs

147 816 178 868 et
199 824 261 868 non
283 805 377 868 Deus.
421 807 458 866 nt
479 805 571 867 Filius
594 805 673 868 Deus
697 825 784 868 verus
807 815 936 870 estnon
959 827 1046 871 secus
1069 810 1214 873 acPator.
1258 813 1293 876 ln
1311 813 1378 895 ipso

148 906 295 988 siquidem
325 915 372 969 ost
400 915 429 969 ct
449 907 537 970 Pater
564 905 595 968 in
616 907 709 981 Filio,
738 909 986 988 quemadmodum
1009 911 1136 974 loannes
1157 913 1304 994 scripsit,
1334 917 1380 980 uti

149 1018 309 1072 ostensum
330 1017 385 1070 est.
430 1009 521 1071 David
543 1017 641 1072 autem
663 1009 777 1090 psallit:
801 1009 891 1074 Sedes
915 1021 977 1084 tuo,
1000 1011 1091 1084 Deus,
1114 1015 1147 1074 in
1169 1015 1379 1090 scenoloace-

149 1110 220 1174 coll.
268 1109 357 1191 Vlrpc
385 1114 546 1192 aequitatis
576 1115 664 1190 ca'rpc
686 1116 776 1192 repna'
795 1115 850 1174 tau'.
894 1111 931 1174 lit
952 1112 1100 1193 Propheta
1128 1113 1232 1178 Esaias
1256 1115 1378 1180 clamat:

148 1212 314 1275 loboravit
335 1212 485 1294 Aepyptus
508 1225 537 1277 et
557 1217 720 1293 nepott'ott'o
742 1213 925 1294 Aethiopiae,
949 1224 977 1278 et
998 1214 1119 1279 Sototm
1140 1219 1205 1279 oiri
1216 1217 1329 1280 eoeetst
1339 1220 1381 1281 oti

147 1325 177 1376 tc
199 1313 386 1386 transibunt,
410 1325 440 1375 et
462 1325 490 1376 ta
511 1325 678 1395 sequentur
698 1317 793 1378 uincti
812 1319 939 1379 monitis
961 1326 991 1379 et
1012 1317 1187 1380 odorabunt
1201 1330 1239 1396 tc,
1262 1322 1380 1402 puioin

148 1425 177 1478 tc
196 1415 280 1477 Deus
302 1427 356 1478 est.
405 1413 447 1477 Tu
476 1417 555 1478 moin
583 1433 615 1477 es
636 1414 721 1478 Deus
742 1415 858 1489 lsrael,
891 1429 934 1494 et,
949 1419 1164 1482 neouatomoe.
1210 1419 1284 1492 Quis
1308 1438 1378 1483 vero
1420 1409 1431 1432 ⁴

146 1517 226 1579 Deus
249 1523 306 1590 est,
329 1516 360 1578 in
383 1535 442 1596 quo
465 1525 512 1578 est
534 1517 625 1591 licus,
648 1517 707 1578 nisi
729 1517 833 1592 Filius,
857 1518 1015 1598 quislibit:
1039 1521 1101 1601 Epo
1116 1525 1149 1582 in
1164 1521 1259 1585 Patra
1273 1532 1303 1586 et
1317 1521 1379 1584 Po·
1426 1569 1430 1576 .

145 1615 405 1681 mmmm?

231 1825 276 1900 5.ι
307 1821 389 1894 Quae
412 1839 478 1882 cum
501 1820 541 1882 ita
564 1839 597 1882 so
620 1821 748 1885 babeant
769 1841 803 1883 ac
824 1823 992 1904 conscripta
1014 1825 1090 1899 sint,
1114 1824 1181 1905 quis
1204 1843 1265 1887 non
1287 1825 1377 1900 videt,

145 1922 252 1986 Filium
274 1923 353 1985 Patri
376 1941 445 1984 esso
466 1921 767 1997 consubstantialem,
799 1923 1039 2004 quandoquidem
1067 1925 1140 1988 nibil
1171 1927 1268 1990 simile
1289 1927 1380 1990 habet

145 2043 214 2086 cum
241 2023 332 2085 robus
360 2023 483 2098 meotis,
519 2025 573 2086 sed
604 2043 795 2105 quaecumque
823 2035 892 2088 sunt
922 2025 1037 2102 Patris,
1070 2036 1141 2090 sunt
1169 2028 1258 2090 ctiam
1284 2026 1378 2090 Filii?

146 2124 404 2200 Quemadmodum
426 2126 505 2188 enim
529 2125 555 2188 si
577 2145 664 2206 quam
688 2145 753 2188 cum
777 2128 867 2190 rebus
890 2127 996 2190 creatis
1024 2129 1250 2191 similitudinem
1273 2139 1303 2191 ct
1323 2147 1377 2191 co-

144 2229 316 2310 gnationem
338 2226 478 2295 baberet,
501 2227 559 2288 illis
583 2228 845 2291 consubstantialis
869 2237 958 2303 essct,
986 2231 1025 2292 ita
1048 2230 1116 2310 quia
1138 2231 1174 2292 ab
1197 2229 1304 2292 iisdem
1326 2247 1377 2293 sc-

142 2330 284 2394 cundum,
296 2328 492 2392 substantiam
515 2329 589 2392 alius
613 2339 676 2404 est,
711 2331 924 2412 propriumque
945 2331 1043 2394 Patris
1074 2340 1122 2395 ost
1149 2331 1293 2406 Verbum,
1323 2349 1379 2394 nec

144 2431 220 2494 alius
243 2431 355 2494 abillo
378 2440 440 2505 est3
464 2451 530 2494 cum
553 2431 622 2493 item
647 2431 756 2507 omnia,
779 2451 853 2512 quae
876 2431 973 2495 Patris
996 2441 1076 2507 sunt,
1100 2431 1233 2495 eiusdem
1255 2431 1379 2513 propria

145 2533 216 2608 sint,
239 2551 342 2596 verum
364 2552 436 2596 sanc
459 2543 505 2595 cst
526 2551 595 2595 cum
610 2533 689 2595 Patri
705 2533 989 2596 consubstantialem
1012 2553 1090 2596 csse.
1134 2535 1214 2622 llacp
1230 2533 1379 2614 siquidem
1430 2597 1433 2604 ,

144 2635 201 2698 tott
222 2652 307 2696 mens
330 2643 360 2696 et
382 2633 527 2698 sententia
550 2635 687 2708 Patnum,
717 2653 783 2696 cum
813 2635 842 2696 in
866 2633 993 2696 Nicacna
1024 2635 1144 2714 Synodo
1166 2635 1273 2696 Filium
1301 2653 1377 2696 con·

144 2735 374 2802 substantialem
396 2745 427 2798 ct
449 2755 485 2798 ex
508 2735 674 2797 substantia
696 2735 792 2797 Patris
815 2733 884 2796 csse
906 2735 1035 2798 conlcssi
1059 2745 1139 2797 sunt
1173 2735 1273 2796 xliccte
1298 2735 1379 2797 enim

142 2846 372 2918 perspexerunt,
393 2837 503 2900 nullom
526 2845 652 2899 creatam
676 2837 872 2898 substantiam
893 2855 985 2918 posse
1007 2853 1136 2916 unquam
1160 2835 1274 2898 dicere:
1306 2836 1378 2899 Ont-

144 2945 208 3016 nlo,
231 2957 430 3023 quoecumque
453 2940 540 3002 balet
562 2939 665 3011 Potor,
688 2957 753 3001 mec
775 2950 858 3002 sunt.
903 2935 975 3000 Nam
1002 2957 1069 3000 cum
1092 2935 1238 3000 existendi
1260 2936 1379 3000 initium

145 3041 263 3114 babeat,
286 3059 351 3103 eam
373 3049 401 3104 ct
422 3040 543 3121 proprie
566 3059 636 3102 esse
660 3048 687 3102 et
711 3057 832 3122 semper
853 3041 948 3102 luisse
966 3039 1023 3102 dici
1039 3039 1151 3120 nequit.
1195 3039 1237 3101 Ac
1250 3037 1379 3119 proinde

145 3145 214 3224 quia
236 3145 310 3206 baec
330 3142 405 3205 Filio
435 3141 633 3216 conveniunt,
666 3151 696 3203 et
723 3142 840 3216 omnia,
869 3161 944 3221 quae
966 3141 1061 3204 Patris
1092 3159 1160 3203 esse
1188 3139 1378 3214 dictumest,

144 3245 212 3308 Filii
233 3263 351 3326 quoque
373 3253 453 3316 sunt,
475 3261 601 3306 necesse
624 3253 670 3306 est
685 3243 750 3306 Filii
767 3243 965 3306 substantiam
986 3262 1049 3305 non
1072 3261 1150 3305 esse,
1163 3249 1301 3317 creatam,
1324 3241 1379 3306 sed

143 3347 225 3410 Patri
247 3345 539 3410 consubstantialem.
583 3345 667 3408 Uotle
690 3363 756 3408 cum
779 3346 851 3408 alias
873 3345 913 3408 ob
935 3363 1040 3408 causas
1070 3354 1132 3408 tum
1164 3353 1243 3408 certe
1266 3343 1377 3406 idcirco

141 3455 243 3511 meato
271 3449 329 3510 (lici
357 3465 417 3509 non
444 3453 546 3527 potest
574 3446 756 3522 substantia,
788 3446 867 3528 quod
895 3447 1112 3527 proprietatum
1133 3445 1187 3508 Dei
1216 3463 1305 3525 capax
1327 3443 1376 3507 sit.

145 3549 350 3629 Proprietates
373 3557 471 3611 autem
494 3547 558 3610 cios
580 3549 705 3629 appello,
730 3569 767 3612 cx
789 3549 895 3629 quibus
917 3547 997 3612 llcus
1020 3545 1220 3628 cognoscitur,
1243 3555 1277 3605 ut
1298 3544 1379 3623 quod

115 3645 118 3652 '
144 3649 186 3712 sit
207 3643 408 3729 omnipotens,
431 3650 510 3730 quod
531 3651 655 3731 proprie
678 3649 727 3725 sit,
750 3651 830 3730 quod
853 3650 893 3712 sit
914 3647 1124 3721 immutabilis,
1148 3645 1262 3725 aliaque
1284 3661 1377 3723 supe-

144 3752 209 3814 rius
230 3750 318 3826 dicta,
340 3769 378 3812 nc
399 3751 534 3814 videlicet
555 3751 619 3832 ipse
641 3750 722 3814 Dens
744 3751 835 3814 nebus
859 3751 977 3825 creatis,
999 3749 1043 3811 uti
1064 3747 1167 3810 volunt
1188 3745 1376 3825 insipientes,

143 3971 284 4034 etSepoor.
302 3964 395 4018 πάντα
420 3963 455 4018 τὰ
472 3969 522 4018 τοῦ
539 3963 652 4038 πατρός.
690 3971 736 4022 llil
788 3971 869 4021 manni
890 3971 912 4020 l.
937 3983 1070 4032 anonymos
1095 3975 1118 4019 ot
1141 3965 1233 4028 logiic
1257 3959 1288 4013 tt
1305 3962 1378 4014 omil-

145 4049 168 4090 ct
188 4040 245 4089 aditi
264 4031 298 4086 cti
317 4041 437 4088 omittunt.
789 4047 841 4088 tuot
858 4045 914 4102 post
931 4030 1030 4086 πάντα.
1069 4033 1161 4086 tbttem
1174 4035 1230 4095 llos.
1244 4032 1377 4094 ctSegocr.

180 4122 202 4170 g.
221 4107 263 4156 Sic
279 4107 336 4168 tteg.
362 4115 385 4156 et
403 4107 501 4168 Segoer.
537 4107 565 4157 lt
592 4107 615 4156 in
641 4105 695 4155 allis
714 4113 738 4154 et
787 4101 972 4172 προειρημένα
990 4103 1039 4153 τοῦ
1057 4095 1169 4170 πατρός.
1216 4100 1261 4149 llll
1280 4106 1303 4149 at
1320 4096 1380 4148 editi

145 4175 216 4224 editis
234 4166 270 4222 ἄν
287 4174 363 4224 deest.
399 4175 474 4225 Paulo
486 4181 543 4238 post
561 4175 617 4236 tteg.
636 4175 736 4236 Sepooc.
787 4169 972 4242 προειρημένα
989 4165 1119 4235 περὶτοῦ
1136 4159 1249 4233 πατρός.

145 4241 737 4374 telettum·salpinctae
776 4267 1378 4405 1,„2·,⁵,=·:„:¹:z·,÷.;ne,

146 4379 256 4494 olel?
272 4377 462 4508 l‘t·.‚0⁵:tltt.
482 4375 737 4494 *li''ia⁰0⁰t''¹ilaii
789 4411 864 4461 nto
882 4417 939 4473 »⁰⁸²
955 4409 1047 4470 toste·
1065 4401 1151 4460 ἀὼς
1174 4398 1252 4455 ne
1267 4397 1315 4452 „ts
1331 4411 1378 4454 ec

147 4510 265 4561 Commol.
289 4503 400 4564 ἀϊδίων
429 4504 444 4558 ὅ
468 4505 499 4559 δὲ
514 4503 573 4563 vilic
590 4504 636 4558 διὰ
654 4509 735 4558 τοῦτο
822 4510 845 4560 b.
863 4509 899 4559 ltt
917 4507 1120 4574 malsonus.
1156 4507 1183 4558 itt
1201 4505 1290 4557 alttset
1307 4501 1380 4555 elttts

146 4567 243 4633 ἀΐδιος.
281 4572 373 4638 ἐπειδή
391 4589 437 4631 cto.
473 4579 633 4632 lloxGoblcr.
651 4579 736 4629 Felcl·
788 4570 895 4630 idacst.
