3072 5056
223 321 264 384 60
347 311 360 324 ”
626 335 653 378 ε.
668 333 822 378 ετσιιιιειι
836 333 1060 378 ωεαιτνιεσονι

138 486 280 551 μεικτοῦ
302 483 402 562 θεοῦ,
437 475 522 548 ἀλλὰ
543 483 599 548 καί
620 481 746 564 μᾶλλον
769 474 990 562 άποόεχέσθιο
1012 479 1091 558 τοὺς
1112 483 1261 563 πατέρας
1284 475 1438 544 διακαθά-

222 609 342 670 ρανιας
363 581 421 650 τὸν
442 584 529 661 νοῦν,
553 580 742 667 λευκότερον
764 583 817 648 καὶ
841 577 886 660 ιῦς
908 581 943 649 ἐκ
958 581 1171 669 παραλλήλου
1187 579 1226 646 τὸ
1243 580 1278 646 ἐκ
1293 581 1351 646 τοῦ
1366 580 1438 644 θεοῦ

222 684 415 770 γράψαντας
435 682 473 748 τὸ
497 682 531 750 ἐκ
551 687 609 770 τῆς
632 677 755 760 οὐσίας.
801 679 920 748 τοῦτὸν
942 683 1003 768 γὰρ
1025 679 1188 771 ἡγήσαντο
1210 682 1319 766 λέγειν
1341 679 1375 747 ἐκ
1390 681 1438 744 τοῦ

222 788 306 854 θεοῦ
328 783 443 852 καὶτὸ
465 787 569 870 λέγειν
592 784 626 852 ἐκ
647 787 706 872 τῆς
728 778 844 862 οὐσίας
865 787 924 850 τοῦ
945 787 1031 850 θεοῦ
1055 779 1141 850 εἶναι
1164 781 1355 867 τὸνλόγον·
1376 779 1439 846 ἐπεὶ

222 886 278 956 καὶ
305 885 343 952 τὸ
370 885 467 966 θεός,
496 884 588 952 καθὰ
615 895 798 970 προεῖπον,
830 879 924 951 οῦόέν
954 885 1064 970 ἕτερον
1086 879 1108 970 ἢ
1129 884 1188 969 τὴν
1210 877 1330 952 οῦσίαν
1352 877 1440 947 αὐτοῦ

223 992 282 1054 τοῦ
311 985 405 1065 όντος
434 993 594 1075 σημαίνει.
641 986 670 1053 εἰ
701 988 762 1071 μέν
792 975 850 1051 οῦν
878 984 922 1072 μή
947 985 980 1054 ἐκ
1002 990 1059 1052 τοῦ
1082 989 1166 1052 θεοῦ
1189 984 1281 1052 ἐστιν
1306 978 1325 1048 6
1346 981 1440 1067 λόγος,

225 1087 270 1169 ιῦς
292 1083 331 1156 όν
353 1087 424 1168 υίὸς
446 1088 496 1176 εἴη
520 1086 619 1176 φύσει
640 1087 773 1175 γνήσιος
796 1085 831 1154 ἐκ
852 1087 989 1173 πατρός,
1013 1082 1081 1154 ἄλλ’
1100 1083 1145 1166 ιῦς
1159 1086 1202 1154 τὰ
1215 1093 1381 1170 κτίσματα
1395 1081 1443 1149 διὰ

223 1191 262 1259 τὸ
285 1193 596 1279 όεόημιουργήσθαι,
620 1190 749 1275 λέγεται
769 1192 823 1256 καὶ
847 1185 946 1308 αῦτὸς
968 1185 1013 1313 ἡς
1034 1188 1077 1257 τὰ
1097 1189 1210 1256 πάντα
1225 1189 1262 1258 ἐκ
1277 1191 1337 1255 τοῦ
1352 1187 1441 1253 θεοῦ·

224 1291 299 1362 οῦτε
327 1293 361 1360 ἐκ
388 1295 446 1378 τῆς
467 1287 583 1370 οῦσίας
605 1289 675 1358 ἐστὶ
696 1294 754 1356 τοῦ
777 1289 921 1375 πατρός,
946 1289 1023 1358 οῦτε
1045 1287 1144 1412 αῦτὴς
1167 1315 1185 1356 ο
1173 1287 1283 1370 ςυἱὸς
1305 1283 1372 1356 κατ’
1395 1281 1441 1352 οῦ-

246 1393 448 1461 ίαν“έστλ
415 1392 496 1472 υιός,
521 1386 589 1459 ἀλλ’
615 1388 691 1472 ἐξ’
672 1395 798 1480 αρετῆς,
823 1387 868 1470 ιῦς
890 1387 985 1478 ἡμεῖς
1001 1393 1034 1458 οἱ
1048 1391 1131 1459 κατὰ
1143 1392 1239 1479 χάριν
1254 1388 1443 1472 καλούμενοι

223 1401 300 1562 66⁰6.
346 1493 376 1561 εί
404 1493 477 1560 66³
463 1519 497 1560 εκ
518 1496 578 1560 τοῦ
600 1495 684 1560 θεοῦ
707 1491 779 1560 έστι
800 1489 944 1578 μόνοςό
967 1492 1059 1572 υίὸς
1079 1493 1227 1581 γνήσιος,
1259 1490 1372 1577 ὥςπερ
1393 1491 1442 1554 οῦν

223 1598 279 1664 καὶ
302 1596 389 1675 ἔστι,
413 1588 591 1716 λεχθείή”
570 1621 609 1662 αν
632 1592 767 1674 εἰκότως
788 1596 841 1660 καὶ
865 1593 960 1661 ἒκ“”
921 1619 979 1682 τής
1001 1589 1117 1673 οὐσίας
1138 1597 1197 1660 τοῦ
1219 1589 1348 1662 θεοῦί
1332 1617 1349 1659 ο
1372 1589 1441 1667 υἱός.

309 1703 360 1764 23.
406 1698 472 1763 Καὶ
500 1695 562 1783 γὰρ
590 1698 644 1762 καί
673 1695 713 1763 τὸ
736 1694 948 1781 παράδειγμα
968 1697 1027 1760 τοῦ
1051 1694 1163 1783 φωτὸς
1184 1699 1236 1762 καὶ
1261 1698 1323 1762 τοῦ
1347 1688 1445 1760 ἄπαυ-

224 1797 391 1884 γάσματος
419 1801 571 1866 τοιοῦτον
599 1799 666 1882 ἔχει
693 1796 750 1864 τὸν
779 1800 865 1864 νοῦν.
911 1793 948 1862 οῦ
978 1795 1039 1884 γάρ
1061 1795 1204 1863 κατὰτὸ
1228 1795 1444 1879 ἐξαπτόμενοι

225 1899 260 1966 ἐκ
280 1903 338 1987 τής
359 1907 486 1987 θέρμης
507 1903 566 1966 τοῦ
587 1896 682 1986 ἡλίου
704 1902 782 1984 πῦρ,
806 1895 889 1984 ὅπερ
911 1901 964 1965 καί
981 1903 1186 1982 σβέννυσθαι
1199 1897 1305 1965 πάλιν
1322 1897 1442 1968 εῦωθεν,

147 2081 149 2086 Ι
226 1999 391 2086 εἰρήκασιν
413 2001 445 2066 οί
467 1997 557 2085 ῦγιοι
579 1997 671 2067 εἷναιΙ
684 2000 743 2067 τὸν
765 2000 862 2085 λόγον
885 1998 970 2086 πρὸς
991 1998 1049 2066 τὸν
1072 1999 1171 2067 θεόν·
1193 2004 1294 2067 τοῦτο
1317 1996 1378 2085 γὰρ
1400 1993 1444 2078 66-

224 2125 281 2186 γον
304 2099 429 2180 ἔξωθεν
450 2103 503 2167 καὶ
525 2105 725 2185 κτίσματοῦ
747 2105 927 2180 ποιοῦντος
947 2091 1003 2186 ἦν·
1026 2097 1112 2168 άλλόι
1132 2096 1339 2187 ἀπαύγασμα
1354 2091 1443 2164 αῦτὸν

226 2196 474 2289 εῦηγγελίσαντο
495 2202 633 2282 πάντες,
665 2203 720 2269 ἰ’να
741 2204 780 2268 τό
804 2202 838 2270 ἐκ
859 2206 917 2288 τῆς
939 2197 1055 2281 οὐσίας
1077 2203 1164 2271 ἰ’όιον
1186 2205 1239 2269 καὶ
1264 2197 1445 2283 ἀδιαίρετοι

159 2351 173 2362 -
226 2307 280 2370 καὶ
309 2301 367 2390 τήν
395 2301 481 2390 πρὸς
503 2303 561 2370 τὸν
584 2309 713 2390 πατέρα
736 2303 874 2391 ἑνότητα
897 2304 1081 2392 δηλώσωσι.
1125 2304 1264 2389 καὶγὰρ
1288 2289 1444 2370 οῦτωκαλ

225 2405 264 2472 τό
297 2403 461 2492 άτρεπτον
492 2409 546 2472 καὶ
575 2401 799 2472 ἀναλλοίωτον
827 2401 926 2472 αὐτὸν
956 2403 1092 2494 άληθιῦς
1125 2401 1210 2473 εἶναι
1242 2403 1444 2488 σταθήσεται·

227 2509 321 2586 Ι’πιῦς
350 2507 411 2592 γὰρ
440 2500 480 2572 άν
509 2505 617 2586 άλλως
645 2508 695 2593 εἰἠ
718 2510 884 2588 τοιοῦτος,
910 2507 939 2576 εί
960 2508 1004 2595 μή
1027 2511 1084 2593 τῆς
1105 2510 1164 2572 τοῦ
1186 2505 1317 2594 πατρὸς
1339 2499 1446 2574 οὐσίας

225 2607 313 2676 ἰ’όιόν
336 2608 408 2676 ἐστι
429 2614 571 2697 γέννημα
577 2639 587 2692 ,·
622 2603 741 2696 ἀνάγκη
764 2608 825 2696 γὰρ
847 2613 902 2677 καὶ
926 2609 959 2677 ἐν
974 2608 1080 2695 τούτῳ
1095 2607 1153 2694 τὴν
1168 2607 1355 2695 ταυτότητα
1368 2599 1446 2686 πρὸς

223 2710 281 2777 τὸν
305 2711 422 2778 ἑαυτοῦ
445 2717 574 2798 πατέρα
596 2711 722 2792 σώζειν.
754 2708 841 2778 οῦτω
865 2712 903 2799 66
925 2712 1094 2797 τοῦλόγου
1111 2716 1271 2798 φανέντος
1287 2705 1444 2793 εὐσεβοῦς,

225 2809 411 2882 ἀκόλουθον
434 2808 475 2880 άν
498 2814 547 2901 εἴη
570 2814 653 2901 μηδὲ
675 2813 731 2880 ἐπὶ
754 2817 801 2900 τῷ
825 2809 990 2899 όμοουσίῳ
1014 2812 1201 2892 ξενίζεσθαι
1222 2810 1299 2890 τοὺς
1321 2825 1446 2896 χριστο-

223 2914 356 2996 μάχους,
381 2914 515 3001 έχοόσής
535 2917 590 2980 καὶ
612 2917 670 3001 τῆς
693 2916 810 2993 λέξειας
831 2913 950 2996 ταύτης
972 2910 1046 3000 ὑγιῆ
1068 2912 1127 3001 τήν
1150 2912 1300 2979 όιάνσιαν
1325 2911 1379 2978 καὶ
1394 2903 1446 2990 τὴν

226 3007 408 3090 ἀπόδειξιν.
454 3014 484 3078 εἰ
516 3013 576 3098 γὰρ
612 3013 650 3100 66
681 3039 789 3101 φαμεν
818 3012 852 3078 ἐκ
881 3016 939 3097 τῆς
961 3008 1076 3093 οὐσίας
1099 3009 1184 3081 εἶναι
1205 3016 1263 3079 τοῦ
1288 3013 1372 3081 θεοῦ
1393 3003 1445 3072 τὸν

226 3111 336 3196 λόγον·
360 3111 480 3178 λοιπόν
502 3111 562 3198 γάρ
584 3109 605 3198 ἡ
628 3114 714 3192 λέξις
737 3109 967 3198 όμολογείσθω
990 3117 1043 3180 καλ
1059 3111 1137 3200 παρ’
1155 3111 1279 3182 αότιῦν·
1295 3121 1331 3181 τί
1346 3106 1385 3181 όν
1401 3105 1444 3186 6¹1

224 3213 333 3291 τοῦτο,
356 3205 377 3295 6
398 3211 437 3276 τό
460 3207 597 3298 άληθῶς
618 3237 674 3279 και
665 3211 865 3280 άῒόιον
827 3240 885 3299 της
907 3209 982 3281 οῦσί
982 3241 1030 3297 ας,
1055 3206 1131 3296 ἐξ
1110 3241 1150 3336 ής
1170 3219 1223 3282 καὶ
1245 3223 1445 3301 γεγέννηταίῐ
1451 3199 1453 3204 ’

226 3307 264 3378 06
286 3309 347 3398 γάρ
371 3313 557 3398 ἑτεροειόές,
581 3314 637 3380 ἵνα
658 3313 702 3401 μὴ
725 3317 816 3395 ξένον
838 3319 892 3382 καὶ
915 3312 1075 3402 ἀνόμοιον
1092 3320 1131 3405 τή
1144 3314 1310 3405 οόσίατοῦ
1323 3308 1446 3396 πατρὸς

226 3411 474 3497 έπιμιγνάηται·
505 3409 580 3480 0666
603 3413 729 3494 ἔξωθεν
752 3413 910 3496 άπλιῦς“
891 3442 1022 3504 ομοιος,
1054 3419 1109 3486 ἵνα
1130 3419 1174 3505 μὴ
1197 3413 1272 3485 καθ
1299 3401 1446 3537 ῦτερονὴ

226 3509 349 3592 ῦλωςέ
351 3512 541 3599 τεροοόσισς
564 3514 776 3603 φαίνηται(
756 3515 866 3639 ω’ςπερ
887 3519 1006 3602 χαλκὸς
1028 3521 1170 3605 στίλβων
1192 3523 1245 3585 καὶ
1258 3517 1383 3604 χρυσὸς
1396 3534 1444 3578 και

226 3612 365 3702 ἄργυρος
392 3615 446 3680 καὶ
475 3622 676 3701 κασσίτερος.
721 3623 825 3702 ταῦτα
851 3619 913 3708 γάρ
942 3622 1018 3701 ξένα
1038 3623 1091 3688 καὶ
1117 3621 1277 3708 ἑτεροφυή
1301 3615 1446 3705 ἀλλήλων

224 3718 278 3783 καὶ
302 3711 580 3799 άπεσχοινισμένα
601 3723 640 3806 τῇ
664 3719 764 3807 φύσει
785 3724 838 3788 καὶ
861 3725 900 3810 τῆ
925 3722 1061 3807 δυνάμει
1075 3723 1286 3808 τυγχάνουσι·
1308 3725 1364 3788 καὶ
1378 3713 1447 3784 οῦτε

227 3812 244 3882 6
275 3814 393 3898 χαλκὸς
425 3817 513 3900 ἰ’όισς
543 3821 601 3884 τοῦ
629 3825 765 3905 χρυσοῦ,
800 3820 875 3890 οῦτε
902 3819 922 3908 6
952 3821 1068 3909 φάσσα
1095 3822 1128 3889 ἐκ
1155 3826 1214 3910 τῆς
1235 3821 1445 3908 περιστερᾶς

225 3912 351 3983 άλλὰ“
333 3941 433 4001 ομοια
453 3920 495 4002 μὲ
497 3945 517 3984 ν
537 3921 705 4003 νομίζεται
726 3918 826 4004 εἶναι,
851 3923 1056 4050 ἕτεροοόσια
1065 3924 1101 3989 δὲ
1123 3917 1308 4010 άλλήλων’
1294 3929 1398 3989 εστίν
1420 3912 1447 3980 εἶ

223 4019 284 4099 μὲν
313 4009 369 4086 οῦν
397 4023 490 4087 καλ
498 4016 610 4098 όυὶὸς
633 4017 737 4100 οῦτως
760 4023 864 4102 ἐστίν,
897 4023 980 4090 ἐ’στω
1004 4019 1124 4107 κτίσμα
1147 4020 1256 4108 ὥςπερ
1278 4025 1333 4089 καὶ
1356 4019 1446 4111 ἡμεῖς

147 4153 155 4175 ι
223 4120 277 4182 καὶ
299 4119 359 4204 μή
369 4116 560 4202 όμοοόσιος·
584 4121 613 4188 εἰ
636 4122 671 4188 δὲ
693 4121 764 4242 υἱός
787 4122 858 4189 ἐστι
856 4122 977 4250 λόγος,
995 4129 1078 4210 σοφί
1078 4149 1108 4203 α,
1065 4122 1221 4190 ίείκιὺν
1237 4126 1294 4189 τοῦ
1310 4115 1444 4205 πατρὸς

141 4211 442 4303 ναετάπαῦγασμα,
478 4222 611 4302 εἰκότως
645 4218 822 4306 όμοοῦσισς
850 4218 890 4289 άν
920 4223 980 4309 ε’ίη.
1025 4223 1076 4290 ἐί
1103 4223 1164 4309 γὰρ
1194 4223 1274 4305 τὸγ
1261 4223 1307 4310 μή
1336 4221 1370 4289 ἐκ
1391 4215 1446 4285 τοῦ
1521 4301 1522 4312 ἡ

258 4419 278 4453 ι.
298 4405 338 4456 Sic
362 4407 418 4469 θος.
437 4409 509 4458 Βοείί.
535 4419 559 4459 σι
578 4419 601 4460 ει
619 4411 677 4474 legit
695 4410 810 4462 Nunnius.
897 4412 920 4462 b.
940 4411 1056 4476 θῆσθαι.
1092 4409 1170 4463 Ceteri
1195 4425 1251 4460 vero
1276 4419 1299 4461 ει
1318 4402 1445 4463 σᾱίιίπῶί

225 4473 303 4522 ceteri
322 4475 547 4526 elediwommel.
568 4471 736 4554 omiuu6116c
754 4469 812 4530 υἱὸς
862 4472 917 4544 γὰρ
937 4473 1031 4532 ἄλλως

225 4532 338 4604 γνήσιος
355 4551 400 4593 etc.
419 4559 497 4608 usque
516 4543 545 4594 ad
564 4538 610 4592 καὶ
627 4539 691 4612 γάρ.
