3128 5052
556 351 702 397 urrerem
718 353 737 395 ι.
752 354 790 396 ιιι
806 353 1004 399 summouere.
1332 346 1392 413 rto
1465 377 1470 386 ·

156 511 223 575 tur,
247 503 369 582 quires
392 511 490 563 orosto
511 520 574 564 non
596 503 663 576 esti·
676 502 729 566 sed
751 522 817 566 oum
839 504 914 566 Filio
937 523 998 568 uon
1020 525 1107 570 secus
1136 510 1313 574 ooniuuotus
1337 522 1479 587 esurum.
1522 489 1526 498 *

158 623 197 666 ao
220 606 287 685 ipse
308 603 399 665 Filius
422 621 488 666 oum
509 603 612 678 Putre,
641 606 693 684 qui
715 606 785 667 item
807 625 875 668 oum
896 606 985 668 Patre
1008 615 1038 669 et
1058 607 1133 670 Filio
1154 611 1336 686 honoretur,
1366 623 1396 676 et

158 709 231 790 pum
255 704 352 767 Verbo
373 705 454 766 Deus
476 706 665 784 agnoscitur,
688 725 826 770 necnon
850 726 883 770 ee
907 709 1069 788 impegit,
1093 730 1167 790 quae
1190 731 1244 792 per
1265 714 1394 778 Verbum

159 807 251 870 Peter
267 807 365 880 efficit,
388 812 508 886 quires
531 815 628 870 orosto
650 807 708 870 diei
729 809 836 888 possit,
859 809 916 872 nisi
940 810 975 872 eb
998 830 1035 872 eo
1056 811 1155 892 plene,
1177 815 1228 892 qui
1243 815 1273 876 iu
1288 815 1395 880 Filium

160 909 261 988 ipsum
284 908 393 989 impius
416 907 528 972 fuerit?
573 909 726 989 Siquidem
749 911 823 974 nibil
844 929 970 992 prorsus
993 922 1055 984 esu.
1073 915 1153 992 quod
1174 933 1235 976 uon
1250 935 1304 996 per
1318 919 1392 980 Ver·

159 1007 234 1106 bum
255 1011 306 1072 fiat
327 1019 358 1072 et
379 1019 481 1090 agetur
502 1011 533 1072 iu
549 1011 670 1092 Spiritu,
694 1013 943 1091 quemadmodum
965 1006 1054 1077 etiam
1070 1015 1100 1076 in
1116 1016 1244 1078 Psalmis
1264 1011 1396 1082 canituri

56 1131 65 1142 ·
166 1111 260 1176 Verbo
281 1113 407 1176 Domini
427 1114 504 1176 coeii
523 1115 643 1194 firmati
663 1126 749 1187 suut,
779 1127 808 1178 et
829 1115 950 1196 Spiritu
980 1122 1043 1180 orie
1072 1121 1135 1180 eius
1165 1124 1261 1180 omrris
1291 1124 1392 1184 uirtus

162 1231 278 1300 eorum.
323 1213 360 1276 Et
382 1215 412 1276 io
436 1216 597 1278 centesimo
621 1199 847 1296 quadragesimo
871 1217 998 1297 septimo¹
1020 1218 1155 1280 Psalmo:
1178 1219 1301 1282 Emittit
1320 1220 1393 1282 Ver-

51 1389 53 1394 *
162 1315 233 1376 dum
254 1334 344 1378 euum
364 1327 394 1378 et
416 1316 590 1398 liquefaciet
610 1337 655 1389 eu,
678 1319 768 1397 liubit
790 1317 924 1398 Spiritus
947 1323 1010 1382 eius
1033 1329 1063 1381 et
1082 1321 1183 1400 liumt
1196 1339 1300 1402 upuue.
1345 1320 1392 1396 Et,

161 1423 197 1478 ut
225 1416 265 1479 eit
291 1417 469 1497 Apostolus,
505 1419 655 1480 iustitiooti
687 1437 791 1482 sumus
825 1423 857 1494 irr
885 1425 1006 1482 uomirre
1033 1421 1157 1484 Domirri
1188 1427 1291 1486 poetri
1321 1421 1393 1485 iesu

165 1517 280 1580 Gdrieti
306 1529 334 1580 et
362 1522 395 1580 r'rr
416 1518 538 1600 Spiritu
559 1519 619 1582 liei
648 1525 759 1584 uortri.
804 1521 936 1600 Namque
964 1521 1092 1600 Spiritus
1121 1542 1137 1584 ιι
1165 1521 1262 1584 Verbo
1291 1523 1394 1601 nequit

162 1617 263 1680 dividi.
305 1619 444 1682 Proiecto
467 1639 532 1682 oum
556 1615 693 1683 Christus
716 1623 770 1684 eit:
798 1622 951 1684 Veniemus
975 1641 1026 1702 epo
1051 1633 1081 1686 et
1103 1623 1209 1696 Peter,
1232 1641 1290 1686 unu
1312 1641 1391 1703 quo-

162 1739 221 1810 qpe
242 1721 332 1784 intret
353 1721 483 1801 Spiritus
506 1741 567 1784 nou
589 1721 647 1784 elio
669 1723 775 1798 modo,
805 1743 893 1802 quum
914 1725 1007 1786 Filius
1031 1725 1061 1786 in
1084 1723 1172 1788 uobis
1193 1725 1390 1800 habitaturus,
1400 1739 1477 1786 uteo.

60 1861 63 1866 -
162 1829 196 1884 ut
211 1822 318 1884 Paulus
334 1823 370 1884 ad
393 1822 540 1902 Ephesios
564 1822 682 1885 scribit:
711 1823 749 1887 dr
771 1825 820 1886 det
842 1825 928 1888 ordio
951 1826 1114 1888 seeundum
1131 1827 1251 1888 divitior
1273 1827 1391 1906 plorior

161 1943 251 2000 eure,
279 1929 394 2020 or'rtute
416 1925 619 1988 corroborari
636 1943 694 2006 per
715 1925 867 2006 Spiritum
894 1931 959 1990 eiur
981 1930 1015 1988 io
1036 1932 1212 1990 interiorem
1235 1928 1391 2000 tommem,

163 2025 316 2089 Christum
339 2026 485 2088 buditore.
530 2025 625 2087 Porro
649 2045 715 2088 oum
738 2025 830 2092 Filius
853 2026 884 2087 in
906 2027 994 2089 nobis
1017 2036 1074 2100 est,
1096 2027 1184 2090 Peter
1204 2029 1390 2116 quoquevsi·

47 2191 56 2224 ,Ι
159 2125 307 2202 molest,
336 2134 370 2188 ut
390 2125 482 2189 Filius
510 2125 576 2206 ipse
605 2127 644 2188 ita
675 2133 816 2189 testatur:
847 2127 909 2208 Epo
938 2131 971 2190 iu
994 2127 1086 2192 Putre
1114 2139 1143 2192 er
1165 2128 1257 2192 Pater
1279 2133 1311 2192 irr
1333 2148 1388 2192 me.
1493 2179 1496 2188 .

158 2227 238 2300 Hine
258 2245 325 2290 oum
348 2227 476 2290 Verbum
497 2227 529 2290 iu
552 2228 833 2308 Prophetis'adest‚
862 2229 902 2290 iiii
931 2229 961 2292 iu
983 2230 1050 2309 ipso
1074 2229 1187 2309 Spiritu
1210 2240 1313 2292 saneto
1337 2225 1390 2294 ια’-

160 2329 328 2392 tioiuontur.
373 2329 458 2390 Unde
481 2345 547 2392 oum
564 2329 717 2420 Scriptura
739 2330 825 2392 dicit:
848 2329 886 2392 Et
908 2332 1016 2394 tectum
1038 2339 1086 2392 est
1101 2331 1228 2393 Verbum
1250 2332 1287 2394 ed
1303 2332 1389 2394 tatem

40 2480 44 2490 .
159 2431 356 2512 Propbetam‚
386 2431 467 2494 ittum
496 2431 527 2492 in
548 2431 661 2510 Spiritu
683 2439 788 2494 sanem
811 2432 962 2494 vetioiueri
984 2433 1138 2511 signifieat.
1183 2432 1256 2496 Nem
1279 2433 1308 2496 in
1332 2433 1389 2494 Zo-

160 2533 259 2596 oberio
281 2532 425 2613 seriptum
449 2542 511 2596 est:
538 2532 745 2596 Verumtamen
764 2532 857 2595 Verbo
872 2553 935 2594 meo
952 2543 981 2595 et
1002 2533 1132 2613 iepirimu
1147 2553 1214 2596 meo
1236 2537 1389 2617 suscipite,
1433 2542 1439 2552 '

159 2652 236 2716 puae
264 2653 316 2714 epo
342 2635 453 2697 maudo
482 2639 515 2696 ire
536 2633 657 2714 Spiritu
686 2653 750 2697 meo
772 2638 872 2696 seroie
893 2637 966 2696 meis
990 2635 1161 2714 Propbetie.
1205 2633 1297 2694 Paulo
1319 2640 1391 2713 post

159 2736 246 2798 etiem
268 2735 412 2817 populum
434 2737 482 2798 his
505 2735 605 2796 verbis
630 2734 780 2816 obiurget:
810 2735 849 2796 Et
871 2753 925 2797 eor
952 2755 1041 2798 ouum
1065 2735 1249 2798 odrtr'rrotum
1271 2745 1389 2797 stutue-

158 2848 249 2910 rrmt,
273 2857 311 2900 rre
333 2837 476 2900 audirent
499 2837 591 2916 lepem
611 2855 706 2900 meum
735 2847 763 2898 rt
783 2836 895 2909 uerbo,
919 2855 994 2917 puae
1015 2840 1098 2899 misit
1118 2836 1268 2900 Dominus
1290 2836 1389 2898 omui-

155 2949 265 3018 poterre
287 2941 321 3000 ire
342 2937 462 3018 Spiritu
473 2956 539 3001 erro
562 2942 595 3000 irr
617 2938 754 3001 mom'bue
771 2937 994 3018 Propbetorum
1009 2941 1074 3000 eius
1094 2940 1248 3018 priorum.
1279 2934 1387 2996 Petrus
1475 2921 1479 2930 ¹

159 3041 229 3102 item
252 3039 284 3102 iu
304 3040 385 3131 botis
408 3041 446 3102 ito
469 3039 614 3119 loquitur:
642 3039 705 3101 Viri
720 3041 849 3120 iratres,
873 3027 1032 3122 oportebat
1047 3037 1171 3120 impleri
1184 3035 1387 3118 Scriptorum,
1418 3070 1420 3078 ν

159 3161 248 3224 quum
266 3141 425 3222 praeduri
439 3141 587 3220 Spiritus.
631 3139 724 3202 Simul
746 3159 817 3205 vero
840 3141 884 3202 sio
898 3139 1063 3202 domabant
1075 3137 1229 3218 Apostoli:
1250 3137 1387 3208 Domine,

159 3247 213 3326 pru·
231 3243 335 3322 seriori
354 3241 471 3306 eoelum
491 3253 521 3304 et
544 3254 660 3318 terrum
682 3256 712 3307 er
733 3262 818 3306 more
840 3252 870 3306 et
892 3246 1001 3313 omnio,
1026 3259 1101 3320 purte
1116 3245 1150 3302 ire
1170 3243 1211 3302 eis
1234 3249 1314 3310 suut,
1337 3241 1390 3319 pui

160 3345 281 3426 Spiritu
304 3355 410 3408 suerro
430 3361 489 3424 per
517 3361 550 3406 os
567 3348 672 3436 patrie
695 3349 800 3408 poetri
819 3343 917 3420 Droid
936 3347 1029 3424 pueri
1049 3346 1097 3404 tui
1116 3343 1232 3414 dipr'rti.
1276 3337 1386 3400 Paulus
1432 3328 1446 3355 ⁰

160 3561 265 3612 i'eieltru.
277 3561 298 3611 1.
318 3577 363 3612 uec
381 3577 429 3612 nou
448 3569 531 3612 ortena
550 3577 594 3612 me.
614 3562 638 3612 iu
650 3563 748 3622 Lucem,
834 3561 850 3610 t.
870 3561 925 3621 fleu.
937 3559 956 3608 i.
976 3568 999 3610 et
1008 3561 1107 3620 Sepuer.
1127 3565 1152 3604 ut
1170 3557 1310 3607 etGrreoue
1322 3555 1388 3604 Seri·

160 3629 228 3680 ouius
247 3629 355 3678 meminit
372 3627 557 3686 Feteimrunus,
578 3629 665 3678 babent
678 3621 749 3688 or’rrri-
800 3637 884 3692 pturee
903 3633 980 3676 textus
1000 3623 1048 3672 rori
1065 3619 1160 3688 νόμον.
1333 3687 1338 3698 .

160 3708 208 3746 ore.
245 3696 341 3745 Videtur
365 3705 444 3746 tumen
468 3697 595 3758 tegendum
619 3688 746 3755 obirem,
834 3710 854 3756 p.
875 3685 959 3740 adteri
977 3691 1032 3738 τῶν
1049 3692 1116 3740 deret
1134 3689 1232 3766 injtrg.
1244 3687 1267 3736 2.
1281 3687 1357 3764 'florib
1366 3693 1390 3736 et

160 3765 227 3815 utin
245 3762 300 3813 ririe
318 3773 342 3813 et
366 3765 435 3814 editio
459 3773 541 3816 exstat.
578 3763 630 3813 tior
649 3765 705 3824 ileu.
728 3763 748 3812 l.
800 3761 905 3811 Fetetm.
924 3759 946 3810 2.
975 3773 1047 3808 enon.
1083 3758 1133 3807 ttor
1158 3751 1255 3819 ανδρες
1273 3747 1391 3819 rumpet

160 3834 259 3894 Seguer.
278 3831 377 3881 Gobter.
401 3841 425 3880 et
448 3832 553 3882 terrum,
569 3832 590 3880 t.
616 3839 639 3880 et
665 3841 748 3880 osteor
800 3830 911 3878 omittunt
931 3827 1028 3875 Gobter.
1047 3834 1070 3874 et
1088 3823 1223 3885 rotetur,
1244 3835 1316 3871 ouon.

159 3915 204 3950 rue.
223 3899 312 3948 bibent
329 3891 378 3964 δῷ,
399 3899 455 3960 iter.
471 3897 495 3950 2.
513 3891 598 3963 δύσῃ,
618 3898 674 3948 editi
692 3911 748 3946 rero
834 3897 858 3945 tr.
877 3897 917 3944 Sic
936 3895 990 3954 urg.
1005 3894 1026 3942 l.
1044 3893 1145 3954 Sessuer.
1163 3889 1235 3940 Besit.
1254 3888 1352 3940 Gobtor.
1366 3895 1389 3964 et

159 3976 184 4017 et
200 3966 241 4016 eiii
259 3958 316 4031 δῴη
335 3977 361 4016 ut
378 3975 402 4016 et
420 3966 507 4029 iegitur
528 3967 552 4016 io
571 3965 747 4026 GrueeoScri·
799 3963 904 4014 Frickm.
927 3963 947 4011 t.
972 3961 1059 4024 quibus
1083 3965 1220 4034 consonant
1244 3971 1302 4006 mss.
1321 3953 1406 4030 rodi--

158 4031 243 4100 ptores
267 4043 340 4084 textu.
378 4035 467 4086 ibidem
487 4035 609 4096 dugtieeu.
634 4041 657 4082 et
675 4031 747 4082 Sosii.
799 4047 840 4082 ees
859 4031 911 4080 nori
930 4028 1076 4078 Testamenti
1095 4025 1269 4076 itexoudrruue
1287 4023 1389 4072 etOxo·

158 4095 332 4152 hubeottttttt't
357 4095 389 4150 τὸ
407 4097 539 4157 πλοῦτος,
565 4110 590 4151 ιιι
614 4109 637 4150 et
661 4099 748 4160 iegitur
800 4100 890 4150 niensis
916 4112 986 4145 uuus.
1028 4095 1123 4144 Videtur
1155 4101 1233 4142 tumeo
1261 4097 1390 4168 corruptor
1481 4125 1491 4138 ,

158 4171 183 4220 iu
205 4184 248 4220 mo.
282 4170 442 4220 ttexoudrtuo
472 4172 526 4220 nori
554 4165 656 4218 Testem.
686 4167 748 4216 uuir.
799 4180 854 4215 esre
873 4167 940 4214 iocus
959 4165 1153 4224 transpositoque
1165 4159 1234 4208 rerbr
1253 4173 1281 4208 ro
1298 4171 1389 4207 omisso

160 4237 319 4288 Ouumid'ib.
347 4238 556 4300 timibpreetereo
575 4251 619 4300 pro
637 4233 685 4294 τῆς
703 4226 747 4282 'do'-
799 4233 948 4296 proepositio
973 4221 1034 4282 deri,
1055 4229 1181 4305 'tortoque‘
1197 4226 1275 4302 possit
1297 4226 1329 4300 ito
1349 4239 1389 4302 ις-

159 4301 204 4363 fit
221 4307 292 4354 htbet
311 4303 357 4364 τῆς
370 4301 495 4370 χάριτος.
799 4299 880 4349 stitui:
899 4291 913 4346 d
932 4291 978 4344 deri
996 4307 1150 4372 nueupurop
1167 4305 1247 4358 uyroo
1264 4285 1311 4339 deu
1326 4302 1388 4339 στο-

193 4372 216 4422 d.
233 4367 280 4420 uui
297 4374 366 4423 obest
383 4387 395 4422 ι
415 4372 513 4424 Gobier.
534 4380 556 4418 et
574 4369 712 4420 iutrimi.
798 4379 886 4433 ματος
916 4363 963 4412 rori
995 4376 1100 4428 nurpor
1129 4359 1207 4426 ημῶν
1231 4353 1320 4438 duplici
1342 4367 1388 4410 ere.

193 4455 214 4490 e.
232 4441 318 4502 iiopt.
330 4449 353 4490 et
367 4429 573 4500 signoruum
593 4437 631 4485 bic
649 4437 748 4496 odiunt,
800 4435 856 4484 ttirr
876 4441 955 4482 eutem
975 4433 1020 4480 boo
1039 4429 1062 4478 io
1082 4429 1136 4478 tooo
1155 4437 1191 4478 est
1210 4436 1310 4478 torretes
1330 4441 1387 4476 mse.

161 4505 199 4554 uu
223 4516 245 4557 et
270 4509 328 4558 editi
351 4495 472 4556 omittunt.
513 4505 588 4554 iidem
614 4505 706 4564 Sept.
725 4511 749 4553 et
800 4502 909 4552 codicum
929 4501 980 4548 nori
1000 4497 1154 4554 Testamenti,
1170 4503 1198 4570 ιιι
1215 4503 1281 4559 potet
1298 4492 1387 4543 exedi-

162 4562 748 4639 Sero.·pautepouomtrrrrurrrirdor'doupro.
799 4569 865 4620 tiooe
883 4566 1012 4618 Orouieusi
1034 4563 1106 4614 toto.
1141 4563 1183 4612 tiri
1208 4563 1270 4612 euim
1289 4561 1384 4610 sieba·
1496 4609 1503 4624 ,
