3158 5050
504 345 612 388 onemo
628 345 666 386 ιν.
684 345 799 387 nonnus
813 344 948 387 annuos.
1127 401 1129 409 Α
1266 325 1328 391 659

91 513 197 558 carne
220 495 407 559 oouiunctum
430 513 497 560 esse
518 495 609 568 audit,
632 495 764 574 brionna
784 513 874 558 unum
897 493 1080 577 simplexque
1100 493 1244 576 intelligat
1259 507 1413 575 riq-run.

93 598 244 662 sterium.
289 599 396 660 Verum
418 595 596 661 luculentius
618 597 787 677 certiusque
809 597 913 677 quom
936 597 1092 659 ratiocinio
1114 617 1164 672 ea,
1197 615 1272 678 quae
1293 595 1330 660 nb
1434 653 1438 662 .

91 697 289 779 Archangelo
325 699 361 760 ab
394 699 492 778 ipsam·
518 698 670 780 lieiparam
699 699 887 772 dictasunt,
918 698 1006 760 dirini
1035 699 1123 760 Verbi
1151 707 1181 761 et
1200 699 1330 761 bominis

93 801 249 863 unitatem
272 800 552 863 demonstraverim:
575 801 640 863 eius
661 801 734 863 baeu
755 808 825 864 sunt
847 801 949 862 rerba:
972 800 1108 882 Spiritus
1129 811 1253 865 suanus
1275 821 1331 864 ru-

92 907 317 985 perscrutatio
340 915 383 974 tr,
416 915 446 967 et
466 908 567 966 virtus
590 901 740 966 Altissr'mi
759 903 948 966 obumbrabit
970 905 1037 976 tibi,
1060 905 1181 984 ideoque
1201 913 1231 964 et
1252 905 1331 984 quod

96 1017 253 1068 nasonem·
280 1015 431 1078 sonetum,
461 1005 621 1068 uoeobitur
643 1005 739 1068 Folius
761 1005 827 1067 liei.
872 1004 966 1068 Stulte
994 1004 1082 1084 igitur
1104 1003 1329 1067 Samosatenses

95 1107 237 1169 Verbum
258 1107 406 1180 dividunt,
440 1107 569 1169 cumbis
593 1127 628 1169 ex
650 1107 747 1169 verbis
770 1107 878 1170 olorum
902 1107 957 1180 sit,
981 1107 1078 1187 ipsum
1102 1107 1215 1168 anuum
1234 1105 1330 1168 vluisse

96 1209 221 1272 homini
244 1227 278 1270 ex
302 1208 391 1270 llario
413 1217 556 1270 assumto.
600 1199 666 1270 Νοι
697 1227 767 1288 ergo
789 1209 918 1271 Verbum
940 1223 994 1288 per
1015 1208 1164 1272 Christum
1187 1215 1232 1270 est
1251 1207 1329 1269 mis-

96 1329 187 1384 sum,
210 1311 263 1372 soal
285 1311 386 1390 pntius
408 1311 440 1371 in
462 1310 581 1372 Christo
603 1305 694 1385 misit,
717 1329 784 1372 oum
807 1310 861 1372 ait:
890 1309 949 1382 lte,
972 1313 1073 1374 docete
1096 1330 1196 1374 omnes
1217 1321 1328 1392 petitor.

182 1517 245 1586 at.
287 1513 406 1576 Scilicet
427 1514 453 1575 is
475 1521 522 1576 est
543 1529 609 1574 mos
633 1513 818 1595 scripturae,
849 1513 1022 1594 siurpliuiter
1045 1525 1079 1576 et
1106 1514 1172 1577 sine
1200 1532 1329 1576 exorna·

98 1620 190 1681 tiuare
211 1615 299 1680 rerba
321 1617 437 1685 efferre.
483 1615 532 1677 Sic
553 1616 678 1696 exempli
707 1616 800 1695 gratia
821 1617 851 1677 in
873 1617 949 1678 libro
971 1617 1168 1678 Nnmerorum
1188 1616 1263 1678 baeu
1284 1615 1329 1677 le‹

97 1722 218 1800 gimnus:
250 1717 338 1781 lirino
360 1717 479 1798 Moyses
502 1717 629 1798 llnpueli
648 1718 832 1782 Mariamme
858 1737 967 1798 putero
996 1719 1120 1799 Mopsus.
1163 1717 1225 1780 llus
1251 1717 1330 1780 enim

98 1823 183 1883 orbus
206 1829 269 1882 erut
291 1821 425 1899 Moyses,
452 1820 503 1899 qni
524 1819 714 1899 loquebatur,
743 1819 883 1893 stulius,
907 1820 990 1882 cuius
1013 1839 1104 1899 gener
1126 1829 1189 1884 eret
1209 1821 1329 1900 lisgnel,

99 1924 160 1985 sed
183 1941 261 1984 amus
282 1930 347 1983 erat
365 1923 495 2002 bloyses.
538 1922 730 2002 Quapropter
751 1923 778 1983 si
800 1923 912 2002 pariter
934 1923 1060 1984 Verbum
1082 1923 1151 1998 liei,
1175 1922 1330 2002 snpientia,

102 2027 214 2110 virtus,
237 2024 366 2097 dextera,
388 2023 541 2086 brachium
565 2024 730 2104 similiaque
753 2025 924 2105 appellatur,
949 2025 973 2086 si
997 2025 1067 2087 item
1081 2024 1253 2086 sesenobis
1268 2023 1329 2085 ele-

100 2137 223 2189 menter
246 2126 401 2188 coniunxit
429 2135 609 2206 nostrasque
636 2127 734 2188 induit
761 2127 923 2206 primitius,
954 2127 1127 2208 quibusoum
1157 2145 1224 2189 sese
1246 2145 1329 2188 uom·
1355 2163 1358 2172 ,

73 2207 77 2222 ⁸
102 2229 243 2302 nisouit3
265 2247 336 2309 ergo
354 2229 445 2290 etiarn
468 2228 545 2290 idem
568 2228 695 2291 Verbum
718 2237 815 2292 uetera
834 2229 953 2292 nomina
977 2231 1041 2292 iure
1062 2230 1168 2292 merito
1192 2229 1332 2291 sortitum

100 2341 162 2394 est.
206 2331 286 2394 llaec
312 2332 390 2392 eninr
418 2331 538 2393 loannis
566 2332 673 2405 verba,
703 2331 810 2410 quibus
838 2329 968 2394 Verbum
995 2331 1026 2392 in
1054 2331 1200 2412 principio
1221 2329 1330 2403 luisse,

102 2445 136 2495 et
159 2434 236 2513 apud
258 2433 349 2495 lieum
372 2451 406 2494 ue
427 2433 520 2494 lieum
542 2433 646 2506 luisse,
670 2433 827 2513 omniaque
849 2434 1020 2514 peripsum
1041 2434 1115 2495 laeta
1138 2451 1216 2506 esse,
1240 2431 1330 2498 nibil·
1382 2511 1388 2525 Ι
1500 2501 1512 2516 ,

104 2555 166 2614 que
188 2535 252 2596 sine
274 2535 341 2614 ipso
363 2553 432 2596 esse
454 2537 562 2596 lautum
585 2535 706 2608 dieitur,
736 2545 837 2614 aperte
864 2537 998 2614 proseuta
1027 2535 1203 2608 ostendunt,
1232 2529 1331 2615 ipsum

104 2653 226 2715 quoque
244 2637 396 2698 bominem
420 2635 472 2698 liei
494 2635 581 2697 Verbi
604 2655 680 2716 opus
704 2655 783 2698 esse.
824 2637 928 2716 ltaque
946 2636 973 2697 si
988 2655 1067 2710 eum,
1090 2643 1330 2715 postquameor-

105 2747 213 2817 ruptus
236 2747 298 2812 est,
330 2740 361 2801 in
381 2758 417 2800 se
437 2738 582 2819 srrsneplt,
611 2747 644 2800 ut
664 2739 762 2818 ipsum
785 2738 884 2800 stabili
905 2746 935 2800 et
956 2739 1039 2799 lirmn
1068 2737 1113 2799 sui
1137 2736 1417 2798 renovationem-

104 2833 253 2920 perpetuo
275 2859 503 2922 permansurum
525 2839 676 2914 retineret,
705 2859 791 2919 quarn
821 2840 938 2922 quibem
968 2839 1006 2901 nb
1033 2857 1150 2901 oausam
1179 2837 1274 2900 eidem
1298 2853 1331 2898 se

106 2941 270 3018 coniunxit,
289 2953 326 3004 ut
343 2943 427 3005 illum
449 2942 481 3003 in
498 2951 609 3004 sortem
623 2941 862 3004 uenditionemue
877 2942 1051 3005 diviniorem
1067 2941 1259 3022 proveherem
1279 2943 1332 3020 qut

106 3043 173 3104 lieri
186 3053 295 3122 potest
315 3053 348 3106 nt
367 3029 495 3106 Verbum
517 3063 572 3124 per
593 3045 754 3118 bominem,
779 3046 828 3125 qui
852 3059 887 3106 ex
903 3045 991 3106 blariu
1010 3033 1161 3106 assumtu's
1183 3043 1232 3117 sit,
1255 3043 1331 3104 mis·

108 3163 176 3205 sum
199 3163 267 3207 osse
288 3147 412 3218 dicatur,
433 3146 557 3226 ipseque
572 3147 782 3226 Apostolorum
799 3147 942 3210 [lominus
965 3147 1043 3208 inter
1066 3154 1180 3208 eeteros
1202 3147 1331 3225 Aposto-

109 3246 499 3328 los,nempel'ropbetas,
523 3249 686 3311 abeodem
708 3250 819 3312 missos
844 3246 1038 3311 numeretur?
1081 3250 1125 3309 An
1146 3267 1217 3310 reru
1239 3265 1332 3328 purus
1394 3277 1396 3284 ·

106 3347 197 3410 bomo
229 3341 340 3444 possit¹
361 3349 459 3411 rnoari
488 3349 647 3412 Christus?
696 3351 815 3414 Minimo
847 3361 944 3427 certe;
972 3362 1002 3412 nt
1028 3349 1124 3412 Verbo
1158 3340 1340 3412 eoniunotus¹

17 3463 19 3472 ’
107 3448 172 3510 iure
194 3447 300 3513 merito
324 3451 459 3514 Christus
482 3461 511 3514 et
532 3453 623 3514 Filius
640 3451 694 3514 liei
715 3461 816 3532 potest
839 3454 988 3534 appellari,
1012 3460 1087 3514 teste
1101 3453 1259 3532 Propheta,
1281 3449 1333 3530 qui

109 3549 167 3611 iarn
190 3553 260 3614 olim
287 3561 439 3634 pmernam
469 3554 663 3617 substantiam
692 3555 850 3618 manileste
871 3556 912 3617 illi
935 3552 1083 3626 attribuit,
1112 3571 1179 3614 eum
1207 3552 1260 3613 ait:
1294 3551 1334 3612 b't

109 3655 227 3714 nultum
248 3653 359 3717 Filium
378 3675 477 3719 meum
499 3657 662 3720 Obristunu
706 3655 792 3736 Apud
807 3655 1075 3720 lorbairemnuditu
1097 3655 1167 3716 item
1189 3655 1262 3715 bueo
1275 3667 1332 3712 vor

110 3937 161 3988 blnr
179 3939 237 4002 Req.
254 3949 276 3990 et
295 3941 393 4004 Sequor.
407 3939 581 4012 χρηματίζοι.
617 3944 695 3994 Ceteri
783 3943 798 3992 l.
823 3945 857 3994 lta
883 3944 938 4006 lleq.
962 3945 1062 4008 Sequor.
1080 3942 1153 3992 basil.
1170 3951 1193 3992 et
1210 3939 1331 4002 lngiioeu.

109 4015 133 4055 et
151 4007 206 4057 editi
220 4005 390 4076 χρηματίζει.
748 4012 772 4061 ln
798 4005 851 4061 aliis
877 4020 900 4060 et
924 4011 994 4061 editis
1018 4005 1065 4058 καί
1087 4009 1161 4059 deest.
1198 4009 1249 4056 blox
1272 4021 1332 4056 mse.

144 4105 167 4158 h·
185 4109 258 4160 ΒΜ.
278 4120 301 4160 οι
318 4113 408 4172 Μία
428 4104 524 4173 ἥνωται
746 4095 830 4129 omnes
849 4077 949 4127 renitor
965 4073 1157 4144 aaronem«.
1191 4076 1254 4128 Edlti
1270 4071 1331 4124 τοῦ·

744 4161 794 4196 uov
811 4143 997 4212 σαρκωθέντα,
1016 4146 1140 4196 mendose.

144 4209 159 4288 i.
177 4211 217 4261 Sic
240 4213 339 4292 RF⁸½⁰²
356 4214 455 4292 §equom
491 4215 576 4266 Atelli
596 4224 619 4266 et
638 4217 693 4266 editi
780 4255 811 4291 m·
829 4240 951 4304 mum
971 4231 1077 4304 ἀγάγω.

111 4287 221 4329 omittunt
238 4293 289 4328 τον
309 4279 439 4342 Ιωαννην.
476 4283 695 4334 lbidern'liusil.et
885 4335 889 4344 ,

113 4344 198 4408 anglic.
215 4342 268 4414 μὲν
285 4341 315 4398 ἓν
332 4338 408 4398 εἶναι.
780 4351 803 4386 ¹¹·
822 4333 912 4396 mhi·
933 4327 970 4382 δέ·

145 4447 166 4494 k.
184 4447 239 4510 lieg.
265 4451 366 4514 Sequor.
383 4451 456 4502 Basti.
474 4452 564 4514 buglis.
582 4461 606 4504 eq
623 4453 693 4504 0051,
778 4443 800 4482 o.
819 4429 860 4478 Sic
878 4427 932 4490 fleg.
952 4426 1084 4489 etSeguer.
1118 4425 1144 4474 ln
1162 4423 1215 4476 aliis
1226 4433 1250 4475 et
1262 4423 1332 4474 ebitis

114 4514 281 4576 7⁸7⁶Wl03t1t.
318 4519 396 4572 Ceteri
415 4536 468 4572 cum
487 4521 694 4591 editionoComm.
746 4497 814 4548 ⁶⁰⁰⁸*
830 4495 883 4544 καί·

29 4653 31 4664 Ι
112 4583 298 4645 parturiebar.
778 4605 802 4654 p.
821 4587 870 4637 rou
888 4587 955 4640 abest
973 4603 986 4638 ι
1003 4588 1060 4651 lug.
1078 4593 1101 4636 ot
1119 4587 1195 4650 Seque

1073 4669 1129 4722 42*
