3098 5040
431 371 548 416 corrue
561 370 781 414 monuissemus
796 371 883 445 moer
898 372 918 415 1.
1220 359 1282 424 885

60 525 153 586 nitate
183 521 228 584 vel
260 520 345 586 iuviti
373 519 589 592 confiteamini,
617 520 688 582 dum
716 519 814 583 dicitis
843 519 1124 588 consubstantialem
1146 498 1368 588 Trinitatiesir.

60 643 179 690 caruem
201 621 292 688 esso?
335 622 438 701 ltaque
466 639 541 684 vona
564 629 608 684 est
631 621 705 684 fides
728 631 844 694 sesua,
872 622 955 701 paria
976 624 1055 688 euim
1078 625 1285 690 sentiliacum

60 726 161 806 impiis
174 724 304 797 arianis,
325 723 401 784 male
423 723 600 802 accipientes
623 723 709 786 illud:
740 723 863 788 Verium
878 743 950 795 coro
964 726 1081 805 [octaris
1096 739 1151 790 est.
1188 727 1284 792 Porro
1330 737 1340 744 '

60 826 189 888 Verbum
210 843 280 888 earo
303 825 411 888 ledum
435 833 497 896 est,
520 841 581 886 non
602 833 636 888 ut
659 823 788 890 Verbum
811 843 871 888 rrou
894 825 1020 906 amplius
1044 827 1171 892 Verbum
1193 836 1283 904 esset,

60 929 115 990 sed
139 927 266 990 Verbum
289 935 322 988 ut
344 927 375 988 iu
397 944 486 988 carce
508 934 590 988 esset
611 944 679 988 caro
702 925 812 989 facturn
833 935 892 1000 est,
916 935 949 988 ut
970 935 1000 989 ot
1015 927 1143 992 Verbum
1166 945 1284 1008 semper

59 1028 192 1090 l'erbum
213 1035 306 1101 esset,
326 1035 359 1088 et
380 1027 508 1090 Verbum
531 1044 649 1088 earnem
672 1025 804 1099 haberet,
827 1027 858 1088 in
880 1045 939 1107 qun
960 1027 1132 1107 passionem
1156 1039 1284 1092 etmor·

60 1140 121 1192 tem
146 1129 202 1192 sub
223 1129 352 1194 humana
374 1130 469 1190 forma
490 1127 660 1208 susciperet
681 1146 716 1190 ac
738 1147 835 1208 usque
856 1130 893 1194 od
907 1130 1077 1210 sepulcrum
1093 1139 1123 1196 et
1136 1130 1286 1194 infernum

60 1231 273 1302 descenderet,
296 1229 326 1292 iu
349 1247 406 1308 qua
428 1237 459 1291 et
476 1228 730 1292 resurectionem
754 1248 790 1298 ex
811 1231 939 1296 mortuis
960 1231 1100 1311 perfecit,
1130 1233 1286 1312 carnisque

60 1343 92 1394 et
113 1331 266 1410 sanguinis
289 1341 377 1411 alque
399 1332 513 1394 animae
536 1331 643 1394 indicia
664 1330 802 1410 praebuit
812 1331 892 1394 neus
904 1332 1042 1406 Verbum,
1063 1351 1120 1414 per
1134 1334 1287 1414 propriam

61 1445 93 1498 et
120 1433 365 1513 inseparabilem,
397 1443 431 1496 ut
457 1433 601 1512 scriptum
630 1441 694 1504 ost,
728 1451 847 1498 caraem
870 1453 906 1494 en
928 1435 1041 1496 semino
1062 1434 1162 1496 David.
1205 1433 1287 1506 cuin

62 1536 140 1598 enim
169 1535 248 1597 aliud
277 1533 350 1596 dixit
371 1533 502 1596 Marcion
528 1553 619 1614 quam
650 1552 724 1613 queo
754 1553 807 1598 ros
828 1533 994 1614 profertis?
1035 1535 1143 1600 Nonne
1165 1551 1286 1615 corpus,

61 1636 144 1714 qaod
177 1655 211 1697 ex
244 1635 325 1698 caelo
354 1636 490 1715 apparuit
519 1635 549 1696 in
578 1634 772 1698 similitudino
802 1636 929 1698 bumana
952 1644 982 1698 et
1003 1655 1064 1698 non
1085 1633 1287 1698 inveritate?

62 1735 142 1810 troia
162 1727 235 1799 item
257 1735 336 1796 aliud
358 1721 509 1814 inquot·
522 1743 568 1797 est
588 1734 801 1798 Manichacus?
844 1737 952 1800 Nonne
973 1736 1071 1800 divina
1093 1737 1194 1818 specie
1213 1755 1287 1800 cor·-
1368 1808 1372 1818 Ι

60 1859 130 1920 pus,
154 1839 217 1900 sola
240 1837 434 1900 similitudine
456 1855 581 1917 corpus,
605 1835 641 1902 ab
663 1838 791 1900 bumana
814 1857 902 1900 cerne
924 1838 1068 1910 alienum,
1092 1839 1175 1902 cuius
1195 1845 1287 1900 natu-

60 1959 129 2002 ram
152 1947 185 2001 ot
210 1957 272 2000 nou
301 1938 505 2017 operationem
534 1947 687 2018 peccatum
710 1958 778 2001 esse
801 1939 893 2020 impie
915 1938 1065 2002 affirmati
1108 1938 1289 2002 Huiusmodi

61 2041 249 2106 oscillorum
272 2041 420 2120 impietas.

154 2145 203 2208 ld.
244 2141 449 2214 Quamobrem
477 2141 561 2202 netas
590 2149 636 2202 est
658 2139 740 2220 pium
763 2140 914 2204 bominem
936 2141 1108 2204 huiusmodi
1131 2139 1290 2204 verborum

63 2242 242 2306 commentia
271 2243 332 2316 uli3
362 2243 414 2306 sed
436 2243 595 2304 dicendum
617 2251 680 2315 ost,
708 2241 852 2314 Verbum,
885 2243 963 2322 quod
987 2251 1054 2306 ante
1076 2241 1192 2305 saccula
1214 2259 1290 2304 con-

53 2343 259 2428 substantiale
291 2353 338 2406 est
357 2343 457 2418 Patri,
491 2343 522 2406 iu
550 2343 690 2407 extremis
720 2343 903 2422 temporibus
932 2362 968 2406 ea
997 2352 1099 2406 sancta
1121 2351 1150 2406 ot
1170 2341 1292 2421 deipara

60 2447 185 2526 -t'irgtne
207 2447 285 2508 Adae
314 2445 426 2526 plasma
455 2455 486 2506 et
512 2442 660 2526 opificium
690 2461 798 2504 norum
825 2443 1015 2518 restituisse,
1044 2429 1116 2506 curu¹
1139 2441 1210 2506 illud
1233 2439 1292 2504 sibi

62 2567 122 2630 per
143 2549 282 2611 unionem
305 2545 459 2628 proprium
482 2545 589 2617 effecit,
612 2535 700 2623 atque
722 2546 761 2606 ita
783 2545 864 2608 visus
887 2553 935 2605 est
955 2544 1046 2606 homa
1070 2544 1217 2617 Christus,
1239 2541 1292 2622 qui

61 2661 134 2714 aete
155 2651 272 2714 merula
295 2649 374 2712 dous
397 2656 470 2710 erat.
514 2647 551 2710 Et
572 2663 629 2708 nos
647 2643 785 2708 'menore
807 2644 918 2708 Christi
940 2662 1061 2717 sumus,
1093 2653 1127 2706 ut
1147 2643 1293 2724 soriprtum

63 2763 123 2824 est,
148 2771 182 2813 er
205 2771 293 2813 earne
315 2759 345 2814 et
366 2769 401 2812 ex
424 2747 544 2810 ossibus
568 2748 643 2812 eius.
689 2747 840 2818 Quorsum
862 2745 954 2824 igitur
973 2745 1048 2808 brec
1061 2755 1225 2808 rosnarum
1238 2743 1291 2804 in·

64 2853 239 2918 avennacum
262 2853 432 2925 contentio,
455 2860 488 2912 ut
507 2869 562 2929 per
583 2849 742 2910 murenam
766 2847 941 2926 sapientiem
964 2866 1015 2920 ea,
1035 2861 1113 2926 quac
1133 2845 1292 2908 humanam

63 2955 291 3034 intelligentiam
320 2963 477 3033 superant,
508 2950 671 3022 definiatis,
704 2948 773 3012 dum
803 2947 900 3012 dicitis
930 2948 991 3010 vice
1019 2945 1171 3011 interioris
1193 2942 1293 3006 nostri

64 3056 199 3122 comum
220 3063 350 3120 mentem
371 3053 530 3120 caelestem
552 3051 584 3114 iu
601 3051 717 3114 Christo
740 3047 859 3114 luisse?
903 3049 928 3112 0
952 3049 1094 3112 nefariam
1116 3044 1294 3112 sententiam
1371 3083 1377 3088 -

65 3168 96 3222 et
127 3159 242 3224 iutirmo
264 3157 463 3235 indecoraquo
484 3151 589 3216 verba!
632 3152 795 3216 llominum
816 3169 905 3224 sane,
935 3150 985 3230 qu
1006 3169 1068 3212 nou
1090 3149 1174 3230 prins
1196 3146 1294 3210 anim·

64 3262 241 3333 advertere,
262 3257 413 3322 Christum
443 3275 505 3318 non
534 3255 723 3334 singulariter
751 3253 825 3328 dici,
855 3253 909 3316 sod
938 3253 969 3314 in
999 3250 1049 3314 illo
1072 3251 1139 3332 ipso
1162 3248 1295 3321 nomine,

65 3361 151 3440 quod
174 3360 292 3424 unicum
313 3367 372 3430 est,
393 3377 456 3420 rem
478 3368 634 3436 utramque
657 3355 827 3435 significari,
849 3354 1038 3417 Divinitatem
1060 3371 1169 3434 nempe
1192 3359 1220 3414 et
1235 3351 1295 3412 bu·

66 3461 254 3524 manitatem.
308 3461 438 3540 Ideoque
470 3461 561 3522 bomo
594 3457 702 3520 dicitur
736 3456 890 3527 Christus,
923 3453 1002 3516 ltens
1036 3470 1156 3532 quoque
1185 3450 1295 3514 didm

67 3562 221 3636 Christus,
242 3581 277 3626 ao
290 3563 369 3626 uem
392 3571 422 3623 et
441 3562 533 3624 bomo
557 3567 603 3624 est
618 3559 767 3630 Christus,
789 3567 820 3618 et
841 3573 919 3618 uuus
936 3561 983 3618 est
998 3554 1143 3616 Christus
1180 3551 1296 3636 Vanum

65 3667 171 3744 itaque
191 3673 241 3726 est
261 3673 393 3727 uestrum
415 3663 579 3743 sophisma,
602 3679 661 3740 quo
684 3659 762 3720 aliud
784 3657 815 3718 in
828 3655 949 3716 Christo
963 3661 1082 3733 praeter
1097 3653 1194 3732 ipsum
1205 3647 1295 3710 Chri-

66 3775 152 3828 surm
179 3765 353 3845 conspicere
381 3763 519 3828 nitimini.
562 3763 607 3824 illi
636 3760 771 3840 quidem,
800 3755 850 3836 qui
872 3754 991 3816 abusive
1012 3755 1151 3816 &untur
1171 3749 1381 3822 Chrisdmsoo.

66 3873 150 3930 t'orte
172 3866 252 3928 iuxta
274 3868 451 3930 sententiam
474 3873 603 3928 vestram
624 3859 752 3942 spectari
774 3864 910 3939 possent,
933 3856 984 3936 qui
1005 3873 1077 3918 vero
1092 3873 1146 3934 por
1159 3861 1297 3918 netmam

68 3969 160 4030 solus
188 3985 276 4028 verus
304 3975 351 4029 est
371 3967 526 4040 Christus,
554 3982 616 4026 non
637 3962 675 4024 ab
697 3962 826 4034 lumaua
846 3956 964 4020 rationo
987 3954 1187 4025 describetur,
1217 3949 1298 4032 quod

102 4205 124 4238 e.
143 4181 289 4252 παρθένον
307 4186 375 4236 deest
393 4187 416 4236 ia
433 4182 662 4236 cohmeuaetet-
711 4189 734 4230 ot
746 4177 850 4229 Felelm.
864 4177 886 4226 l.
904 4161 1298 4291 λέῖετιιιῦζρισιὸςιιαὶθεὸἓ,

69 4256 155 4304 manni
174 4254 205 4302 i.'
233 4254 306 4302 Paulo
330 4261 386 4316 post
409 4253 510 4313 sepnor.
536 4267 580 4316 pre
598 4239 659 4300 καθ’
711 4241 757 4295 καὶ
781 4229 819 4298 sle
835 4237 909 4293 lom
956 4254 1078 4320 ypocras·
1117 4239 1189 4290 basil.
1213 4237 1302 4290 omittit

67 4316 175 4370 ἕνωσιν
190 4323 264 4370 babet
280 4313 349 4368 κατὰ
368 4312 463 4384 pero.
483 4329 554 4384 atque
572 4321 603 4368 ito
624 4319 661 4368 le·
712 4307 758 4362 καὶ
774 4297 812 4367 sis
830 4305 906 4362 ἔστιν
922 4305 937 4360 ὁ
953 4322 1076 4376 χρισιος.

69 4393 102 4452 til
123 4392 244 4448 ΜΨ·
748 4383 764 4430 t.
783 4383 883 4442 Segner.
908 4381 1005 4430 Gobler.
1030 4374 1218 4428 stimulaui.
1242 4367 1301 4421 sole

103 4459 130 4508 d.
148 4457 191 4506 Sic
215 4469 300 4504 omnes
319 4457 370 4504 lere
388 4469 447 4504 mss.
484 4453 509 4503 ln
528 4454 600 4504 editis
618 4469 662 4502 su·
712 4447 791 4516 μᾶτε.
829 4447 891 4496 Editi
909 4447 988 4496 minna
1006 4435 1224 4520 roctarolprria}
1246 4440 1301 4518 idox

68 4535 118 4574 tem
139 4517 172 4572 ἐν
189 4523 265 4572 deest.
714 4517 786 4568 iidem
806 4507 939 4584 οὔτεγὰρ
956 4526 1045 4582 repom.
1061 4549 1068 4566 ,
1082 4549 1088 4562 .
1101 4545 1109 4564 ,
1121 4503 1184 4562 οὔτε
1201 4517 1299 4558 onon·

106 4607 129 4642 c.
148 4592 178 4642 ln
202 4591 301 4653 Sepncr.
324 4602 354 4640 ts
371 4589 447 4640 deest.
482 4589 546 4638 lutra
566 4586 663 4638 Gobier.
716 4573 825 4634 ...οὖδέ
842 4595 891 4636 τις.
958 4613 961 4620 -
