3072 5056
343 365 487 408 ernsroun
502 365 540 408 uu
557 363 700 408 ouonsrns
716 363 860 408 anemos
875 363 994 408 arnono.
1240 351 1282 416 67

67 513 338 578 consubstantialem
360 513 495 576 confiteri
516 533 550 576 se
571 513 744 576 affirmabat
786 513 868 577 llaec
888 521 986 578 antem
1009 523 1080 578 suut
1099 517 1163 578 eius
1176 516 1367 581 verbazrmo.

67 615 119 688 „lit
142 614 228 678 aliam
251 615 408 696 epistolam
431 613 552 694 scripsi,
582 613 631 676 nbi
655 613 790 688 ostendi,
819 615 920 678 taleam
949 634 1019 678 csse
1040 634 1097 696 qua
1119 617 1160 678 illi
1183 619 1284 682 inme

67 724 209 796 „utuqtur
230 715 446 787 eliminatione,
469 715 555 798 qnasi
577 715 692 776 scilicet
711 716 760 795 qni
779 735 947 794 negassem,
971 716 1121 780 Christum
1135 718 1197 780 Deo
1213 739 1287 786 esse,

67 865 82 892 „
91 816 382 880 consubstantialem.
425 813 491 878 Etsi
513 817 593 878 enim
616 818 726 888 tateor,
755 835 804 878 me
833 817 863 878 id
892 817 1022 880 nominis
1050 818 1131 882 nullo
1162 820 1193 882 in
1216 821 1283 884 loco

68 927 255 993 „sanderum
275 918 493 997 Scripturamm
516 916 680 988 invenisse,
709 925 807 978 temen
836 937 910 996 quae
939 917 1161 997 subsequuntur
1192 932 1367 1000 argu-narr.

68 1019 285 1094 „mentatioues
304 1037 399 1092 meae,
421 1037 495 1097 quas
517 1017 637 1096 quidem
658 1017 699 1078 illi
721 1017 914 1088 reticuerunt,
937 1019 973 1081 ab
993 1020 1048 1080 bac
1062 1022 1207 1088 sententia
1222 1039 1284 1084 non

69 1121 266 1200 „discrepent
310 1119 389 1193 Quin
412 1121 500 1180 etiam
523 1117 642 1184 bomani
664 1127 769 1197 partus
790 1120 956 1197 exemplum
972 1121 1002 1180 in
1019 1119 1149 1185 medium
1163 1123 1284 1200 protodi,

68 1241 172 1300 „quan
204 1239 314 1300 nempe
339 1221 529 1300 perspicuum
561 1227 608 1282 est
635 1219 768 1281 eiusdem
797 1239 866 1281 esse
894 1228 1030 1292 naturae,
1063 1219 1220 1300 addidique
1248 1241 1284 1282 eo

68 1323 184 1394 „solum
206 1329 345 1400 parentes
368 1322 443 1400 aliqs
466 1337 535 1382 esse
556 1337 573 1380 a
595 1319 658 1382 suis
679 1319 796 1392 liberis,
830 1320 909 1400 quod
938 1319 996 1400 ipsi
1026 1338 1086 1382 non
1109 1321 1167 1385 sint
1189 1321 1285 1396 liberi,

68 1441 142 1495 „nee
161 1423 235 1484 item
257 1441 383 1484 necesse
411 1441 480 1484 osse
499 1427 553 1482 aut
573 1427 712 1500 parentes
734 1437 804 1482 esse
826 1429 877 1482 aut
896 1420 1019 1482 liberos.
1063 1421 1098 1484 Et
1120 1420 1197 1486 bano
1217 1422 1285 1502 qui·

70 1524 154 1596 „dem
174 1522 343 1602 epistolam,
365 1530 399 1585 nt
420 1520 490 1592 diri,
512 1521 552 1582 ob
566 1529 755 1600 praesentem
768 1539 870 1584 rerum
890 1529 999 1584 statum
1015 1521 1209 1586 exhibendam
1225 1542 1286 1588 nnn

70 1623 200 1698 „bobeo;
229 1624 360 1702 alioquin
383 1623 464 1702 ipsa,
493 1641 568 1702 quae
590 1629 660 1684 tunc
680 1621 806 1700 scripsi,
835 1622 923 1684 verba
950 1622 996 1684 rel
1026 1623 1127 1703 potins
1155 1625 1286 1704 integrae

69 1725 231 1804 „epistolae
255 1723 404 1804 exemplar
426 1723 587 1796 misissem,
610 1722 700 1802 quod,
724 1722 774 1783 ubi
796 1731 913 1802 potero,
939 1725 1037 1786 lacero
1058 1743 1119 1786 uon
1141 1726 1285 1790 omittam.

69 1827 205 1898 „llemiui
227 1844 300 1887 nero
321 1825 474 1904 probeque
488 1823 577 1896 scio,
605 1841 653 1886 me
674 1824 802 1902 piurima
823 1842 941 1898 rerum,
974 1843 1049 1904 qnae
1070 1825 1205 1890 eiusdem
1227 1829 1287 1892 siut

70 1929 215 2007 ,generis
239 1926 371 2005 exe-pla
394 1926 600 2006 pmposoisse.
645 1925 777 2004 Namque
799 1925 876 1998 dixi,
898 1924 1026 2004 plantam
1049 1945 1085 1988 cx
1106 1929 1220 1992 semine
1241 1931 1287 1992 cel

70 2049 125 2102 „er
144 2030 243 2092 radice
266 2038 400 2090 exortam
422 2026 508 2088 eham
530 2045 599 2088 esse
621 2026 658 2088 ab
681 2045 717 2087 eo
741 2027 819 2088 unde
840 2026 983 2105 producta
1005 2037 1066 2102 est,
1100 2049 1167 2092 esse
1189 2041 1287 2096 nmen

73 2129 222 2204 „eiusdem
245 2139 387 2202 naturae,
410 2130 531 2216 durium
552 2127 689 2192 similiter
710 2147 745 2188 en
767 2129 848 2190 loote
870 2137 1056 2192 emanantem
1077 2131 1156 2194 aliud
1177 2152 1287 2198 nomen

72 2231 206 2304 „babere
222 2249 320 2309 ueque
336 2230 414 2292 onim
430 2231 542 2290 lentem
558 2228 613 2290 dici
629 2227 760 2302 llnriuun,
782 2247 879 2308 neque
894 2230 1016 2294 tlnoium
1030 2231 1154 2306 iontem,
1170 2242 1286 2296 nuum·

75 2351 149 2412 „que
168 2331 364 2394 nibilominus
387 2331 524 2402 existere,
547 2329 587 2392 ita
608 2337 642 2390 nt
664 2330 770 2392 dorius
793 2329 834 2391 sit
855 2347 931 2410 aqua
952 2349 987 2392 ex
1004 2331 1086 2392 lonte
1100 2335 1286 2411 prolineus.“

148 2536 197 2598 lb·
242 2532 331 2605 Quod
359 2541 457 2594 autem
478 2531 532 2593 Dei
555 2529 682 2592 Verbum
710 2549 766 2592 neo
792 2533 900 2594 lactum
922 2549 978 2594 nec
999 2541 1129 2596 creatum
1151 2535 1205 2610 sit,
1235 2538 1287 2598 sod

77 2635 202 2712 propn'ns
224 2641 257 2696 et
277 2632 446 2696 individuus
467 2631 563 2696 Patris
584 2632 768 2694 substantiae
790 2634 882 2706 ictus,
913 2639 945 2694 nt
966 2633 1085 2711 scripsit
1106 2653 1209 2714 magna
1232 2639 1287 2716 Sy-

76 2735 176 2810 nodus,
202 2753 272 2797 ecce
294 2733 454 2814 Dionysius
484 2751 602 2813 quoque
624 2733 736 2794 Romae
757 2732 925 2812 Episcopus
948 2732 1082 2794 scribens
1105 2745 1207 2798 contra
1231 2737 1288 2798 Sa-

78 2833 207 2898 bellianos
228 2836 278 2898 bie
299 2835 398 2898 verbis
420 2835 559 2898 adversus
582 2835 650 2896 idos
672 2833 857 2913 indignatur,
889 2832 939 2912 qui
962 2831 1027 2894 talia
1050 2833 1160 2896 audent
1180 2835 1289 2902 dicere.

80 2935 155 3008 „hm
174 2955 262 3011 vero,
285 2937 396 3016 inquit,
419 2955 544 3016 aequum
566 2935 656 2997 luerit
676 2935 817 2996 adversus
840 2933 907 2996 illos
930 2933 1100 3012 disputare,
1123 2935 1174 3015 qui
1195 2955 1289 3017 augu-

81 3037 254 3108 „ctissimam
276 3037 331 3100 ltei
344 3037 492 3100 Ecclesiae
508 3036 769 3116 praedicationem,
791 3034 1000 3108 lionarcbiam,
1024 3035 1054 3096 in
1071 3043 1132 3100 tres
1148 3039 1290 3117 quasdam

80 3139 216 3212 „virutes
237 3157 272 3200 ae
292 3145 446 3218 separatas
468 3138 646 3218 hypostases
668 3146 789 3216 tresque
811 3136 978 3199 divinitates
1000 3135 1148 3212 dividunt,
1177 3139 1290 3202 discin-

84 3239 169 3312 „dunt
188 3239 411 3318 destruuntquc.
454 3239 559 3302 Audivi
581 3239 660 3300 eninr
683 3237 828 3317 quosdam
850 3256 886 3299 ex
908 3237 973 3310 his,
996 3238 1047 3316 qui
1068 3239 1145 3318 apud
1167 3258 1220 3304 vos
1243 3242 1289 3304 di-

84 3337 194 3410 „rinum
214 3340 343 3402 Verbum
365 3339 536 3419 praedicant
559 3347 588 3400 et
610 3339 726 3411 docent,
749 3338 838 3400 innius
861 3337 1010 3417 opinionis
1032 3339 1190 3419 magistros
1212 3359 1291 3416 esse,

84 3439 148 3518 „qut
167 3435 282 3520 quidem
306 3461 342 3501 ex
365 3441 519 3511 diametro,
542 3449 574 3502 ut
595 3439 634 3501 ita
657 3438 778 3518 loquar,
801 3438 920 3500 Sabellii
943 3439 1107 3502 sententiae
1129 3441 1291 3506 adversan-

84 3547 157 3608 „tun
195 3541 276 3603 lilius
307 3541 386 3602 enim
415 3542 445 3602 in
474 3559 510 3603 eo
539 3540 677 3602 consistit
705 3540 859 3619 impietas,
888 3540 968 3618 quod
997 3540 1074 3602 dicat
1095 3541 1202 3604 lilium
1225 3563 1292 3606 esse

88 3637 213 3710 „Panem
240 3653 269 3703 et
298 3641 444 3714 vicissim,
478 3641 518 3702 illi
546 3649 644 3703 antem
674 3648 735 3702 tres
759 3640 836 3702 Deos
865 3641 1083 3720 quodammodo
1112 3643 1291 3722 praedicant,

89 3757 166 3808 „mm
191 3753 321 3805 sanctam
351 3743 492 3804 unitatem
521 3744 551 3802 in
575 3751 635 3804 tres
659 3742 791 3804 diversas
814 3742 992 3820 hypostases
1014 3742 1093 3804 inter
1114 3762 1148 3804 se
1171 3744 1292 3804 omnino

87 3851 248 3920 „separatas
271 3843 415 3905 dividunt.
460 3841 589 3904 Necesse
611 3851 658 3904 est
680 3842 767 3916 enim,
791 3842 921 3904 divinum
945 3843 1072 3904 Verbum
1087 3843 1149 3904 ileo
1172 3843 1292 3902 nniver-

85 3959 201 4010 „sotnm
222 3964 289 4006 esse
313 3944 436 4018 unitum,
460 3953 490 4006 et
509 3943 653 4024 Spiritum
675 3951 808 4006 sanctum
830 3943 860 4004 in
875 3943 937 4004 [teo
958 3961 1078 4004 manere
1100 3952 1130 4003 ct
1150 3941 1294 4012 habitare,

86 4059 140 4108 ‚tac
157 4043 278 4126 denique
300 4047 429 4108 divinam
451 4045 627 4108 Trinitatem
649 4045 679 4105 in
702 4062 804 4117 unum,
827 4045 910 4124 quasi
925 4043 956 4104 in
978 4041 1132 4121 quemdam
1156 4039 1294 4104 verticem

86 4139 207 4210 „iheum
227 4148 435 4208 universorum
459 4148 693 4227 omnipotentem
716 4145 805 4222 dico),
827 4144 929 4205 reduci
946 4150 973 4204 et
987 4140 1093 4218 colligi.
1116 4141 1188 4202 Nam
1205 4140 1294 4202 lutilis

87 4239 255 4308 „llaroionis
278 4247 429 4323 doctrina,
458 4265 533 4326 quae
561 4245 762 4309 monarchiam
790 4245 820 4304 in
844 4243 899 4304 tria
928 4240 1072 4319 principia
1093 4251 1173 4301 secat
1195 4248 1225 4301 et
1246 4241 1294 4302 di-

115 4424 135 4474 b.
146 4427 187 4494 ‚Sic
204 4432 258 4494 lteg.
295 4433 375 4483 Ceteri
393 4441 472 4483 antem
491 4439 515 4483 et
532 4432 589 4484 editi
606 4429 658 4480 πᾶ·
745 4425 835 4488 d.,roio
852 4427 921 4476 abest
938 4442 951 4476 a
971 4426 1026 4488 llep.

87 4501 135 4548 w,
152 4505 175 4545 nt
191 4507 214 4548 eo
228 4501 285 4562 tegit
301 4501 414 4552 rubroc.
432 4501 540 4552 crmrtot.
744 4512 766 4548 e.
785 4495 843 4558 Ret-
863 4487 925 4548 toric
941 4487 1186 4560 xoroococqotococ

120 4575 138 4612 e.
154 4561 204 4627 hep.
222 4566 269 4628 τῆς
287 4569 384 4620 nutriit.

1053 4643 1091 4694 5*
