<?xml version="1.0" encoding="UTF-8"?>
<!DOCTYPE html PUBLIC "-//W3C//DTD XHTML 1.0 Transitional//EN"
    "http://www.w3.org/TR/xhtml1/DTD/xhtml1-transitional.dtd">
<html xmlns="http://www.w3.org/1999/xhtml" xml:lang="en" lang="en">
 <head>
  <title>
</title>
<meta http-equiv="Content-Type" content="text/html;charset=utf-8" />
  <meta name='ocr-system' content='tesseract 3.04.00' />
  <meta name='ocr-capabilities' content='ocr_page ocr_carea ocr_par ocr_line ocrx_word'/>
</head>
<body>
  <div class='ocr_page' id='page_1' title='image "./sanctiathanasii01athagoog_0938.png"; bbox 0 0 3032 5048; ppageno 0'>
   <div class='ocr_carea' id='block_1_1' title="bbox 414 279 1267 351">
    <p class='ocr_par' dir='ltr' id='par_1_1' title="bbox 414 279 1267 351">
     <span class='ocr_line' id='line_1_1' title="bbox 414 279 1267 351; baseline 0.019 -19"><span class='ocrx_word' id='word_1_1' title='bbox 414 281 764 335; x_wconf 74' lang='lat' dir='ltr'><strong>cournsaronnmasaurr</strong></span> <span class='ocrx_word' id='word_1_2' title='bbox 777 289 901 336; x_wconf 80' lang='lat' dir='ltr'><strong>unsar.</strong></span> <span class='ocrx_word' id='word_1_3' title='bbox 1205 279 1267 351; x_wconf 77' lang='lat' dir='ltr'><strong>snt</strong></span> 
     </span>
    </p>
   </div>
   <div class='ocr_carea' id='block_1_2' title="bbox 21 437 1358 1036">
    <p class='ocr_par' dir='ltr' id='par_1_2' title="bbox 21 437 1358 1036">
     <span class='ocr_line' id='line_1_2' title="bbox 56 437 1358 526; baseline 0.007 -27"><span class='ocrx_word' id='word_1_4' title='bbox 56 445 126 502; x_wconf 84' lang='lat' dir='ltr'><strong>est</strong></span> <span class='ocrx_word' id='word_1_5' title='bbox 155 439 290 502; x_wconf 74' lang='lat' dir='ltr'><strong>sumnam</strong></span> <span class='ocrx_word' id='word_1_6' title='bbox 314 438 501 519; x_wconf 83' lang='lat' dir='ltr'><strong>significarit,</strong></span> <span class='ocrx_word' id='word_1_7' title='bbox 531 438 567 500; x_wconf 90' lang='lat' dir='ltr'><strong>de</strong></span> <span class='ocrx_word' id='word_1_8' title='bbox 597 457 654 518; x_wconf 88' lang='lat' dir='ltr'><strong>qus</strong></span> <span class='ocrx_word' id='word_1_9' title='bbox 676 447 706 500; x_wconf 90' lang='lat' dir='ltr'><strong>et</strong></span> <span class='ocrx_word' id='word_1_10' title='bbox 727 437 857 502; x_wconf 78' lang='lat' dir='ltr'>dixerat:</span> <span class='ocrx_word' id='word_1_11' title='bbox 885 439 969 507; x_wconf 80' lang='lat' dir='ltr'><strong>Pono</strong></span> <span class='ocrx_word' id='word_1_12' title='bbox 992 461 1056 510; x_wconf 83' lang='lat' dir='ltr'><strong>eom</strong></span> <span class='ocrx_word' id='word_1_13' title='bbox 1073 463 1136 526; x_wconf 84' lang='lat' dir='ltr'><strong>pro</strong></span> <span class='ocrx_word' id='word_1_14' title='bbox 1160 447 1358 512; x_wconf 74' lang='lat' dir='ltr'><strong>amburens.</strong></span> 
     </span>
     <span class='ocr_line' id='line_1_3' title="bbox 27 539 1268 628; baseline 0.01 -27"><span class='ocrx_word' id='word_1_15' title='bbox 27 545 101 611; x_wconf 78' lang='lat' dir='ltr'><strong>eis,</strong></span> <span class='ocrx_word' id='word_1_16' title='bbox 135 541 186 602; x_wconf 82' lang='lat' dir='ltr'><strong>ita</strong></span> <span class='ocrx_word' id='word_1_17' title='bbox 210 549 244 604; x_wconf 90' lang='lat' dir='ltr'><strong>ut</strong></span> <span class='ocrx_word' id='word_1_18' title='bbox 264 540 493 620; x_wconf 71' lang='lat' dir='ltr'>exspirationem</span> <span class='ocrx_word' id='word_1_19' title='bbox 516 559 606 602; x_wconf 90' lang='lat' dir='ltr'><strong>nemo</strong></span> <span class='ocrx_word' id='word_1_20' title='bbox 630 539 737 605; x_wconf 85' lang='lat' dir='ltr'><strong>dixerit</strong></span> <span class='ocrx_word' id='word_1_21' title='bbox 749 539 873 609; x_wconf 85' lang='lat' dir='ltr'><strong>Deitatis</strong></span> <span class='ocrx_word' id='word_1_22' title='bbox 889 546 1192 628; x_wconf 76' lang='lat' dir='ltr'><strong>transmigrationem,</strong></span> <span class='ocrx_word' id='word_1_23' title='bbox 1214 551 1268 612; x_wconf 86' lang='lat' dir='ltr'><strong>sed</strong></span> 
     </span>
     <span class='ocr_line' id='line_1_4' title="bbox 22 642 1269 723; baseline 0.011 -21"><span class='ocrx_word' id='word_1_24' title='bbox 22 642 149 704; x_wconf 80' lang='lat' dir='ltr'><strong>rimae</strong></span> <span class='ocrx_word' id='word_1_25' title='bbox 191 642 369 706; x_wconf 71' lang='lat' dir='ltr'>discessum.</span> <span class='ocrx_word' id='word_1_26' title='bbox 412 643 485 706; x_wconf 88' lang='lat' dir='ltr'><strong>Nam</strong></span> <span class='ocrx_word' id='word_1_27' title='bbox 519 642 545 704; x_wconf 86' lang='lat' dir='ltr'><strong>si</strong></span> <span class='ocrx_word' id='word_1_28' title='bbox 572 662 627 722; x_wconf 82' lang='lat' dir='ltr'><strong>per</strong></span> <span class='ocrx_word' id='word_1_29' title='bbox 657 643 950 723; x_wconf 75' lang='lat' dir='ltr'><strong>transmigrationem</strong></span> <span class='ocrx_word' id='word_1_30' title='bbox 977 647 1100 712; x_wconf 76' lang='lat' dir='ltr'>Deitatis</span> <span class='ocrx_word' id='word_1_31' title='bbox 1128 669 1211 714; x_wconf 90' lang='lat' dir='ltr'><strong>mors</strong></span> <span class='ocrx_word' id='word_1_32' title='bbox 1239 660 1269 716; x_wconf 88' lang='lat' dir='ltr'><strong>et</strong></span> 
     </span>
     <span class='ocr_line' id='line_1_5' title="bbox 22 743 1266 826; baseline 0.01 -22"><span class='ocrx_word' id='word_1_33' title='bbox 22 743 174 823; x_wconf 75' lang='lat' dir='ltr'><strong>arpotis</strong></span> <span class='ocrx_word' id='word_1_34' title='bbox 206 744 362 808; x_wconf 80' lang='lat' dir='ltr'><strong>exstinctio</strong></span> <span class='ocrx_word' id='word_1_35' title='bbox 386 744 579 824; x_wconf 76' lang='lat' dir='ltr'><strong>contigisset,</strong></span> <span class='ocrx_word' id='word_1_36' title='bbox 607 744 728 826; x_wconf 88' lang='lat' dir='ltr'><strong>propria</strong></span> <span class='ocrx_word' id='word_1_37' title='bbox 750 754 847 808; x_wconf 87' lang='lat' dir='ltr'><strong>morte</strong></span> <span class='ocrx_word' id='word_1_38' title='bbox 870 745 997 810; x_wconf 88' lang='lat' dir='ltr'><strong>obiisset</strong></span> <span class='ocrx_word' id='word_1_39' title='bbox 1019 757 1049 810; x_wconf 88' lang='lat' dir='ltr'><strong>et</strong></span> <span class='ocrx_word' id='word_1_40' title='bbox 1070 769 1130 812; x_wconf 93' lang='lat' dir='ltr'><strong>non</strong></span> <span class='ocrx_word' id='word_1_41' title='bbox 1152 761 1266 817; x_wconf 88' lang='lat' dir='ltr'><strong>nostra.</strong></span> 
     </span>
     <span class='ocr_line' id='line_1_6' title="bbox 25 845 1267 924; baseline 0.01 -18"><span class='ocrx_word' id='word_1_42' title='bbox 25 855 41 906; x_wconf 93' lang='lat' dir='ltr'><strong>t</strong></span> <span class='ocrx_word' id='word_1_43' title='bbox 71 851 141 924; x_wconf 87' lang='lat' dir='ltr'><strong>qui</strong></span> <span class='ocrx_word' id='word_1_44' title='bbox 168 845 279 910; x_wconf 81' lang='lat' dir='ltr'><strong>amabo</strong></span> <span class='ocrx_word' id='word_1_45' title='bbox 300 865 362 910; x_wconf 90' lang='lat' dir='ltr'><strong>non</strong></span> <span class='ocrx_word' id='word_1_46' title='bbox 385 845 501 908; x_wconf 88' lang='lat' dir='ltr'><strong>obtecta</strong></span> <span class='ocrx_word' id='word_1_47' title='bbox 524 845 638 908; x_wconf 85' lang='lat' dir='ltr'><strong>licitate</strong></span> <span class='ocrx_word' id='word_1_48' title='bbox 659 845 690 908; x_wconf 91' lang='lat' dir='ltr'><strong>in</strong></span> <span class='ocrx_word' id='word_1_49' title='bbox 712 845 860 908; x_wconf 90' lang='lat' dir='ltr'><strong>inlernum</strong></span> <span class='ocrx_word' id='word_1_50' title='bbox 883 845 1109 913; x_wconf 78' lang='lat' dir='ltr'><strong>descendisset?</strong></span> <span class='ocrx_word' id='word_1_51' title='bbox 1141 853 1267 918; x_wconf 81' lang='lat' dir='ltr'><strong>Ubinam</strong></span> 
     </span>
     <span class='ocr_line' id='line_1_7' title="bbox 21 939 1265 1036; baseline 0.009 -29"><span class='ocrx_word' id='word_1_52' title='bbox 21 947 116 1024; x_wconf 68' lang='lat' dir='ltr'><strong>gitur</strong></span> <span class='ocrx_word' id='word_1_53' title='bbox 140 947 198 1009; x_wconf 88' lang='lat' dir='ltr'><strong>illa</strong></span> <span class='ocrx_word' id='word_1_54' title='bbox 221 949 328 1020; x_wconf 88' lang='lat' dir='ltr'><strong>anima,</strong></span> <span class='ocrx_word' id='word_1_55' title='bbox 351 967 438 1028; x_wconf 87' lang='lat' dir='ltr'><strong>quam</strong></span> <span class='ocrx_word' id='word_1_56' title='bbox 462 948 641 1028; x_wconf 90' lang='lat' dir='ltr'><strong>promiserat</strong></span> <span class='ocrx_word' id='word_1_57' title='bbox 662 947 809 1012; x_wconf 84' lang='lat' dir='ltr'><strong>Dominus</strong></span> <span class='ocrx_word' id='word_1_58' title='bbox 832 967 867 1010; x_wconf 89' lang='lat' dir='ltr'><strong>se</strong></span> <span class='ocrx_word' id='word_1_59' title='bbox 887 939 1072 1030; x_wconf 75' lang='lat' dir='ltr'><strong>pro&#39;ovib&#39;us</strong></span> <span class='ocrx_word' id='word_1_60' title='bbox 1095 953 1159 1018; x_wconf 90' lang='lat' dir='ltr'><strong>suis</strong></span> <span class='ocrx_word' id='word_1_61' title='bbox 1181 957 1265 1036; x_wconf 86' lang='lat' dir='ltr'><strong>posi-</strong></span> 
     </span>
    </p>
   </div>
   <div class='ocr_carea' id='block_1_3' title="bbox 20 1048 1269 1336">
    <p class='ocr_par' dir='ltr' id='par_1_3' title="bbox 20 1048 1269 1336">
     <span class='ocr_line' id='line_1_8' title="bbox 21 1048 1267 1130; baseline 0.009 -23"><span class='ocrx_word' id='word_1_62' title='bbox 21 1067 143 1124; x_wconf 83' lang='lat' dir='ltr'><strong>rrum‚</strong></span> <span class='ocrx_word' id='word_1_63' title='bbox 170 1051 211 1114; x_wconf 91' lang='lat' dir='ltr'><strong>de</strong></span> <span class='ocrx_word' id='word_1_64' title='bbox 233 1068 290 1130; x_wconf 87' lang='lat' dir='ltr'><strong>qua</strong></span> <span class='ocrx_word' id='word_1_65' title='bbox 312 1059 341 1112; x_wconf 92' lang='lat' dir='ltr'><strong>et</strong></span> <span class='ocrx_word' id='word_1_66' title='bbox 361 1049 529 1130; x_wconf 84' lang='lat' dir='ltr'><strong>Prophetae</strong></span> <span class='ocrx_word' id='word_1_67' title='bbox 550 1049 674 1130; x_wconf 81' lang='lat' dir='ltr'><strong>praeisti</strong></span> <span class='ocrx_word' id='word_1_68' title='bbox 697 1048 791 1112; x_wconf 77' lang='lat' dir='ltr'><strong>sunt?</strong></span> <span class='ocrx_word' id='word_1_69' title='bbox 835 1049 869 1114; x_wconf 89' lang='lat' dir='ltr'><strong>Si</strong></span> <span class='ocrx_word' id='word_1_70' title='bbox 890 1070 961 1114; x_wconf 83' lang='lat' dir='ltr'><strong>uero</strong></span> <span class='ocrx_word' id='word_1_71' title='bbox 985 1051 1099 1116; x_wconf 87' lang='lat' dir='ltr'><strong>animae</strong></span> <span class='ocrx_word' id='word_1_72' title='bbox 1116 1053 1267 1118; x_wconf 78' lang='lat' dir='ltr'><strong>discessus</strong></span> 
     </span>
     <span class='ocr_line' id='line_1_9' title="bbox 21 1151 1269 1232; baseline 0.004 -17"><span class='ocrx_word' id='word_1_73' title='bbox 21 1155 83 1226; x_wconf 86' lang='lat' dir='ltr'><strong>uit,</strong></span> <span class='ocrx_word' id='word_1_74' title='bbox 114 1153 194 1214; x_wconf 87' lang='lat' dir='ltr'><strong>ideo</strong></span> <span class='ocrx_word' id='word_1_75' title='bbox 216 1151 327 1216; x_wconf 89' lang='lat' dir='ltr'><strong>dictum</strong></span> <span class='ocrx_word' id='word_1_76' title='bbox 350 1160 396 1214; x_wconf 89' lang='lat' dir='ltr'><strong>est</strong></span> <span class='ocrx_word' id='word_1_77' title='bbox 417 1169 484 1215; x_wconf 92' lang='lat' dir='ltr'><strong>eum</strong></span> <span class='ocrx_word' id='word_1_78' title='bbox 503 1160 638 1213; x_wconf 81' lang='lat' dir='ltr'><strong>nostram</strong></span> <span class='ocrx_word' id='word_1_79' title='bbox 653 1160 781 1214; x_wconf 87' lang='lat' dir='ltr'><strong>mortem</strong></span> <span class='ocrx_word' id='word_1_80' title='bbox 797 1153 978 1232; x_wconf 85' lang='lat' dir='ltr'><strong>suscepisse,</strong></span> <span class='ocrx_word' id='word_1_81' title='bbox 1000 1155 1058 1216; x_wconf 91' lang='lat' dir='ltr'><strong>boo</strong></span> <span class='ocrx_word' id='word_1_82' title='bbox 1073 1163 1120 1217; x_wconf 86' lang='lat' dir='ltr'><strong>est</strong></span> <span class='ocrx_word' id='word_1_83' title='bbox 1134 1163 1269 1220; x_wconf 76' lang='lat' dir='ltr'><strong>nosusm</strong></span> 
     </span>
     <span class='ocr_line' id='line_1_10' title="bbox 20 1252 1092 1336; baseline 0.001 -20"><span class='ocrx_word' id='word_1_84' title='bbox 20 1255 271 1320; x_wconf 84' lang='lat' dir='ltr'><strong>lissolutionam</strong></span> <span class='ocrx_word' id='word_1_85' title='bbox 292 1252 484 1336; x_wconf 84' lang='lat' dir='ltr'><strong>sustinpisse,</strong></span> <span class='ocrx_word' id='word_1_86' title='bbox 507 1262 540 1316; x_wconf 92' lang='lat' dir='ltr'><strong>ut</strong></span> <span class='ocrx_word' id='word_1_87' title='bbox 563 1263 593 1314; x_wconf 85' lang='lat' dir='ltr'><strong>et</strong></span> <span class='ocrx_word' id='word_1_88' title='bbox 614 1261 748 1330; x_wconf 79' lang='lat' dir='ltr'><strong>nostram</strong></span> <span class='ocrx_word' id='word_1_89' title='bbox 770 1254 913 1318; x_wconf 85' lang='lat' dir='ltr'><strong>nascendi</strong></span> <span class='ocrx_word' id='word_1_90' title='bbox 934 1256 1092 1320; x_wconf 89' lang='lat' dir='ltr'><strong>rationem.</strong></span> 
     </span>
    </p>
   </div>
   <div class='ocr_carea' id='block_1_4' title="bbox 18 1555 1347 3056">
    <p class='ocr_par' dir='ltr' id='par_1_4' title="bbox 18 1555 1347 3056">
     <span class='ocr_line' id='line_1_11' title="bbox 118 1555 1267 1641; baseline 0.003 -19"><span class='ocrx_word' id='word_1_91' title='bbox 118 1561 174 1624; x_wconf 87' lang='grc'><strong>19.</strong></span> <span class='ocrx_word' id='word_1_92' title='bbox 221 1557 334 1619; x_wconf 84' lang='lat' dir='ltr'><strong>Vanum</strong></span> <span class='ocrx_word' id='word_1_93' title='bbox 357 1555 447 1635; x_wconf 90' lang='lat' dir='ltr'><strong>igitur</strong></span> <span class='ocrx_word' id='word_1_94' title='bbox 469 1563 516 1616; x_wconf 89' lang='lat' dir='ltr'><strong>est</strong></span> <span class='ocrx_word' id='word_1_95' title='bbox 538 1561 670 1617; x_wconf 86' lang='lat' dir='ltr'><strong>vestrum</strong></span> <span class='ocrx_word' id='word_1_96' title='bbox 692 1556 863 1636; x_wconf 85' lang='lat' dir='ltr'><strong>sophisma;</strong></span> <span class='ocrx_word' id='word_1_97' title='bbox 886 1575 953 1620; x_wconf 90' lang='lat' dir='ltr'><strong>nam</strong></span> <span class='ocrx_word' id='word_1_98' title='bbox 976 1563 1027 1640; x_wconf 90' lang='lat' dir='ltr'><strong>qui</strong></span> <span class='ocrx_word' id='word_1_99' title='bbox 1049 1579 1161 1641; x_wconf 84' lang='lat' dir='ltr'><strong>quaeso</strong></span> <span class='ocrx_word' id='word_1_100' title='bbox 1184 1580 1267 1628; x_wconf 91' lang='lat' dir='ltr'><strong>mors</strong></span> 
     </span>
     <span class='ocr_line' id='line_1_12' title="bbox 19 1655 1266 1733; baseline 0.002 -11"><span class='ocrx_word' id='word_1_101' title='bbox 19 1660 229 1733; x_wconf 87' lang='lat' dir='ltr'><strong>advenisset,</strong></span> <span class='ocrx_word' id='word_1_102' title='bbox 257 1658 319 1720; x_wconf 87' lang='lat' dir='ltr'><strong>nisi</strong></span> <span class='ocrx_word' id='word_1_103' title='bbox 346 1666 376 1720; x_wconf 84' lang='lat' dir='ltr'><strong>et</strong></span> <span class='ocrx_word' id='word_1_104' title='bbox 403 1655 578 1718; x_wconf 88' lang='lat' dir='ltr'><strong>interiorem</strong></span> <span class='ocrx_word' id='word_1_105' title='bbox 601 1665 632 1718; x_wconf 88' lang='lat' dir='ltr'><strong>et</strong></span> <span class='ocrx_word' id='word_1_106' title='bbox 653 1657 833 1720; x_wconf 82' lang='lat' dir='ltr'><strong>exteriorem</strong></span> <span class='ocrx_word' id='word_1_107' title='bbox 855 1659 1006 1722; x_wconf 88' lang='lat' dir='ltr'><strong>bominem</strong></span> <span class='ocrx_word' id='word_1_108' title='bbox 1029 1661 1157 1724; x_wconf 83' lang='lat' dir='ltr'><strong>Verbum</strong></span> <span class='ocrx_word' id='word_1_109' title='bbox 1179 1663 1210 1724; x_wconf 91' lang='lat' dir='ltr'><strong>in</strong></span> <span class='ocrx_word' id='word_1_110' title='bbox 1232 1681 1266 1726; x_wconf 89' lang='lat' dir='ltr'><strong>ss</strong></span> 
     </span>
     <span class='ocr_line' id='line_1_13' title="bbox 19 1757 1265 1840; baseline 0.002 -17"><span class='ocrx_word' id='word_1_111' title='bbox 19 1760 256 1832; x_wconf 84' lang='lat' dir='ltr'><strong>constituisset,</strong></span> <span class='ocrx_word' id='word_1_112' title='bbox 279 1759 309 1820; x_wconf 91' lang='lat' dir='ltr'><strong>id</strong></span> <span class='ocrx_word' id='word_1_113' title='bbox 332 1766 380 1819; x_wconf 89' lang='lat' dir='ltr'><strong>est</strong></span> <span class='ocrx_word' id='word_1_114' title='bbox 401 1775 510 1836; x_wconf 91' lang='lat' dir='ltr'><strong>corpus</strong></span> <span class='ocrx_word' id='word_1_115' title='bbox 533 1766 563 1818; x_wconf 88' lang='lat' dir='ltr'><strong>et</strong></span> <span class='ocrx_word' id='word_1_116' title='bbox 585 1757 738 1820; x_wconf 78' lang='lat' dir='ltr'><strong>animam?</strong></span> <span class='ocrx_word' id='word_1_117' title='bbox 783 1759 841 1832; x_wconf 83' lang='lat' dir='ltr'><strong>Qui</strong></span> <span class='ocrx_word' id='word_1_118' title='bbox 857 1777 913 1840; x_wconf 90' lang='lat' dir='ltr'><strong>pro</strong></span> <span class='ocrx_word' id='word_1_119' title='bbox 929 1769 993 1822; x_wconf 87' lang='lat' dir='ltr'><strong>toto</strong></span> <span class='ocrx_word' id='word_1_120' title='bbox 1010 1763 1131 1831; x_wconf 87' lang='lat' dir='ltr'><strong>bomine</strong></span> <span class='ocrx_word' id='word_1_121' title='bbox 1145 1762 1265 1826; x_wconf 89' lang='lat' dir='ltr'><strong>redem-</strong></span> 
     </span>
     <span class='ocr_line' id='line_1_14' title="bbox 19 1858 1266 1942; baseline 0.003 -20"><span class='ocrx_word' id='word_1_122' title='bbox 19 1862 122 1924; x_wconf 84' lang='lat' dir='ltr'><strong>tionis</strong></span> <span class='ocrx_word' id='word_1_123' title='bbox 145 1861 280 1942; x_wconf 90' lang='lat' dir='ltr'><strong>pretium</strong></span> <span class='ocrx_word' id='word_1_124' title='bbox 302 1859 427 1934; x_wconf 83' lang='lat' dir='ltr'><strong>dederit,</strong></span> <span class='ocrx_word' id='word_1_125' title='bbox 449 1868 500 1919; x_wconf 91' lang='lat' dir='ltr'><strong>aut</strong></span> <span class='ocrx_word' id='word_1_126' title='bbox 522 1859 672 1936; x_wconf 89' lang='lat' dir='ltr'><strong>quomodo</strong></span> <span class='ocrx_word' id='word_1_127' title='bbox 695 1858 801 1921; x_wconf 83' lang='lat' dir='ltr'><strong>mortis</strong></span> <span class='ocrx_word' id='word_1_128' title='bbox 815 1859 974 1942; x_wconf 82' lang='lat' dir='ltr'><strong>¹imperium</strong></span> <span class='ocrx_word' id='word_1_129' title='bbox 989 1862 1078 1942; x_wconf 91' lang='lat' dir='ltr'><strong>plene</strong></span> <span class='ocrx_word' id='word_1_130' title='bbox 1092 1863 1266 1942; x_wconf 87' lang='lat' dir='ltr'><strong>abrogatum</strong></span> 
     </span>
     <span class='ocr_line' id='line_1_15' title="bbox 19 1958 1263 2043; baseline 0 -17"><span class='ocrx_word' id='word_1_131' title='bbox 19 1963 132 2037; x_wconf 88' lang='lat' dir='ltr'><strong>inerit,</strong></span> <span class='ocrx_word' id='word_1_132' title='bbox 157 1963 186 2024; x_wconf 88' lang='lat' dir='ltr'><strong>si</strong></span> <span class='ocrx_word' id='word_1_133' title='bbox 207 1962 290 2036; x_wconf 89' lang='lat' dir='ltr'><strong>iliud,</strong></span> <span class='ocrx_word' id='word_1_134' title='bbox 313 1960 392 2042; x_wconf 87' lang='lat' dir='ltr'><strong>quod</strong></span> <span class='ocrx_word' id='word_1_135' title='bbox 414 1979 469 2040; x_wconf 89' lang='lat' dir='ltr'><strong>per</strong></span> <span class='ocrx_word' id='word_1_136' title='bbox 490 1958 712 2040; x_wconf 77' lang='lat' dir='ltr'><strong>intelligentiam</strong></span> <span class='ocrx_word' id='word_1_137' title='bbox 734 1969 880 2042; x_wconf 81' lang='lat' dir='ltr'><strong>peccarat,</strong></span> <span class='ocrx_word' id='word_1_138' title='bbox 903 1962 1030 2026; x_wconf 89' lang='lat' dir='ltr'><strong>animam</strong></span> <span class='ocrx_word' id='word_1_139' title='bbox 1053 1982 1160 2043; x_wconf 90' lang='lat' dir='ltr'><strong>nempe</strong></span> <span class='ocrx_word' id='word_1_140' title='bbox 1176 1963 1263 2026; x_wconf 77' lang='lat' dir='ltr'><strong>chri·</strong></span> 
     </span>
     <span class='ocr_line' id='line_1_16' title="bbox 18 2047 1264 2143; baseline 0.004 -17"><span class='ocrx_word' id='word_1_141' title='bbox 18 2074 94 2126; x_wconf 89' lang='lat' dir='ltr'><strong>stus</strong></span> <span class='ocrx_word' id='word_1_142' title='bbox 119 2063 151 2125; x_wconf 90' lang='lat' dir='ltr'><strong>in</strong></span> <span class='ocrx_word' id='word_1_143' title='bbox 177 2081 248 2126; x_wconf 88' lang='lat' dir='ltr'><strong>sese</strong></span> <span class='ocrx_word' id='word_1_144' title='bbox 268 2061 490 2143; x_wconf 82' lang='lat' dir='ltr'><strong>impeccabilem</strong></span> <span class='ocrx_word' id='word_1_145' title='bbox 513 2079 574 2122; x_wconf 91' lang='lat' dir='ltr'><strong>non</strong></span> <span class='ocrx_word' id='word_1_146' title='bbox 597 2057 830 2140; x_wconf 81' lang='lat' dir='ltr'><strong>constituisset?</strong></span> <span class='ocrx_word' id='word_1_147' title='bbox 873 2061 952 2142; x_wconf 85' lang='lat' dir='ltr'><strong>Ergo</strong></span> <span class='ocrx_word' id='word_1_148' title='bbox 975 2083 1058 2125; x_wconf 88' lang='lat' dir='ltr'><strong>mors</strong></span> <span class='ocrx_word' id='word_1_149' title='bbox 1082 2066 1169 2128; x_wconf 89' lang='lat' dir='ltr'><strong>etiam</strong></span> <span class='ocrx_word' id='word_1_150' title='bbox 1184 2047 1264 2131; x_wconf 74' lang='lat' dir='ltr'><strong>nuno&#39;</strong></span> 
     </span>
     <span class='ocr_line' id='line_1_17' title="bbox 18 2162 1347 2249; baseline 0.003 -23"><span class='ocrx_word' id='word_1_151' title='bbox 18 2168 52 2228; x_wconf 93' lang='lat' dir='ltr'><strong>in</strong></span> <span class='ocrx_word' id='word_1_152' title='bbox 80 2165 231 2228; x_wconf 87' lang='lat' dir='ltr'><strong>interiore</strong></span> <span class='ocrx_word' id='word_1_153' title='bbox 252 2164 374 2226; x_wconf 90' lang='lat' dir='ltr'><strong>bomine</strong></span> <span class='ocrx_word' id='word_1_154' title='bbox 396 2163 584 2236; x_wconf 65' lang='lat' dir='ltr'><strong>dominatum</strong></span> <span class='ocrx_word' id='word_1_155' title='bbox 612 2162 643 2224; x_wconf 90' lang='lat' dir='ltr'><strong>in</strong></span> <span class='ocrx_word' id='word_1_156' title='bbox 665 2180 795 2244; x_wconf 82' lang='lat' dir='ltr'><strong>quonam</strong></span> <span class='ocrx_word' id='word_1_157' title='bbox 819 2163 898 2224; x_wconf 89' lang='lat' dir='ltr'><strong>enim</strong></span> <span class='ocrx_word' id='word_1_158' title='bbox 921 2164 978 2226; x_wconf 89' lang='lat' dir='ltr'><strong>alio</strong></span> <span class='ocrx_word' id='word_1_159' title='bbox 1001 2185 1131 2246; x_wconf 79' lang='lat' dir='ltr'><strong>unquam</strong></span> <span class='ocrx_word' id='word_1_160' title='bbox 1154 2181 1347 2249; x_wconf 72' lang='lat' dir='ltr'><strong>regna-ms</strong></span> 
     </span>
     <span class='ocr_line' id='line_1_18' title="bbox 20 2265 1261 2346; baseline 0.002 -18"><span class='ocrx_word' id='word_1_161' title='bbox 20 2278 113 2330; x_wconf 84' lang='lat' dir='ltr'><strong>verat</strong></span> <span class='ocrx_word' id='word_1_162' title='bbox 145 2268 207 2330; x_wconf 85' lang='lat' dir='ltr'><strong>nisi</strong></span> <span class='ocrx_word' id='word_1_163' title='bbox 239 2268 270 2329; x_wconf 91' lang='lat' dir='ltr'><strong>in</strong></span> <span class='ocrx_word' id='word_1_164' title='bbox 303 2267 418 2340; x_wconf 82' lang='lat' dir='ltr'><strong>anima,</strong></span> <span class='ocrx_word' id='word_1_165' title='bbox 450 2285 526 2346; x_wconf 88' lang='lat' dir='ltr'><strong>quae</strong></span> <span class='ocrx_word' id='word_1_166' title='bbox 554 2265 745 2344; x_wconf 88' lang='lat' dir='ltr'><strong>intelligendo</strong></span> <span class='ocrx_word' id='word_1_167' title='bbox 772 2274 963 2346; x_wconf 84' lang='lat' dir='ltr'><strong>peccaverat,</strong></span> <span class='ocrx_word' id='word_1_168' title='bbox 998 2276 1031 2329; x_wconf 86' lang='lat' dir='ltr'><strong>ut</strong></span> <span class='ocrx_word' id='word_1_169' title='bbox 1058 2267 1168 2330; x_wconf 90' lang='lat' dir='ltr'><strong>dictum</strong></span> <span class='ocrx_word' id='word_1_170' title='bbox 1197 2277 1261 2342; x_wconf 88' lang='lat' dir='ltr'><strong>est:</strong></span> 
     </span>
     <span class='ocr_line' id='line_1_19' title="bbox 23 2369 1265 2450; baseline 0.002 -20"><span class='ocrx_word' id='word_1_171' title='bbox 23 2371 156 2442; x_wconf 80' lang='lat' dir='ltr'><strong>Animo,</strong></span> <span class='ocrx_word' id='word_1_172' title='bbox 192 2387 266 2450; x_wconf 77' lang='lat' dir='ltr'><strong>pune</strong></span> <span class='ocrx_word' id='word_1_173' title='bbox 291 2372 479 2448; x_wconf 81' lang='lat' dir='ltr'><strong>peccaverit,</strong></span> <span class='ocrx_word' id='word_1_174' title='bbox 506 2371 575 2446; x_wconf 81' lang='lat' dir='ltr'><strong>ipso</strong></span> <span class='ocrx_word' id='word_1_175' title='bbox 594 2370 772 2438; x_wconf 66' lang='lat' dir='ltr'><strong>monetur,</strong></span> <span class='ocrx_word' id='word_1_176' title='bbox 804 2384 860 2446; x_wconf 89' lang='lat' dir='ltr'><strong>pro</strong></span> <span class='ocrx_word' id='word_1_177' title='bbox 883 2386 941 2447; x_wconf 88' lang='lat' dir='ltr'><strong>qua</strong></span> <span class='ocrx_word' id='word_1_178' title='bbox 961 2369 1114 2448; x_wconf 85' lang='lat' dir='ltr'><strong>propriam</strong></span> <span class='ocrx_word' id='word_1_179' title='bbox 1136 2369 1265 2432; x_wconf 86' lang='lat' dir='ltr'><strong>animam</strong></span> 
     </span>
     <span class='ocr_line' id='line_1_20' title="bbox 23 2459 1293 2554; baseline -0.002 -20"><span class='ocrx_word' id='word_1_180' title='bbox 23 2471 172 2534; x_wconf 87' lang='lat' dir='ltr'><strong>Christus</strong></span> <span class='ocrx_word' id='word_1_181' title='bbox 199 2470 231 2530; x_wconf 90' lang='lat' dir='ltr'><strong>in</strong></span> <span class='ocrx_word' id='word_1_182' title='bbox 259 2469 388 2549; x_wconf 89' lang='lat' dir='ltr'><strong>pretinm</strong></span> <span class='ocrx_word' id='word_1_183' title='bbox 416 2459 612 2528; x_wconf 85' lang='lat' dir='ltr'><strong>redemtionis</strong></span> <span class='ocrx_word' id='word_1_184' title='bbox 639 2464 763 2546; x_wconf 73' lang='lat' dir='ltr'><strong>posuit?</strong></span> <span class='ocrx_word' id='word_1_185' title='bbox 809 2467 974 2540; x_wconf 83' lang='lat' dir='ltr'><strong>Quemnam</strong></span> <span class='ocrx_word' id='word_1_186' title='bbox 997 2476 1095 2532; x_wconf 84' lang='lat' dir='ltr'><strong>autem</strong></span> <span class='ocrx_word' id='word_1_187' title='bbox 1117 2470 1153 2531; x_wconf 85' lang='lat' dir='ltr'><strong>ab</strong></span> <span class='ocrx_word' id='word_1_188' title='bbox 1175 2469 1293 2554; x_wconf 67' lang='lat' dir='ltr'><strong>initio⁸</strong></span> 
     </span>
     <span class='ocr_line' id='line_1_21' title="bbox 25 2567 1261 2651; baseline -0.002 -17"><span class='ocrx_word' id='word_1_189' title='bbox 25 2570 351 2644; x_wconf 67' lang='lat' dir='ltr'><strong>condemnantibus,</strong></span> <span class='ocrx_word' id='word_1_190' title='bbox 375 2588 451 2650; x_wconf 91' lang='lat' dir='ltr'><strong>opus</strong></span> <span class='ocrx_word' id='word_1_191' title='bbox 475 2568 589 2648; x_wconf 88' lang='lat' dir='ltr'><strong>opiiicis</strong></span> <span class='ocrx_word' id='word_1_192' title='bbox 613 2586 651 2628; x_wconf 91' lang='lat' dir='ltr'><strong>an</strong></span> <span class='ocrx_word' id='word_1_193' title='bbox 673 2567 820 2629; x_wconf 78' lang='lat' dir='ltr'><strong>sobonem</strong></span> <span class='ocrx_word' id='word_1_194' title='bbox 842 2569 974 2648; x_wconf 80' lang='lat' dir='ltr'><strong>opificii?</strong></span> <span class='ocrx_word' id='word_1_195' title='bbox 1019 2570 1051 2632; x_wconf 89' lang='lat' dir='ltr'><strong>Si</strong></span> <span class='ocrx_word' id='word_1_196' title='bbox 1074 2590 1150 2651; x_wconf 91' lang='lat' dir='ltr'><strong>opus</strong></span> <span class='ocrx_word' id='word_1_197' title='bbox 1173 2571 1261 2651; x_wconf 88' lang='lat' dir='ltr'><strong>opifi-</strong></span> 
     </span>
     <span class='ocr_line' id='line_1_22' title="bbox 26 2667 1262 2750; baseline -0.002 -14"><span class='ocrx_word' id='word_1_198' title='bbox 26 2675 72 2736; x_wconf 90' lang='lat' dir='ltr'><strong>cis</strong></span> <span class='ocrx_word' id='word_1_199' title='bbox 98 2671 315 2744; x_wconf 86' lang='lat' dir='ltr'><strong>condemnarit,</strong></span> <span class='ocrx_word' id='word_1_200' title='bbox 337 2671 469 2750; x_wconf 87' lang='lat' dir='ltr'><strong>seipsum</strong></span> <span class='ocrx_word' id='word_1_201' title='bbox 492 2668 698 2732; x_wconf 82' lang='lat' dir='ltr'><strong>condemnavit</strong></span> <span class='ocrx_word' id='word_1_202' title='bbox 712 2668 792 2730; x_wconf 87' lang='lat' dir='ltr'><strong>[leus</strong></span> <span class='ocrx_word' id='word_1_203' title='bbox 815 2667 930 2750; x_wconf 87' lang='lat' dir='ltr'><strong>eritque</strong></span> <span class='ocrx_word' id='word_1_204' title='bbox 951 2669 1123 2732; x_wconf 89' lang='lat' dir='ltr'><strong>hominibus</strong></span> <span class='ocrx_word' id='word_1_205' title='bbox 1146 2671 1262 2734; x_wconf 88' lang='lat' dir='ltr'><strong>similis.</strong></span> 
     </span>
     <span class='ocr_line' id='line_1_23' title="bbox 30 2770 1260 2853; baseline -0.003 -15"><span class='ocrx_word' id='word_1_206' title='bbox 30 2775 124 2850; x_wconf 86' lang='lat' dir='ltr'><strong>Quod</strong></span> <span class='ocrx_word' id='word_1_207' title='bbox 147 2774 174 2836; x_wconf 87' lang='lat' dir='ltr'><strong>si</strong></span> <span class='ocrx_word' id='word_1_208' title='bbox 196 2773 320 2852; x_wconf 91' lang='lat' dir='ltr'><strong>impium</strong></span> <span class='ocrx_word' id='word_1_209' title='bbox 344 2773 383 2834; x_wconf 86' lang='lat' dir='ltr'><strong>sit</strong></span> <span class='ocrx_word' id='word_1_210' title='bbox 404 2771 462 2833; x_wconf 93' lang='lat' dir='ltr'><strong>hoc</strong></span> <span class='ocrx_word' id='word_1_211' title='bbox 483 2771 520 2832; x_wconf 88' lang='lat' dir='ltr'><strong>de</strong></span> <span class='ocrx_word' id='word_1_212' title='bbox 543 2770 605 2832; x_wconf 84' lang='lat' dir='ltr'><strong>Deo</strong></span> <span class='ocrx_word' id='word_1_213' title='bbox 629 2770 770 2850; x_wconf 84' lang='lat' dir='ltr'><strong>cogitare,</strong></span> <span class='ocrx_word' id='word_1_214' title='bbox 793 2779 824 2834; x_wconf 90' lang='lat' dir='ltr'><strong>et</strong></span> <span class='ocrx_word' id='word_1_215' title='bbox 845 2771 872 2832; x_wconf 90' lang='lat' dir='ltr'><strong>si</strong></span> <span class='ocrx_word' id='word_1_216' title='bbox 895 2770 959 2850; x_wconf 85' lang='lat' dir='ltr'><strong>ipse</strong></span> <span class='ocrx_word' id='word_1_217' title='bbox 983 2771 1129 2834; x_wconf 86' lang='lat' dir='ltr'><strong>actionem</strong></span> <span class='ocrx_word' id='word_1_218' title='bbox 1152 2771 1260 2853; x_wconf 87' lang='lat' dir='ltr'><strong>opiiicii</strong></span> 
     </span>
     <span class='ocr_line' id='line_1_24' title="bbox 31 2871 1260 2954; baseline -0.003 -14"><span class='ocrx_word' id='word_1_219' title='bbox 31 2876 192 2950; x_wconf 73' lang='lat' dir='ltr'><strong>damnarit,</strong></span> <span class='ocrx_word' id='word_1_220' title='bbox 215 2875 312 2938; x_wconf 89' lang='lat' dir='ltr'><strong>aulert</strong></span> <span class='ocrx_word' id='word_1_221' title='bbox 332 2874 423 2954; x_wconf 88' lang='lat' dir='ltr'><strong>igitur</strong></span> <span class='ocrx_word' id='word_1_222' title='bbox 446 2873 595 2934; x_wconf 90' lang='lat' dir='ltr'><strong>actionem</strong></span> <span class='ocrx_word' id='word_1_223' title='bbox 619 2882 648 2934; x_wconf 87' lang='lat' dir='ltr'><strong>et</strong></span> <span class='ocrx_word' id='word_1_224' title='bbox 669 2873 793 2935; x_wconf 80' lang='lat' dir='ltr'><strong>innovat</strong></span> <span class='ocrx_word' id='word_1_225' title='bbox 814 2871 982 2952; x_wconf 70' lang='lat' dir='ltr'><strong>opificium</strong></span> <span class='ocrx_word' id='word_1_226' title='bbox 1004 2890 1072 2936; x_wconf 89' lang='lat' dir='ltr'><strong>nam</strong></span> <span class='ocrx_word' id='word_1_227' title='bbox 1095 2873 1159 2936; x_wconf 88' lang='lat' dir='ltr'><strong>eius</strong></span> <span class='ocrx_word' id='word_1_228' title='bbox 1182 2892 1260 2954; x_wconf 86' lang='lat' dir='ltr'><strong>opus</strong></span> 
     </span>
     <span class='ocr_line' id='line_1_25' title="bbox 32 2976 625 3056; baseline -0.007 -14"><span class='ocrx_word' id='word_1_229' title='bbox 32 2997 137 3042; x_wconf 88' lang='lat' dir='ltr'><strong>sumus</strong></span> <span class='ocrx_word' id='word_1_230' title='bbox 159 2977 250 3040; x_wconf 90' lang='lat' dir='ltr'><strong>creati</strong></span> <span class='ocrx_word' id='word_1_231' title='bbox 272 2976 309 3039; x_wconf 86' lang='lat' dir='ltr'><strong>sd</strong></span> <span class='ocrx_word' id='word_1_232' title='bbox 331 2976 407 3038; x_wconf 93' lang='lat' dir='ltr'><strong>bene</strong></span> <span class='ocrx_word' id='word_1_233' title='bbox 431 2976 625 3056; x_wconf 90' lang='lat' dir='ltr'><strong>operandum.</strong></span> 
     </span>
    </p>
   </div>
   <div class='ocr_carea' id='block_1_5' title="bbox 36 3175 1261 3850">
    <p class='ocr_par' dir='ltr' id='par_1_5' title="bbox 36 3175 1261 3850">
     <span class='ocr_line' id='line_1_26' title="bbox 119 3175 1261 3258; baseline -0.005 -12"><span class='ocrx_word' id='word_1_234' title='bbox 119 3183 168 3246; x_wconf 73' lang='grc'><strong>20.</strong></span> <span class='ocrx_word' id='word_1_235' title='bbox 213 3177 271 3242; x_wconf 89' lang='lat' dir='ltr'><strong>Sed</strong></span> <span class='ocrx_word' id='word_1_236' title='bbox 293 3197 413 3242; x_wconf 87' lang='lat' dir='ltr'><strong>rursum</strong></span> <span class='ocrx_word' id='word_1_237' title='bbox 435 3179 550 3242; x_wconf 88' lang='lat' dir='ltr'><strong>dicitis:</strong></span> <span class='ocrx_word' id='word_1_238' title='bbox 574 3177 657 3253; x_wconf 88' lang='lat' dir='ltr'><strong>„Nos</strong></span> <span class='ocrx_word' id='word_1_239' title='bbox 678 3177 772 3239; x_wconf 86' lang='lat' dir='ltr'><strong>ileum</strong></span> <span class='ocrx_word' id='word_1_240' title='bbox 795 3175 921 3238; x_wconf 88' lang='lat' dir='ltr'><strong>dicimus</strong></span> <span class='ocrx_word' id='word_1_241' title='bbox 944 3195 1023 3252; x_wconf 88' lang='lat' dir='ltr'><strong>sum,</strong></span> <span class='ocrx_word' id='word_1_242' title='bbox 1047 3176 1096 3258; x_wconf 88' lang='lat' dir='ltr'><strong>qui</strong></span> <span class='ocrx_word' id='word_1_243' title='bbox 1120 3196 1157 3239; x_wconf 81' lang='lat' dir='ltr'><strong>ex</strong></span> <span class='ocrx_word' id='word_1_244' title='bbox 1170 3177 1261 3246; x_wconf 85' lang='lat' dir='ltr'><strong>liaris</strong></span> 
     </span>
     <span class='ocr_line' id='line_1_27' title="bbox 36 3278 1261 3361; baseline -0.002 -17"><span class='ocrx_word' id='word_1_245' title='bbox 36 3292 122 3344; x_wconf 89' lang='lat' dir='ltr'><strong>natus</strong></span> <span class='ocrx_word' id='word_1_246' title='bbox 149 3288 224 3344; x_wconf 78' lang='lat' dir='ltr'><strong>est“</strong></span> <span class='ocrx_word' id='word_1_247' title='bbox 276 3280 335 3342; x_wconf 88' lang='lat' dir='ltr'><strong>Cur</strong></span> <span class='ocrx_word' id='word_1_248' title='bbox 362 3282 461 3361; x_wconf 83' lang='lat' dir='ltr'><strong>itaque</strong></span> <span class='ocrx_word' id='word_1_249' title='bbox 490 3279 587 3342; x_wconf 85' lang='lat' dir='ltr'><strong>dicitis</strong></span> <span class='ocrx_word' id='word_1_250' title='bbox 617 3279 705 3342; x_wconf 88' lang='lat' dir='ltr'><strong>veluti</strong></span> <span class='ocrx_word' id='word_1_251' title='bbox 733 3279 882 3352; x_wconf 81' lang='lat' dir='ltr'><strong>Marcion.</strong></span> <span class='ocrx_word' id='word_1_252' title='bbox 915 3278 1011 3342; x_wconf 86' lang='lat' dir='ltr'><strong>ileum</strong></span> <span class='ocrx_word' id='word_1_253' title='bbox 1042 3278 1198 3342; x_wconf 87' lang='lat' dir='ltr'><strong>advenisse</strong></span> <span class='ocrx_word' id='word_1_254' title='bbox 1225 3299 1261 3342; x_wconf 88' lang='lat' dir='ltr'><strong>ae</strong></span> 
     </span>
     <span class='ocr_line' id='line_1_28' title="bbox 38 3380 1258 3462; baseline -0.001 -18"><span class='ocrx_word' id='word_1_255' title='bbox 38 3383 127 3446; x_wconf 86' lang='lat' dir='ltr'><strong>ileum</strong></span> <span class='ocrx_word' id='word_1_256' title='bbox 148 3382 266 3446; x_wconf 84' lang='lat' dir='ltr'><strong>intacliii</strong></span> <span class='ocrx_word' id='word_1_257' title='bbox 289 3384 379 3445; x_wconf 91' lang='lat' dir='ltr'><strong>modo</strong></span> <span class='ocrx_word' id='word_1_258' title='bbox 402 3384 578 3456; x_wconf 86' lang='lat' dir='ltr'><strong>accessisse,</strong></span> <span class='ocrx_word' id='word_1_259' title='bbox 601 3381 681 3462; x_wconf 90' lang='lat' dir='ltr'><strong>quod</strong></span> <span class='ocrx_word' id='word_1_260' title='bbox 704 3391 839 3443; x_wconf 88' lang='lat' dir='ltr'><strong>naturam</strong></span> <span class='ocrx_word' id='word_1_261' title='bbox 863 3380 970 3444; x_wconf 90' lang='lat' dir='ltr'><strong>babeat</strong></span> <span class='ocrx_word' id='word_1_262' title='bbox 992 3380 1089 3444; x_wconf 87' lang='lat' dir='ltr'><strong>csrnis</strong></span> <span class='ocrx_word' id='word_1_263' title='bbox 1111 3381 1258 3452; x_wconf 85' lang='lat' dir='ltr'><strong>humanae</strong></span> 
     </span>
     <span class='ocr_line' id='line_1_29' title="bbox 40 3481 1258 3562; baseline -0.005 -16"><span class='ocrx_word' id='word_1_264' title='bbox 40 3501 98 3546; x_wconf 91' lang='lat' dir='ltr'><strong>non</strong></span> <span class='ocrx_word' id='word_1_265' title='bbox 119 3481 274 3562; x_wconf 74' lang='lat' dir='ltr'><strong>capacem?</strong></span> <span class='ocrx_word' id='word_1_266' title='bbox 317 3484 375 3546; x_wconf 82' lang='lat' dir='ltr'><strong>Aut</strong></span> <span class='ocrx_word' id='word_1_267' title='bbox 402 3503 455 3546; x_wconf 90' lang='lat' dir='ltr'><strong>cur</strong></span> <span class='ocrx_word' id='word_1_268' title='bbox 477 3486 568 3546; x_wconf 82' lang='lat' dir='ltr'><strong>ileum</strong></span> <span class='ocrx_word' id='word_1_269' title='bbox 597 3484 678 3546; x_wconf 87' lang='lat' dir='ltr'><strong>illurn</strong></span> <span class='ocrx_word' id='word_1_270' title='bbox 703 3483 800 3544; x_wconf 89' lang='lat' dir='ltr'><strong>dicitis</strong></span> <span class='ocrx_word' id='word_1_271' title='bbox 823 3481 911 3544; x_wconf 89' lang='lat' dir='ltr'><strong>sicuti</strong></span> <span class='ocrx_word' id='word_1_272' title='bbox 932 3482 1042 3544; x_wconf 87' lang='lat' dir='ltr'><strong>Paulus</strong></span> <span class='ocrx_word' id='word_1_273' title='bbox 1066 3481 1258 3542; x_wconf 81' lang='lat' dir='ltr'><strong>samosaten·</strong></span> 
     </span>
     <span class='ocr_line' id='line_1_30' title="bbox 42 3581 1258 3664; baseline -0.002 -20"><span class='ocrx_word' id='word_1_274' title='bbox 42 3581 105 3646; x_wconf 73' lang='lat' dir='ltr'><strong>sis?</strong></span> <span class='ocrx_word' id='word_1_275' title='bbox 145 3583 184 3646; x_wconf 83' lang='lat' dir='ltr'><strong>Ea</strong></span> <span class='ocrx_word' id='word_1_276' title='bbox 212 3583 291 3645; x_wconf 89' lang='lat' dir='ltr'><strong>enim</strong></span> <span class='ocrx_word' id='word_1_277' title='bbox 319 3593 365 3644; x_wconf 88' lang='lat' dir='ltr'><strong>est</strong></span> <span class='ocrx_word' id='word_1_278' title='bbox 392 3585 470 3646; x_wconf 89' lang='lat' dir='ltr'><strong>illius</strong></span> <span class='ocrx_word' id='word_1_279' title='bbox 499 3585 661 3664; x_wconf 88' lang='lat' dir='ltr'><strong>impietatis</strong></span> <span class='ocrx_word' id='word_1_280' title='bbox 684 3583 778 3656; x_wconf 87' lang='lat' dir='ltr'><strong>ratio,</strong></span> <span class='ocrx_word' id='word_1_281' title='bbox 812 3591 845 3642; x_wconf 90' lang='lat' dir='ltr'><strong>ut</strong></span> <span class='ocrx_word' id='word_1_282' title='bbox 868 3583 959 3642; x_wconf 83' lang='lat' dir='ltr'><strong>ileum</strong></span> <span class='ocrx_word' id='word_1_283' title='bbox 984 3582 1159 3643; x_wconf 86' lang='lat' dir='ltr'><strong>confiteatur</strong></span> <span class='ocrx_word' id='word_1_284' title='bbox 1180 3599 1258 3656; x_wconf 89' lang='lat' dir='ltr'><strong>eum,</strong></span> 
     </span>
     <span class='ocr_line' id='line_1_31' title="bbox 43 3679 1257 3766; baseline -0.002 -20"><span class='ocrx_word' id='word_1_285' title='bbox 43 3683 90 3764; x_wconf 89' lang='lat' dir='ltr'><strong>qui</strong></span> <span class='ocrx_word' id='word_1_286' title='bbox 111 3702 143 3745; x_wconf 84' lang='lat' dir='ltr'><strong>ex</strong></span> <span class='ocrx_word' id='word_1_287' title='bbox 161 3682 250 3746; x_wconf 89' lang='lat' dir='ltr'><strong>llaria</strong></span> <span class='ocrx_word' id='word_1_288' title='bbox 272 3691 361 3744; x_wconf 88' lang='lat' dir='ltr'><strong>natus</strong></span> <span class='ocrx_word' id='word_1_289' title='bbox 385 3692 448 3756; x_wconf 90' lang='lat' dir='ltr'><strong>est,</strong></span> <span class='ocrx_word' id='word_1_290' title='bbox 477 3685 527 3762; x_wconf 89' lang='lat' dir='ltr'><strong>qui</strong></span> <span class='ocrx_word' id='word_1_291' title='bbox 555 3692 622 3746; x_wconf 86' lang='lat' dir='ltr'><strong>sats</strong></span> <span class='ocrx_word' id='word_1_292' title='bbox 646 3684 762 3745; x_wconf 90' lang='lat' dir='ltr'><strong>saecula</strong></span> <span class='ocrx_word' id='word_1_293' title='bbox 786 3681 903 3766; x_wconf 82' lang='lat' dir='ltr'><strong>quidem</strong></span> <span class='ocrx_word' id='word_1_294' title='bbox 925 3682 1100 3762; x_wconf 83' lang='lat' dir='ltr'><strong>praefinitus</strong></span> <span class='ocrx_word' id='word_1_295' title='bbox 1123 3681 1177 3756; x_wconf 80' lang='lat' dir='ltr'><strong>sit¹</strong></span> <span class='ocrx_word' id='word_1_296' title='bbox 1207 3679 1257 3762; x_wconf 84' lang='lat' dir='ltr'><strong>qui</strong></span> 
     </span>
     <span class='ocr_line' id='line_1_32' title="bbox 43 3781 1258 3850; baseline -0.004 -2"><span class='ocrx_word' id='word_1_297' title='bbox 43 3795 135 3848; x_wconf 89' lang='lat' dir='ltr'><strong>tamen</strong></span> <span class='ocrx_word' id='word_1_298' title='bbox 161 3803 194 3846; x_wconf 88' lang='lat' dir='ltr'><strong>ex</strong></span> <span class='ocrx_word' id='word_1_299' title='bbox 215 3784 311 3850; x_wconf 82' lang='lat' dir='ltr'><strong>biario</strong></span> <span class='ocrx_word' id='word_1_300' title='bbox 338 3783 453 3844; x_wconf 89' lang='lat' dir='ltr'><strong>initium</strong></span> <span class='ocrx_word' id='word_1_301' title='bbox 484 3783 631 3846; x_wconf 81' lang='lat' dir='ltr'><strong>existendi</strong></span> <span class='ocrx_word' id='word_1_302' title='bbox 652 3783 799 3846; x_wconf 86' lang='lat' dir='ltr'><strong>babuerit.</strong></span> <span class='ocrx_word' id='word_1_303' title='bbox 843 3781 972 3844; x_wconf 80' lang='lat' dir='ltr'><strong>Verbum</strong></span> <span class='ocrx_word' id='word_1_304' title='bbox 995 3789 1093 3843; x_wconf 88' lang='lat' dir='ltr'><strong>autem</strong></span> <span class='ocrx_word' id='word_1_305' title='bbox 1116 3782 1258 3843; x_wconf 83' lang='lat' dir='ltr'><strong>eiiicaxe</strong></span> 
     </span>
    </p>
   </div>
   <div class='ocr_carea' id='block_1_6' title="bbox 47 4023 1260 4240">
    <p class='ocr_par' dir='ltr' id='par_1_6' title="bbox 47 4023 1260 4240">
     <span class='ocr_line' id='line_1_33' title="bbox 47 4023 1257 4102; baseline -0.008 -12"><span class='ocrx_word' id='word_1_306' title='bbox 47 4023 91 4090; x_wconf 74' lang='lat' dir='ltr'><strong>sir</strong></span> <span class='ocrx_word' id='word_1_307' title='bbox 105 4027 229 4102; x_wconf 65' lang='grc' dir='ltr'><strong>βασιλεύει</strong></span> <span class='ocrx_word' id='word_1_308' title='bbox 248 4027 262 4084; x_wconf 79' lang='grc' dir='ltr'><strong><em>ὃ</em></strong></span> <span class='ocrx_word' id='word_1_309' title='bbox 281 4028 412 4088; x_wconf 69' lang='grc' dir='ltr'><strong>θάνατος.</strong></span> <span class='ocrx_word' id='word_1_310' title='bbox 450 4035 512 4088; x_wconf 80' lang='lat' dir='ltr'><strong>Editi</strong></span> <span class='ocrx_word' id='word_1_311' title='bbox 526 4051 582 4086; x_wconf 88' lang='lat' dir='ltr'><strong>rero</strong></span> <span class='ocrx_word' id='word_1_312' title='bbox 594 4044 619 4088; x_wconf 88' lang='lat' dir='ltr'><strong>et</strong></span> <span class='ocrx_word' id='word_1_313' title='bbox 704 4035 727 4084; x_wconf 91' lang='lat' dir='ltr'><strong>b.</strong></span> <span class='ocrx_word' id='word_1_314' title='bbox 746 4035 786 4085; x_wconf 88' lang='lat' dir='ltr'><strong>Sic</strong></span> <span class='ocrx_word' id='word_1_315' title='bbox 805 4033 905 4098; x_wconf 79' lang='lat' dir='ltr'><strong>Seguer.</strong></span> <span class='ocrx_word' id='word_1_316' title='bbox 934 4033 996 4086; x_wconf 82' lang='lat' dir='ltr'><strong>Ediii</strong></span> <span class='ocrx_word' id='word_1_317' title='bbox 1015 4047 1070 4084; x_wconf 86' lang='lat' dir='ltr'><strong>reru</strong></span> <span class='ocrx_word' id='word_1_318' title='bbox 1082 4028 1172 4100; x_wconf 75' lang='grc' dir='ltr'><strong><em>λέγετε</em></strong></span> <span class='ocrx_word' id='word_1_319' title='bbox 1181 4025 1257 4090; x_wconf 69' lang='grc' dir='ltr'><strong><em>θεὸν,</em></strong></span> 
     </span>
     <span class='ocr_line' id='line_1_34' title="bbox 47 4091 1260 4172; baseline -0.007 -14"><span class='ocrx_word' id='word_1_320' title='bbox 47 4109 82 4160; x_wconf 86' lang='lat' dir='ltr'><strong>alii</strong></span> <span class='ocrx_word' id='word_1_321' title='bbox 99 4110 124 4154; x_wconf 80' lang='lat' dir='ltr'><strong>st</strong></span> <span class='ocrx_word' id='word_1_322' title='bbox 140 4091 183 4154; x_wconf 74' lang='lat' dir='ltr'><strong>odo</strong></span> <span class='ocrx_word' id='word_1_323' title='bbox 199 4095 346 4170; x_wconf 72' lang='grc' dir='ltr'><strong>καθ’ὗμᾶς</strong></span> <span class='ocrx_word' id='word_1_324' title='bbox 364 4099 499 4168; x_wconf 70' lang='grc' dir='ltr'><strong>βασιλεύει</strong></span> <span class='ocrx_word' id='word_1_325' title='bbox 518 4097 531 4152; x_wconf 89' lang='lat' dir='ltr'><strong>d</strong></span> <span class='ocrx_word' id='word_1_326' title='bbox 551 4096 614 4152; x_wconf 63' lang='lat' dir='ltr'><strong>dds.</strong></span> <span class='ocrx_word' id='word_1_327' title='bbox 671 4095 708 4157; x_wconf 79' lang='grc' dir='ltr'><strong>ὥς</strong></span> <span class='ocrx_word' id='word_1_328' title='bbox 729 4103 871 4170; x_wconf 68' lang='grc' dir='ltr'><strong>Μαρκίων.</strong></span> <span class='ocrx_word' id='word_1_329' title='bbox 915 4101 968 4152; x_wconf 77' lang='lat' dir='ltr'><strong>ilos</strong></span> <span class='ocrx_word' id='word_1_330' title='bbox 993 4103 1093 4164; x_wconf 86' lang='lat' dir='ltr'><strong>Seguer.</strong></span> <span class='ocrx_word' id='word_1_331' title='bbox 1117 4095 1260 4172; x_wconf 64' lang='lat' dir='ltr'><strong>aposlolu-</strong></span> 
     </span>
     <span class='ocr_line' id='line_1_35' title="bbox 77 4163 1201 4240; baseline -0.007 -14"><span class='ocrx_word' id='word_1_332' title='bbox 77 4192 96 4226; x_wconf 84' lang='lat' dir='ltr'><strong>e</strong></span> <span class='ocrx_word' id='word_1_333' title='bbox 113 4171 203 4236; x_wconf 75' lang='lat' dir='ltr'><strong>Segu&#39;er.</strong></span> <span class='ocrx_word' id='word_1_334' title='bbox 220 4172 289 4222; x_wconf 86' lang='lat' dir='ltr'><strong>solus</strong></span> <span class='ocrx_word' id='word_1_335' title='bbox 308 4163 351 4220; x_wconf 78' lang='lat' dir='ltr'><strong>dte</strong></span> <span class='ocrx_word' id='word_1_336' title='bbox 368 4165 452 4237; x_wconf 69' lang='grc' dir='ltr'><strong><em>ψυχή.</em></strong></span> <span class='ocrx_word' id='word_1_337' title='bbox 668 4163 748 4220; x_wconf 69' lang='lat' dir='ltr'><strong>deira.</strong></span> <span class='ocrx_word' id='word_1_338' title='bbox 789 4171 852 4222; x_wconf 83' lang='lat' dir='ltr'><strong>inira</strong></span> <span class='ocrx_word' id='word_1_339' title='bbox 871 4165 960 4240; x_wconf 72' lang='grc' dir='ltr'><strong>λέγετε</strong></span> <span class='ocrx_word' id='word_1_340' title='bbox 978 4171 1047 4220; x_wconf 83' lang='lat' dir='ltr'><strong>deest</strong></span> <span class='ocrx_word' id='word_1_341' title='bbox 1065 4173 1088 4220; x_wconf 89' lang='lat' dir='ltr'><strong>in</strong></span> <span class='ocrx_word' id='word_1_342' title='bbox 1107 4173 1201 4221; x_wconf 84' lang='lat' dir='ltr'><strong>eodem.</strong></span> 
     </span>
    </p>
   </div>
   <div class='ocr_carea' id='block_1_7' title="bbox 47 4235 1259 4474">
    <p class='ocr_par' dir='ltr' id='par_1_7' title="bbox 47 4235 1259 4474">
     <span class='ocr_line' id='line_1_36' title="bbox 47 4235 1259 4426; baseline -0.002 -37"><span class='ocrx_word' id='word_1_343' title='bbox 47 4240 526 4426; x_wconf 56' lang='lat' dir='ltr'><strong>seesspirassent:</strong></span> <span class='ocrx_word' id='word_1_344' title='bbox 541 4235 618 4356; x_wconf 70' lang='lat' dir='ltr'><strong>sei:</strong></span> <span class='ocrx_word' id='word_1_345' title='bbox 669 4266 1048 4406; x_wconf 54' lang='lat' dir='ltr'><strong>amet</strong></span> <span class='ocrx_word' id='word_1_346' title='bbox 1066 4272 1259 4406; x_wconf 55' lang='lat' dir='ltr'><strong>sitleam</strong></span> 
     </span>
     <span class='ocr_line' id='line_1_37' title="bbox 63 4371 1257 4474; baseline 0.01 -28"><span class='ocrx_word' id='word_1_347' title='bbox 63 4381 141 4446; x_wconf 62' lang='grc' dir='ltr'><strong>’ΠΜ</strong></span> <span class='ocrx_word' id='word_1_348' title='bbox 159 4371 291 4429; x_wconf 55' lang='lat' dir='ltr'>“nm‘&#39;</span> <span class='ocrx_word' id='word_1_349' title='bbox 668 4407 720 4473; x_wconf 77' lang='lat' dir='ltr'><strong>psl.</strong></span> <span class='ocrx_word' id='word_1_350' title='bbox 759 4407 811 4457; x_wconf 80' lang='lat' dir='ltr'><strong>lior</strong></span> <span class='ocrx_word' id='word_1_351' title='bbox 827 4405 881 4474; x_wconf 72' lang='lat' dir='ltr'><strong>pte</strong></span> <span class='ocrx_word' id='word_1_352' title='bbox 897 4419 953 4473; x_wconf 79' lang='lat' dir='ltr'><strong>poss</strong></span> <span class='ocrx_word' id='word_1_353' title='bbox 971 4400 1191 4458; x_wconf 66' lang='lat' dir='ltr'><strong>olomucencis</strong></span> <span class='ocrx_word' id='word_1_354' title='bbox 1205 4407 1257 4458; x_wconf 86' lang='lat' dir='ltr'><strong>sdi-</strong></span> 
     </span>
    </p>
   </div>
   <div class='ocr_carea' id='block_1_8' title="bbox 51 4442 1065 4578">
    <p class='ocr_par' dir='ltr' id='par_1_8' title="bbox 51 4442 1065 4578">
     <span class='ocr_line' id='line_1_38' title="bbox 79 4442 1065 4542; baseline 0.02 -48"><span class='ocrx_word' id='word_1_355' title='bbox 79 4463 99 4508; x_wconf 86' lang='lat' dir='ltr'><strong>g.</strong></span> <span class='ocrx_word' id='word_1_356' title='bbox 114 4447 199 4525; x_wconf 71' lang='lat' dir='ltr'><strong>Segner.</strong></span> <span class='ocrx_word' id='word_1_357' title='bbox 219 4445 316 4522; x_wconf 67' lang='lat' dir='ltr'><strong>Gnirier.</strong></span> <span class='ocrx_word' id='word_1_358' title='bbox 336 4454 359 4496; x_wconf 81' lang='lat' dir='ltr'><strong>sl</strong></span> <span class='ocrx_word' id='word_1_359' title='bbox 376 4442 481 4496; x_wconf 73' lang='lat' dir='ltr'><strong>selein.</strong></span> <span class='ocrx_word' id='word_1_360' title='bbox 503 4443 525 4496; x_wconf 87' lang='lat' dir='ltr'><strong>i.</strong></span> <span class='ocrx_word' id='word_1_361' title='bbox 543 4457 618 4513; x_wconf 78' lang='grc' dir='ltr'><strong>περι·</strong></span> <span class='ocrx_word' id='word_1_362' title='bbox 669 4478 709 4535; x_wconf 50' lang='grc' dir='ltr'><strong>ιη’</strong></span> <span class='ocrx_word' id='word_1_363' title='bbox 727 4489 755 4526; x_wconf 57' lang='lat' dir='ltr'>u</span> <span class='ocrx_word' id='word_1_364' title='bbox 772 4476 874 4537; x_wconf 51' lang='lat' dir='ltr'><strong>Smer,</strong></span> <span class='ocrx_word' id='word_1_365' title='bbox 892 4476 1065 4542; x_wconf 59' lang='lat' dir='ltr'><strong>,mmm</strong></span> 
     </span>
     <span class='ocr_line' id='line_1_39' title="bbox 51 4507 287 4578; baseline -0.004 -16"><span class='ocrx_word' id='word_1_366' title='bbox 51 4507 113 4578; x_wconf 78' lang='lat' dir='ltr'><strong>cipes</strong></span> <span class='ocrx_word' id='word_1_367' title='bbox 127 4527 210 4560; x_wconf 74' lang='lat' dir='ltr'><strong>rotans</strong></span> <span class='ocrx_word' id='word_1_368' title='bbox 227 4527 287 4572; x_wconf 78' lang='grc' dir='ltr'><strong>την.</strong></span> 
     </span>
    </p>
   </div>
   <div class='ocr_carea' id='block_1_9' title="bbox 82 4593 1053 4662">
    <p class='ocr_par' dir='ltr' id='par_1_9' title="bbox 82 4593 1053 4662">
     <span class='ocr_line' id='line_1_40' title="bbox 82 4593 1053 4662; baseline 0.001 -20"><span class='ocrx_word' id='word_1_369' title='bbox 82 4601 191 4656; x_wconf 65' lang='lat' dir='ltr'><strong>truantur</strong></span> <span class='ocrx_word' id='word_1_370' title='bbox 203 4612 255 4645; x_wconf 83' lang='lat' dir='ltr'><strong>arr.</strong></span> <span class='ocrx_word' id='word_1_371' title='bbox 268 4612 342 4646; x_wconf 79' lang='lat' dir='ltr'><strong>noan.</strong></span> <span class='ocrx_word' id='word_1_372' title='bbox 353 4612 403 4645; x_wconf 83' lang='lat' dir='ltr'><strong>sn.</strong></span> <span class='ocrx_word' id='word_1_373' title='bbox 817 4608 821 4620; x_wconf 76' lang='grc'>’</span> <span class='ocrx_word' id='word_1_374' title='bbox 968 4646 978 4662; x_wconf 48' lang='lat'><strong><em>¹</em></strong></span> <span class='ocrx_word' id='word_1_375' title='bbox 1021 4593 1053 4644; x_wconf 78' lang='lat' dir='ltr'><strong>nl</strong></span> 
     </span>
    </p>
   </div>
   <div class='ocr_carea' id='block_1_10' title="bbox 0 0 1523 5048">
    <p class='ocr_par' dir='ltr' id='par_1_10' title="bbox 0 0 1523 5048">
     <span class='ocr_line' id='line_1_41' title="bbox 0 0 1523 5048; baseline 0 0"><span class='ocrx_word' id='word_1_376' title='bbox 0 0 1523 5048; x_wconf 95' lang='lat' dir='ltr'><strong> </strong></span> 
     </span>
    </p>
   </div>
  </div>
 </body>
</html>
