<?xml version="1.0" encoding="UTF-8"?>
<!DOCTYPE html PUBLIC "-//W3C//DTD XHTML 1.0 Transitional//EN"
    "http://www.w3.org/TR/xhtml1/DTD/xhtml1-transitional.dtd">
<html xmlns="http://www.w3.org/1999/xhtml" xml:lang="en" lang="en">
 <head>
  <title>
</title>
<meta http-equiv="Content-Type" content="text/html;charset=utf-8" />
  <meta name='ocr-system' content='tesseract 3.04.00' />
  <meta name='ocr-capabilities' content='ocr_page ocr_carea ocr_par ocr_line ocrx_word'/>
</head>
<body>
  <div class='ocr_page' id='page_1' title='image "./sanctiathanasii01athagoog_0856.png"; bbox 0 0 3032 5048; ppageno 0'>
   <div class='ocr_carea' id='block_1_1' title="bbox 431 296 1264 362">
    <p class='ocr_par' dir='ltr' id='par_1_1' title="bbox 431 296 1264 362">
     <span class='ocr_line' id='line_1_1' title="bbox 431 296 1264 362; baseline 0.008 -8"><span class='ocrx_word' id='word_1_1' title='bbox 431 310 577 354; x_wconf 79' lang='lat' dir='ltr'>arissam</span> <span class='ocrx_word' id='word_1_2' title='bbox 592 309 630 353; x_wconf 82' lang='lat' dir='ltr'>rr.</span> <span class='ocrx_word' id='word_1_3' title='bbox 645 310 682 352; x_wconf 82' lang='lat' dir='ltr'>ao</span> <span class='ocrx_word' id='word_1_4' title='bbox 699 310 895 354; x_wconf 76' lang='lat' dir='ltr'>semmurensi.</span> <span class='ocrx_word' id='word_1_5' title='bbox 1204 296 1264 362; x_wconf 82' lang='lat'>815</span> 
     </span>
    </p>
   </div>
   <div class='ocr_carea' id='block_1_2' title="bbox 10 459 1367 3681">
    <p class='ocr_par' dir='ltr' id='par_1_2' title="bbox 10 459 1367 2582">
     <span class='ocr_line' id='line_1_2' title="bbox 87 459 1350 542; baseline -0.001 -15"><span class='ocrx_word' id='word_1_6' title='bbox 87 467 167 527; x_wconf 81' lang='lat'>21.</span> <span class='ocrx_word' id='word_1_7' title='bbox 225 463 292 537; x_wconf 82' lang='lat' dir='ltr'>Quo</span> <span class='ocrx_word' id='word_1_8' title='bbox 321 471 408 542; x_wconf 86' lang='lat' dir='ltr'>pasto</span> <span class='ocrx_word' id='word_1_9' title='bbox 435 461 525 541; x_wconf 89' lang='lat' dir='ltr'>igitur</span> <span class='ocrx_word' id='word_1_10' title='bbox 551 461 601 540; x_wconf 85' lang='lat' dir='ltr'>qui</span> <span class='ocrx_word' id='word_1_11' title='bbox 629 459 697 523; x_wconf 90' lang='lat' dir='ltr'>talia</span> <span class='ocrx_word' id='word_1_12' title='bbox 725 459 833 522; x_wconf 91' lang='lat' dir='ltr'>audent</span> <span class='ocrx_word' id='word_1_13' title='bbox 860 470 990 542; x_wconf 80' lang='lat' dir='ltr'><strong>possunt</strong></span> <span class='ocrx_word' id='word_1_14' title='bbox 1016 463 1111 526; x_wconf 87' lang='lat' dir='ltr'>adhue</span> <span class='ocrx_word' id='word_1_15' title='bbox 1132 463 1263 528; x_wconf 86' lang='lat' dir='ltr'>Gentiles</span> <span class='ocrx_word' id='word_1_16' title='bbox 1273 484 1350 528; x_wconf 76' lang='lat' dir='ltr'>nm.</span> 
     </span>
     <span class='ocr_line' id='line_1_3' title="bbox 10 561 1348 645; baseline 0.004 -19"><span class='ocrx_word' id='word_1_17' title='bbox 10 585 180 641; x_wconf 84' lang='lat' dir='ltr'>ousare,</span> <span class='ocrx_word' id='word_1_18' title='bbox 209 565 293 645; x_wconf 84' lang='lat' dir='ltr'>quod</span> <span class='ocrx_word' id='word_1_19' title='bbox 314 563 392 626; x_wconf 89' lang='lat' dir='ltr'>idola</span> <span class='ocrx_word' id='word_1_20' title='bbox 414 583 431 625; x_wconf 92' lang='lat' dir='ltr'>a</span> <span class='ocrx_word' id='word_1_21' title='bbox 453 581 487 624; x_wconf 91' lang='lat' dir='ltr'>se</span> <span class='ocrx_word' id='word_1_22' title='bbox 509 563 633 624; x_wconf 84' lang='lat' dir='ltr'>conflata</span> <span class='ocrx_word' id='word_1_23' title='bbox 654 562 727 624; x_wconf 88' lang='lat' dir='ltr'>deos</span> <span class='ocrx_word' id='word_1_24' title='bbox 750 561 943 642; x_wconf 80' lang='lat' dir='ltr'>nuncupanti</span> <span class='ocrx_word' id='word_1_25' title='bbox 985 565 1070 628; x_wconf 89' lang='lat' dir='ltr'>Paria</span> <span class='ocrx_word' id='word_1_26' title='bbox 1092 575 1163 629; x_wconf 88' lang='lat' dir='ltr'>sunt</span> <span class='ocrx_word' id='word_1_27' title='bbox 1184 567 1348 634; x_wconf 81' lang='lat' dir='ltr'>enimnrn.</span> 
     </span>
     <span class='ocr_line' id='line_1_4' title="bbox 10 653 1275 749; baseline 0.003 -21"><span class='ocrx_word' id='word_1_28' title='bbox 10 687 128 732; x_wconf 77' lang='lat' dir='ltr'>»rum</span> <span class='ocrx_word' id='word_1_29' title='bbox 158 675 256 749; x_wconf 87' lang='lat' dir='ltr'>geste</span> <span class='ocrx_word' id='word_1_30' title='bbox 276 667 396 730; x_wconf 83' lang='lat' dir='ltr'>illomm</span> <span class='ocrx_word' id='word_1_31' title='bbox 417 653 560 736; x_wconf 82' lang='lat' dir='ltr'>insaniae,</span> <span class='ocrx_word' id='word_1_32' title='bbox 583 664 643 726; x_wconf 89' lang='lat' dir='ltr'>imo</span> <span class='ocrx_word' id='word_1_33' title='bbox 666 665 742 726; x_wconf 90' lang='lat' dir='ltr'>lorte</span> <span class='ocrx_word' id='word_1_34' title='bbox 763 665 897 744; x_wconf 79' lang='lat' dir='ltr'>graviora</span> <span class='ocrx_word' id='word_1_35' title='bbox 919 667 1110 730; x_wconf 87' lang='lat' dir='ltr'>sunthorum</span> <span class='ocrx_word' id='word_1_36' title='bbox 1124 669 1275 746; x_wconf 81' lang='lat' dir='ltr'>facinora,-</span> 
     </span>
     <span class='ocr_line' id='line_1_5' title="bbox 10 765 1265 848; baseline 0.005 -17"><span class='ocrx_word' id='word_1_37' title='bbox 10 771 42 832; x_wconf 86' lang='lat' dir='ltr'>1i</span> <span class='ocrx_word' id='word_1_38' title='bbox 74 770 175 834; x_wconf 83' lang='lat' dir='ltr'>lieet</span> <span class='ocrx_word' id='word_1_39' title='bbox 208 769 332 833; x_wconf 89' lang='lat' dir='ltr'>dehoc</span> <span class='ocrx_word' id='word_1_40' title='bbox 359 767 454 848; x_wconf 86' lang='lat' dir='ltr'>legem</span> <span class='ocrx_word' id='word_1_41' title='bbox 476 765 659 846; x_wconf 88' lang='lat' dir='ltr'>aooeperint,</span> <span class='ocrx_word' id='word_1_42' title='bbox 686 784 741 846; x_wconf 91' lang='lat' dir='ltr'>per</span> <span class='ocrx_word' id='word_1_43' title='bbox 768 765 842 847; x_wconf 87' lang='lat' dir='ltr'>legis</span> <span class='ocrx_word' id='word_1_44' title='bbox 873 769 1143 847; x_wconf 76' lang='lat' dir='ltr'>transgressionem</span> <span class='ocrx_word' id='word_1_45' title='bbox 1171 772 1265 836; x_wconf 87' lang='lat' dir='ltr'>Deum</span> 
     </span>
     <span class='ocr_line' id='line_1_6' title="bbox 10 867 1265 950; baseline 0.005 -19"><span class='ocrx_word' id='word_1_46' title='bbox 10 874 202 934; x_wconf 74' lang='lat' dir='ltr'>recerunt</span> <span class='ocrx_word' id='word_1_47' title='bbox 227 868 414 934; x_wconf 82' lang='lat' dir='ltr'>contumelia.</span> <span class='ocrx_word' id='word_1_48' title='bbox 459 867 537 941; x_wconf 82' lang='lat' dir='ltr'>Quid</span> <span class='ocrx_word' id='word_1_49' title='bbox 559 876 658 930; x_wconf 88' lang='lat' dir='ltr'>autem</span> <span class='ocrx_word' id='word_1_50' title='bbox 679 867 729 947; x_wconf 89' lang='lat' dir='ltr'>qui</span> <span class='ocrx_word' id='word_1_51' title='bbox 751 868 818 930; x_wconf 90' lang='lat' dir='ltr'>talia</span> <span class='ocrx_word' id='word_1_52' title='bbox 839 868 1048 950; x_wconf 76' lang='lat' dir='ltr'>blasphemant</span> <span class='ocrx_word' id='word_1_53' title='bbox 1069 873 1162 934; x_wconf 82' lang='lat' dir='ltr'>asturi</span> <span class='ocrx_word' id='word_1_54' title='bbox 1184 883 1265 948; x_wconf 90' lang='lat' dir='ltr'>sunt,</span> 
     </span>
     <span class='ocr_line' id='line_1_7' title="bbox 10 963 1264 1056; baseline 0.003 -22"><span class='ocrx_word' id='word_1_55' title='bbox 10 994 77 1036; x_wconf 87' lang='lat' dir='ltr'>um</span> <span class='ocrx_word' id='word_1_56' title='bbox 115 963 256 1036; x_wconf 82' lang='lat' dir='ltr'>Esaiam</span> <span class='ocrx_word' id='word_1_57' title='bbox 282 971 462 1052; x_wconf 82' lang='lat' dir='ltr'>Prophetum</span> <span class='ocrx_word' id='word_1_58' title='bbox 490 969 631 1048; x_wconf 87' lang='lat' dir='ltr'>legerint,</span> <span class='ocrx_word' id='word_1_59' title='bbox 665 978 695 1032; x_wconf 88' lang='lat' dir='ltr'>et</span> <span class='ocrx_word' id='word_1_60' title='bbox 721 971 868 1032; x_wconf 79' lang='lat' dir='ltr'>audierint</span> <span class='ocrx_word' id='word_1_61' title='bbox 889 971 996 1036; x_wconf 75' lang='lat' dir='ltr'>Christi</span> <span class='ocrx_word' id='word_1_62' title='bbox 1020 972 1160 1038; x_wconf 89' lang='lat' dir='ltr'>adrentus</span> <span class='ocrx_word' id='word_1_63' title='bbox 1181 978 1264 1056; x_wconf 86' lang='lat' dir='ltr'>signa</span> 
     </span>
     <span class='ocr_line' id='line_1_8' title="bbox 10 1069 1264 1164; baseline 0.002 -26"><span class='ocrx_word' id='word_1_64' title='bbox 10 1095 84 1164; x_wconf 73' lang='lat' dir='ltr'>aec</span> <span class='ocrx_word' id='word_1_65' title='bbox 113 1093 210 1148; x_wconf 85' lang='lat' dir='ltr'>esse,</span> <span class='ocrx_word' id='word_1_66' title='bbox 235 1083 269 1136; x_wconf 93' lang='lat' dir='ltr'>ut</span> <span class='ocrx_word' id='word_1_67' title='bbox 283 1069 386 1136; x_wconf 84' lang='lat' dir='ltr'>&#39;caeeis</span> <span class='ocrx_word' id='word_1_68' title='bbox 408 1072 502 1146; x_wconf 85' lang='lat' dir='ltr'>risus,</span> <span class='ocrx_word' id='word_1_69' title='bbox 525 1071 637 1134; x_wconf 84' lang='lat' dir='ltr'>claudis</span> <span class='ocrx_word' id='word_1_70' title='bbox 660 1090 794 1152; x_wconf 78' lang='lat' dir='ltr'>gressus,</span> <span class='ocrx_word' id='word_1_71' title='bbox 816 1073 906 1135; x_wconf 89' lang='lat' dir='ltr'>mutis</span> <span class='ocrx_word' id='word_1_72' title='bbox 925 1073 1051 1154; x_wconf 79' lang='lat' dir='ltr'><strong>loquela,</strong></span> <span class='ocrx_word' id='word_1_73' title='bbox 1074 1078 1199 1138; x_wconf 87' lang='lat' dir='ltr'>mortuis</span> <span class='ocrx_word' id='word_1_74' title='bbox 1213 1097 1264 1140; x_wconf 86' lang='lat' dir='ltr'>re-</span> 
     </span>
     <span class='ocr_line' id='line_1_9' title="bbox 10 1172 1264 1256; baseline 0.002 -18"><span class='ocrx_word' id='word_1_75' title='bbox 10 1176 197 1250; x_wconf 86' lang='lat' dir='ltr'>urrectio,</span> <span class='ocrx_word' id='word_1_76' title='bbox 223 1174 353 1256; x_wconf 81' lang='lat' dir='ltr'>leprosis</span> <span class='ocrx_word' id='word_1_77' title='bbox 375 1173 488 1236; x_wconf 81' lang='lat' dir='ltr'>ruratio</span> <span class='ocrx_word' id='word_1_78' title='bbox 513 1172 668 1247; x_wconf 88' lang='lat' dir='ltr'>tribuatur,</span> <span class='ocrx_word' id='word_1_79' title='bbox 691 1173 790 1236; x_wconf 89' lang='lat' dir='ltr'>surdis</span> <span class='ocrx_word' id='word_1_80' title='bbox 813 1192 901 1236; x_wconf 85' lang='lat' dir='ltr'>aures</span> <span class='ocrx_word' id='word_1_81' title='bbox 924 1175 1115 1256; x_wconf 77' lang='lat' dir='ltr'>aperiantur?</span> <span class='ocrx_word' id='word_1_82' title='bbox 1152 1177 1264 1251; x_wconf 80' lang='lat' dir='ltr'>Quom-</span> 
     </span>
     <span class='ocr_line' id='line_1_10' title="bbox 10 1273 1265 1364; baseline 0.005 -27"><span class='ocrx_word' id='word_1_83' title='bbox 10 1298 80 1339; x_wconf 76' lang='lat' dir='ltr'>iam</span> <span class='ocrx_word' id='word_1_84' title='bbox 118 1279 243 1340; x_wconf 88' lang='lat' dir='ltr'>horum</span> <span class='ocrx_word' id='word_1_85' title='bbox 263 1283 423 1338; x_wconf 70' lang='lat' dir='ltr'>‘auctorem</span> <span class='ocrx_word' id='word_1_86' title='bbox 446 1293 514 1338; x_wconf 89' lang='lat' dir='ltr'>esse</span> <span class='ocrx_word' id='word_1_87' title='bbox 536 1273 659 1338; x_wconf 79' lang='lat' dir='ltr'>volenti</span> <span class='ocrx_word' id='word_1_88' title='bbox 705 1275 737 1336; x_wconf 82' lang='lat' dir='ltr'>si</span> <span class='ocrx_word' id='word_1_89' title='bbox 760 1276 838 1340; x_wconf 91' lang='lat' dir='ltr'>enim</span> <span class='ocrx_word' id='word_1_90' title='bbox 859 1276 952 1364; x_wconf 85' lang='lat' dir='ltr'>heum</span> <span class='ocrx_word' id='word_1_91' title='bbox 975 1278 1088 1352; x_wconf 84' lang='lat' dir='ltr'>dicant,</span> <span class='ocrx_word' id='word_1_92' title='bbox 1117 1298 1186 1342; x_wconf 89' lang='lat' dir='ltr'>sese</span> <span class='ocrx_word' id='word_1_93' title='bbox 1207 1281 1265 1342; x_wconf 90' lang='lat' dir='ltr'>im-</span> 
     </span>
     <span class='ocr_line' id='line_1_11' title="bbox 10 1378 1367 1463; baseline 0.005 -24"><span class='ocrx_word' id='word_1_94' title='bbox 10 1381 151 1440; x_wconf 75' lang='lat' dir='ltr'>›ietatis</span> <span class='ocrx_word' id='word_1_95' title='bbox 179 1379 213 1442; x_wconf 90' lang='lat' dir='ltr'>in</span> <span class='ocrx_word' id='word_1_96' title='bbox 236 1378 395 1442; x_wconf 88' lang='lat' dir='ltr'>Dominum</span> <span class='ocrx_word' id='word_1_97' title='bbox 416 1385 586 1457; x_wconf 88' lang='lat' dir='ltr'>ooarguent‚</span> <span class='ocrx_word' id='word_1_98' title='bbox 610 1396 678 1439; x_wconf 89' lang='lat' dir='ltr'>nam</span> <span class='ocrx_word' id='word_1_99' title='bbox 700 1397 775 1458; x_wconf 90' lang='lat' dir='ltr'>quae</span> <span class='ocrx_word' id='word_1_100' title='bbox 796 1380 894 1441; x_wconf 87' lang='lat' dir='ltr'>lutura</span> <span class='ocrx_word' id='word_1_101' title='bbox 913 1380 1102 1461; x_wconf 81' lang='lat' dir='ltr'>prospiciens</span> <span class='ocrx_word' id='word_1_102' title='bbox 1117 1381 1266 1463; x_wconf 81' lang='lat' dir='ltr'>Propheta</span> <span class='ocrx_word' id='word_1_103' title='bbox 1360 1421 1367 1430; x_wconf 93' lang='lat'><strong>·</strong></span> 
     </span>
     <span class='ocr_line' id='line_1_12' title="bbox 10 1471 1266 1565; baseline 0.006 -25"><span class='ocrx_word' id='word_1_104' title='bbox 10 1481 110 1556; x_wconf 85' lang='lat' dir='ltr'>lixit,</span> <span class='ocrx_word' id='word_1_105' title='bbox 147 1482 230 1544; x_wconf 86' lang='lat' dir='ltr'>haee</span> <span class='ocrx_word' id='word_1_106' title='bbox 255 1481 320 1562; x_wconf 88' lang='lat' dir='ltr'>ipsa</span> <span class='ocrx_word' id='word_1_107' title='bbox 346 1497 490 1560; x_wconf 86' lang='lat' dir='ltr'>praesens</span> <span class='ocrx_word' id='word_1_108' title='bbox 517 1480 584 1560; x_wconf 87' lang='lat' dir='ltr'>ipse</span> <span class='ocrx_word' id='word_1_109' title='bbox 604 1479 750 1542; x_wconf 83' lang='lat' dir='ltr'>hominus</span> <span class='ocrx_word' id='word_1_110' title='bbox 773 1491 913 1560; x_wconf 88' lang='lat' dir='ltr'>operatus</span> <span class='ocrx_word' id='word_1_111' title='bbox 936 1471 998 1558; x_wconf 73' lang='lat' dir='ltr'>es&#39;t3</span> <span class='ocrx_word' id='word_1_112' title='bbox 1029 1483 1077 1546; x_wconf 88' lang='lat' dir='ltr'>sio</span> <span class='ocrx_word' id='word_1_113' title='bbox 1106 1483 1266 1565; x_wconf 81' lang='lat' dir='ltr'>petulantia</span> 
     </span>
     <span class='ocr_line' id='line_1_13' title="bbox 10 1572 1264 1664; baseline 0.005 -21"><span class='ocrx_word' id='word_1_114' title='bbox 10 1583 246 1664; x_wconf 72' lang='lat' dir='ltr'>praeoccupati</span> <span class='ocrx_word' id='word_1_115' title='bbox 269 1583 368 1644; x_wconf 84' lang='lat' dir='ltr'>disere</span> <span class='ocrx_word' id='word_1_116' title='bbox 389 1581 498 1659; x_wconf 86' lang='lat' dir='ltr'>ausint,</span> <span class='ocrx_word' id='word_1_117' title='bbox 522 1581 587 1661; x_wconf 91' lang='lat' dir='ltr'>ipsa</span> <span class='ocrx_word' id='word_1_118' title='bbox 609 1572 727 1662; x_wconf 71' lang='lat' dir='ltr'>guoque</span> <span class='ocrx_word' id='word_1_119' title='bbox 750 1583 780 1644; x_wconf 93' lang='lat' dir='ltr'>in</span> <span class='ocrx_word' id='word_1_120' title='bbox 802 1574 973 1646; x_wconf 78' lang='lat' dir='ltr'>Beelzebule</span> <span class='ocrx_word' id='word_1_121' title='bbox 994 1587 1068 1648; x_wconf 85' lang='lat' dir='ltr'>taeta</span> <span class='ocrx_word' id='word_1_122' title='bbox 1091 1605 1174 1662; x_wconf 85' lang='lat' dir='ltr'>esse,</span> <span class='ocrx_word' id='word_1_123' title='bbox 1199 1605 1264 1650; x_wconf 88' lang='lat' dir='ltr'>me·</span> 
     </span>
     <span class='ocr_line' id='line_1_14' title="bbox 10 1684 1335 1778; baseline 0.003 -32"><span class='ocrx_word' id='word_1_124' title='bbox 10 1695 69 1746; x_wconf 93' lang='lat' dir='ltr'>tuo</span> <span class='ocrx_word' id='word_1_125' title='bbox 97 1705 146 1746; x_wconf 87' lang='lat' dir='ltr'>ne</span> <span class='ocrx_word' id='word_1_126' title='bbox 169 1685 319 1766; x_wconf 78' lang='lat' dir='ltr'>paulatim·</span> <span class='ocrx_word' id='word_1_127' title='bbox 336 1685 366 1746; x_wconf 94' lang='lat' dir='ltr'>in</span> <span class='ocrx_word' id='word_1_128' title='bbox 389 1684 570 1763; x_wconf 80' lang='lat' dir='ltr'>impietatem</span> <span class='ocrx_word' id='word_1_129' title='bbox 592 1684 762 1774; x_wconf 76' lang='lat' dir='ltr'>progressi,</span> <span class='ocrx_word' id='word_1_130' title='bbox 786 1684 835 1746; x_wconf 91' lang='lat' dir='ltr'>uhi</span> <span class='ocrx_word' id='word_1_131' title='bbox 857 1685 997 1766; x_wconf 89' lang='lat' dir='ltr'>legerint:</span> <span class='ocrx_word' id='word_1_132' title='bbox 1030 1688 1106 1770; x_wconf 80' lang='lat' dir='ltr'>Qrp&#39;s</span> <span class='ocrx_word' id='word_1_133' title='bbox 1129 1689 1208 1778; x_wconf 75' lang='lat' dir='ltr'>dedit</span> <span class='ocrx_word' id='word_1_134' title='bbox 1232 1707 1265 1752; x_wconf 87' lang='lat' dir='ltr'>os</span> <span class='ocrx_word' id='word_1_135' title='bbox 1328 1717 1335 1738; x_wconf 70' lang='grc' dir='ltr'><em>ι</em></span> 
     </span>
     <span class='ocr_line' id='line_1_15' title="bbox 10 1773 1266 1870; baseline 0.001 -22"><span class='ocrx_word' id='word_1_136' title='bbox 10 1784 177 1849; x_wconf 75' lang='lat' dir='ltr'>homini?</span> <span class='ocrx_word' id='word_1_137' title='bbox 222 1787 262 1850; x_wconf 82' lang='lat' dir='ltr'>Et</span> <span class='ocrx_word' id='word_1_138' title='bbox 284 1791 349 1870; x_wconf 79' lang='lat' dir='ltr'>quis</span> <span class='ocrx_word' id='word_1_139' title='bbox 372 1787 542 1866; x_wconf 74' lang='lat' dir='ltr'>fodra‘eotus</span> <span class='ocrx_word' id='word_1_140' title='bbox 560 1773 611 1848; x_wconf 68' lang='lat' dir='ltr'>&#39;est</span> <span class='ocrx_word' id='word_1_141' title='bbox 630 1795 747 1848; x_wconf 83' lang='lat' dir='ltr'>mutum</span> <span class='ocrx_word' id='word_1_142' title='bbox 770 1798 798 1849; x_wconf 86' lang='lat' dir='ltr'>et</span> <span class='ocrx_word' id='word_1_143' title='bbox 819 1788 956 1860; x_wconf 84' lang='lat' dir='ltr'>surdum,</span> <span class='ocrx_word' id='word_1_144' title='bbox 979 1789 1135 1852; x_wconf 86' lang='lat' dir='ltr'>uidentem.</span> <span class='ocrx_word' id='word_1_145' title='bbox 1148 1800 1176 1852; x_wconf 87' lang='lat' dir='ltr'>et</span> <span class='ocrx_word' id='word_1_146' title='bbox 1198 1809 1266 1852; x_wconf 71' lang='lat' dir='ltr'>roe.</span> 
     </span>
     <span class='ocr_line' id='line_1_16' title="bbox 12 1887 1265 1970; baseline 0.002 -21"><span class='ocrx_word' id='word_1_147' title='bbox 12 1887 124 1950; x_wconf 70' lang='lat' dir='ltr'>carm?</span> <span class='ocrx_word' id='word_1_148' title='bbox 157 1895 190 1950; x_wconf 90' lang='lat' dir='ltr'>et</span> <span class='ocrx_word' id='word_1_149' title='bbox 217 1889 264 1950; x_wconf 88' lang='lat' dir='ltr'>his</span> <span class='ocrx_word' id='word_1_150' title='bbox 293 1888 416 1962; x_wconf 87' lang='lat' dir='ltr'>similia,</span> <span class='ocrx_word' id='word_1_151' title='bbox 446 1887 629 1950; x_wconf 88' lang='lat' dir='ltr'>insanientes</span> <span class='ocrx_word' id='word_1_152' title='bbox 657 1893 777 1968; x_wconf 77' lang='lat' dir='ltr'>rursum</span> <span class='ocrx_word' id='word_1_153' title='bbox 805 1888 919 1963; x_wconf 84' lang='lat' dir='ltr'>disant,</span> <span class='ocrx_word' id='word_1_154' title='bbox 947 1888 1001 1952; x_wconf 89' lang='lat' dir='ltr'>has</span> <span class='ocrx_word' id='word_1_155' title='bbox 1031 1908 1149 1970; x_wconf 89' lang='lat' dir='ltr'>quoque</span> <span class='ocrx_word' id='word_1_156' title='bbox 1175 1908 1265 1952; x_wconf 84' lang='lat' dir='ltr'>voees</span> 
     </span>
     <span class='ocr_line' id='line_1_17' title="bbox 12 1977 1266 2068; baseline 0.001 -16"><span class='ocrx_word' id='word_1_157' title='bbox 12 1989 223 2052; x_wconf 86' lang='lat' dir='ltr'>Beelzehulis</span> <span class='ocrx_word' id='word_1_158' title='bbox 247 2007 323 2052; x_wconf 87' lang='lat' dir='ltr'>esse.</span> <span class='ocrx_word' id='word_1_159' title='bbox 367 1989 440 2050; x_wconf 89' lang='lat' dir='ltr'>Nam</span> <span class='ocrx_word' id='word_1_160' title='bbox 463 1988 510 2050; x_wconf 88' lang='lat' dir='ltr'>cui</span> <span class='ocrx_word' id='word_1_161' title='bbox 532 1988 654 2068; x_wconf 88' lang='lat' dir='ltr'>gratiam</span> <span class='ocrx_word' id='word_1_162' title='bbox 672 1977 801 2050; x_wconf 87' lang='lat' dir='ltr'>restituti</span> <span class='ocrx_word' id='word_1_163' title='bbox 816 1989 897 2051; x_wconf 88' lang='lat' dir='ltr'>visus</span> <span class='ocrx_word' id='word_1_164' title='bbox 912 1990 1055 2065; x_wconf 85' lang='lat' dir='ltr'>tribuunt,</span> <span class='ocrx_word' id='word_1_165' title='bbox 1078 1992 1147 2054; x_wconf 89' lang='lat' dir='ltr'>huie</span> <span class='ocrx_word' id='word_1_166' title='bbox 1161 2001 1191 2054; x_wconf 90' lang='lat' dir='ltr'>ot</span> <span class='ocrx_word' id='word_1_167' title='bbox 1204 2011 1266 2057; x_wconf 93' lang='lat' dir='ltr'>non</span> 
     </span>
     <span class='ocr_line' id='line_1_18' title="bbox 15 2090 1266 2170; baseline 0.002 -18"><span class='ocrx_word' id='word_1_168' title='bbox 15 2092 157 2154; x_wconf 84' lang='lat' dir='ltr'>videndi</span> <span class='ocrx_word' id='word_1_169' title='bbox 181 2110 299 2170; x_wconf 84' lang='lat' dir='ltr'>eausam</span> <span class='ocrx_word' id='word_1_170' title='bbox 321 2090 489 2154; x_wconf 80' lang='lat' dir='ltr'>adscribant</span> <span class='ocrx_word' id='word_1_171' title='bbox 512 2099 646 2170; x_wconf 71' lang='lat' dir='ltr'>oportet,</span> <span class='ocrx_word' id='word_1_172' title='bbox 678 2100 835 2170; x_wconf 88' lang='lat' dir='ltr'>utrumque</span> <span class='ocrx_word' id='word_1_173' title='bbox 864 2091 942 2152; x_wconf 87' lang='lat' dir='ltr'>enim</span> <span class='ocrx_word' id='word_1_174' title='bbox 970 2093 1008 2154; x_wconf 91' lang='lat' dir='ltr'>ah</span> <span class='ocrx_word' id='word_1_175' title='bbox 1031 2091 1134 2154; x_wconf 90' lang='lat' dir='ltr'>eodem</span> <span class='ocrx_word' id='word_1_176' title='bbox 1157 2094 1266 2156; x_wconf 86' lang='lat' dir='ltr'>laetum</span> 
     </span>
     <span class='ocr_line' id='line_1_19' title="bbox 15 2192 1265 2272; baseline 0.003 -18"><span class='ocrx_word' id='word_1_177' title='bbox 15 2215 92 2256; x_wconf 87' lang='lat' dir='ltr'>esse</span> <span class='ocrx_word' id='word_1_178' title='bbox 120 2194 308 2256; x_wconf 83' lang='lat' dir='ltr'>declaratum</span> <span class='ocrx_word' id='word_1_179' title='bbox 331 2202 387 2255; x_wconf 87' lang='lat' dir='ltr'>est.</span> <span class='ocrx_word' id='word_1_180' title='bbox 433 2192 490 2266; x_wconf 80' lang='lat' dir='ltr'>uui</span> <span class='ocrx_word' id='word_1_181' title='bbox 513 2192 538 2254; x_wconf 89' lang='lat' dir='ltr'>si</span> <span class='ocrx_word' id='word_1_182' title='bbox 561 2193 695 2272; x_wconf 80' lang='lat' dir='ltr'>prolecto</span> <span class='ocrx_word' id='word_1_183' title='bbox 718 2193 792 2254; x_wconf 86' lang='lat' dir='ltr'>haec</span> <span class='ocrx_word' id='word_1_184' title='bbox 813 2193 911 2255; x_wconf 85' lang='lat' dir='ltr'>dicere</span> <span class='ocrx_word' id='word_1_185' title='bbox 927 2193 1035 2268; x_wconf 91' lang='lat' dir='ltr'>ausint,</span> <span class='ocrx_word' id='word_1_186' title='bbox 1059 2194 1177 2257; x_wconf 84' lang='lat' dir='ltr'>tandem</span> <span class='ocrx_word' id='word_1_187' title='bbox 1193 2214 1265 2258; x_wconf 87' lang='lat' dir='ltr'>oen-</span> 
     </span>
     <span class='ocr_line' id='line_1_20' title="bbox 19 2293 1265 2368; baseline 0.002 -12"><span class='ocrx_word' id='word_1_188' title='bbox 19 2297 147 2358; x_wconf 76' lang='lat' dir='ltr'>sdhunt:</span> <span class='ocrx_word' id='word_1_189' title='bbox 178 2297 324 2368; x_wconf 83' lang='lat' dir='ltr'>humanae</span> <span class='ocrx_word' id='word_1_190' title='bbox 358 2303 481 2358; x_wconf 88' lang='lat' dir='ltr'>naturae</span> <span class='ocrx_word' id='word_1_191' title='bbox 516 2295 699 2357; x_wconf 85' lang='lat' dir='ltr'>uenditorem</span> <span class='ocrx_word' id='word_1_192' title='bbox 728 2313 802 2356; x_wconf 83' lang='lat' dir='ltr'>esse</span> <span class='ocrx_word' id='word_1_193' title='bbox 830 2293 1042 2358; x_wconf 85' lang='lat' dir='ltr'>Beelaehulom.</span> <span class='ocrx_word' id='word_1_194' title='bbox 1094 2295 1265 2360; x_wconf 85' lang='lat' dir='ltr'>Conditoris</span> 
     </span>
     <span class='ocr_line' id='line_1_21' title="bbox 21 2396 1263 2479; baseline 0.002 -20"><span class='ocrx_word' id='word_1_195' title='bbox 21 2397 149 2478; x_wconf 78' lang='lat' dir='ltr'>quippe</span> <span class='ocrx_word' id='word_1_196' title='bbox 171 2407 227 2470; x_wconf 90' lang='lat' dir='ltr'>est,</span> <span class='ocrx_word' id='word_1_197' title='bbox 250 2407 352 2458; x_wconf 89' lang='lat' dir='ltr'>utres</span> <span class='ocrx_word' id='word_1_198' title='bbox 375 2396 507 2459; x_wconf 79' lang='lat' dir='ltr'>conditas</span> <span class='ocrx_word' id='word_1_199' title='bbox 529 2397 635 2458; x_wconf 88' lang='lat' dir='ltr'>haheat</span> <span class='ocrx_word' id='word_1_200' title='bbox 656 2397 687 2458; x_wconf 92' lang='lat' dir='ltr'>iu</span> <span class='ocrx_word' id='word_1_201' title='bbox 709 2415 762 2458; x_wconf 89' lang='lat' dir='ltr'>sua</span> <span class='ocrx_word' id='word_1_202' title='bbox 783 2403 941 2476; x_wconf 88' lang='lat' dir='ltr'>potestate.</span> <span class='ocrx_word' id='word_1_203' title='bbox 986 2397 1024 2459; x_wconf 91' lang='lat' dir='ltr'>Ut</span> <span class='ocrx_word' id='word_1_204' title='bbox 1045 2399 1122 2468; x_wconf 90' lang='lat' dir='ltr'>enim</span> <span class='ocrx_word' id='word_1_205' title='bbox 1145 2399 1263 2479; x_wconf 78' lang='lat' dir='ltr'>Moyses</span> 
     </span>
     <span class='ocr_line' id='line_1_22' title="bbox 25 2493 1267 2582; baseline 0.003 -22"><span class='ocrx_word' id='word_1_206' title='bbox 25 2501 118 2563; x_wconf 86' lang='lat' dir='ltr'>dixit:</span> <span class='ocrx_word' id='word_1_207' title='bbox 133 2500 189 2564; x_wconf 85' lang='lat' dir='ltr'>-lu</span> <span class='ocrx_word' id='word_1_208' title='bbox 208 2503 362 2582; x_wconf 75' lang='lat' dir='ltr'>principio</span> <span class='ocrx_word' id='word_1_209' title='bbox 384 2501 456 2579; x_wconf 77' lang='lat' dir='ltr'>feeit</span> <span class='ocrx_word' id='word_1_210' title='bbox 478 2498 562 2562; x_wconf 86' lang='lat' dir='ltr'>Deus</span> <span class='ocrx_word' id='word_1_211' title='bbox 586 2498 700 2560; x_wconf 83' lang='lat' dir='ltr'>eaelum</span> <span class='ocrx_word' id='word_1_212' title='bbox 722 2493 750 2561; x_wconf 86' lang='lat' dir='ltr'>e‘t</span> <span class='ocrx_word' id='word_1_213' title='bbox 773 2510 897 2569; x_wconf 85' lang='lat' dir='ltr'>terram,</span> <span class='ocrx_word' id='word_1_214' title='bbox 921 2507 951 2560; x_wconf 90' lang='lat' dir='ltr'>et</span> <span class='ocrx_word' id='word_1_215' title='bbox 972 2501 1012 2562; x_wconf 87' lang='lat' dir='ltr'>od</span> <span class='ocrx_word' id='word_1_216' title='bbox 1032 2503 1189 2580; x_wconf 81' lang='lat' dir='ltr'>imaginem</span> <span class='ocrx_word' id='word_1_217' title='bbox 1208 2500 1267 2564; x_wconf 80' lang='lat' dir='ltr'>Dra&#39;</span> 
     </span>
    </p>

    <p class='ocr_par' dir='ltr' id='par_1_3' title="bbox 27 2598 1266 2781">
     <span class='ocr_line' id='line_1_23' title="bbox 27 2598 1265 2682; baseline 0 -18"><span class='ocrx_word' id='word_1_218' title='bbox 27 2604 103 2682; x_wconf 67' lang='lat' dir='ltr'>feeit</span> <span class='ocrx_word' id='word_1_219' title='bbox 125 2602 215 2664; x_wconf 78' lang='lat' dir='ltr'>Duas</span> <span class='ocrx_word' id='word_1_220' title='bbox 239 2603 395 2676; x_wconf 74' lang='lat' dir='ltr'>hominem,</span> <span class='ocrx_word' id='word_1_221' title='bbox 418 2601 459 2661; x_wconf 91' lang='lat' dir='ltr'>ita</span> <span class='ocrx_word' id='word_1_222' title='bbox 479 2617 597 2679; x_wconf 87' lang='lat' dir='ltr'>quoque</span> <span class='ocrx_word' id='word_1_223' title='bbox 612 2598 714 2660; x_wconf 86' lang='lat' dir='ltr'>Daniel</span> <span class='ocrx_word' id='word_1_224' title='bbox 735 2599 828 2660; x_wconf 90' lang='lat' dir='ltr'>libere</span> <span class='ocrx_word' id='word_1_225' title='bbox 841 2599 962 2662; x_wconf 85' lang='lat' dir='ltr'>Darium</span> <span class='ocrx_word' id='word_1_226' title='bbox 979 2600 1086 2662; x_wconf 88' lang='lat' dir='ltr'>allatus</span> <span class='ocrx_word' id='word_1_227' title='bbox 1110 2611 1172 2663; x_wconf 87' lang='lat' dir='ltr'>est:</span> <span class='ocrx_word' id='word_1_228' title='bbox 1196 2601 1265 2664; x_wconf 82' lang='lat' dir='ltr'>Non</span> 
     </span>
     <span class='ocr_line' id='line_1_24' title="bbox 28 2701 1266 2781; baseline -0.001 -15"><span class='ocrx_word' id='word_1_229' title='bbox 28 2722 173 2768; x_wconf 80' lang='lat' dir='ltr'>ueneror</span> <span class='ocrx_word' id='word_1_230' title='bbox 192 2703 274 2766; x_wconf 83' lang='lat' dir='ltr'>idolo</span> <span class='ocrx_word' id='word_1_231' title='bbox 295 2703 489 2781; x_wconf 79' lang='lat' dir='ltr'>martusaeta,</span> <span class='ocrx_word' id='word_1_232' title='bbox 512 2702 565 2762; x_wconf 82' lang='lat' dir='ltr'>sed</span> <span class='ocrx_word' id='word_1_233' title='bbox 586 2704 734 2762; x_wconf 82' lang='lat' dir='ltr'>uiuentem</span> <span class='ocrx_word' id='word_1_234' title='bbox 753 2701 868 2774; x_wconf 85' lang='lat' dir='ltr'>Deum,</span> <span class='ocrx_word' id='word_1_235' title='bbox 893 2705 946 2781; x_wconf 82' lang='lat' dir='ltr'>qui</span> <span class='ocrx_word' id='word_1_236' title='bbox 965 2706 1080 2765; x_wconf 82' lang='lat' dir='ltr'>errauit</span> <span class='ocrx_word' id='word_1_237' title='bbox 1103 2702 1216 2766; x_wconf 84' lang='lat' dir='ltr'>eoelum</span> <span class='ocrx_word' id='word_1_238' title='bbox 1237 2715 1266 2765; x_wconf 85' lang='lat' dir='ltr'>et</span> 
     </span>
    </p>

    <p class='ocr_par' dir='ltr' id='par_1_4' title="bbox 11 2801 1265 3681">
     <span class='ocr_line' id='line_1_25' title="bbox 11 2801 1264 2884; baseline -0.003 -14"><span class='ocrx_word' id='word_1_239' title='bbox 11 2815 160 2870; x_wconf 71' lang='lat' dir='ltr'>&#39;terram</span> <span class='ocrx_word' id='word_1_240' title='bbox 181 2817 209 2869; x_wconf 82' lang='lat' dir='ltr'>et</span> <span class='ocrx_word' id='word_1_241' title='bbox 231 2805 317 2868; x_wconf 85' lang='lat' dir='ltr'>hahet</span> <span class='ocrx_word' id='word_1_242' title='bbox 336 2814 516 2884; x_wconf 83' lang='lat' dir='ltr'>potestatem</span> <span class='ocrx_word' id='word_1_243' title='bbox 538 2805 633 2863; x_wconf 80' lang='lat' dir='ltr'>omnis</span> <span class='ocrx_word' id='word_1_244' title='bbox 658 2804 779 2878; x_wconf 79' lang='lat' dir='ltr'>ournis3</span> <span class='ocrx_word' id='word_1_245' title='bbox 801 2801 859 2864; x_wconf 90' lang='lat' dir='ltr'>nisi</span> <span class='ocrx_word' id='word_1_246' title='bbox 881 2821 987 2864; x_wconf 90' lang='lat' dir='ltr'>rursus</span> <span class='ocrx_word' id='word_1_247' title='bbox 1009 2811 1120 2864; x_wconf 73' lang='lat' dir='ltr'>mumta</span> <span class='ocrx_word' id='word_1_248' title='bbox 1142 2813 1264 2866; x_wconf 87' lang='lat' dir='ltr'>senten-</span> 
     </span>
     <span class='ocr_line' id='line_1_26' title="bbox 34 2902 1264 2984; baseline -0.001 -16"><span class='ocrx_word' id='word_1_249' title='bbox 34 2909 75 2969; x_wconf 88' lang='lat' dir='ltr'>tia</span> <span class='ocrx_word' id='word_1_250' title='bbox 97 2908 239 2982; x_wconf 76' lang='lat' dir='ltr'>dixerint,</span> <span class='ocrx_word' id='word_1_251' title='bbox 263 2904 443 2980; x_wconf 82' lang='lat' dir='ltr'>caecitatem,</span> <span class='ocrx_word' id='word_1_252' title='bbox 466 2902 709 2966; x_wconf 75' lang='lat' dir='ltr'>claudicationem</span> <span class='ocrx_word' id='word_1_253' title='bbox 731 2921 765 2964; x_wconf 87' lang='lat' dir='ltr'>ao</span> <span class='ocrx_word' id='word_1_254' title='bbox 787 2913 901 2966; x_wconf 84' lang='lat' dir='ltr'>caetera</span> <span class='ocrx_word' id='word_1_255' title='bbox 923 2905 1059 2984; x_wconf 86' lang='lat' dir='ltr'>eorporis</span> <span class='ocrx_word' id='word_1_256' title='bbox 1074 2905 1143 2967; x_wconf 88' lang='lat' dir='ltr'>vitia</span> <span class='ocrx_word' id='word_1_257' title='bbox 1158 2925 1175 2967; x_wconf 93' lang='lat' dir='ltr'>a</span> <span class='ocrx_word' id='word_1_258' title='bbox 1190 2925 1264 2968; x_wconf 87' lang='lat' dir='ltr'>eon-</span> 
     </span>
     <span class='ocr_line' id='line_1_27' title="bbox 39 3005 1265 3090; baseline 0.002 -21"><span class='ocrx_word' id='word_1_259' title='bbox 39 3009 151 3071; x_wconf 79' lang='lat' dir='ltr'>ditoris</span> <span class='ocrx_word' id='word_1_260' title='bbox 173 3008 359 3088; x_wconf 79' lang='lat' dir='ltr'>correptione</span> <span class='ocrx_word' id='word_1_261' title='bbox 386 3005 550 3087; x_wconf 82' lang='lat' dir='ltr'>proficisci,</span> <span class='ocrx_word' id='word_1_262' title='bbox 579 3005 743 3066; x_wconf 84' lang='lat' dir='ltr'>ethorum</span> <span class='ocrx_word' id='word_1_263' title='bbox 772 3007 953 3068; x_wconf 90' lang='lat' dir='ltr'>curationem</span> <span class='ocrx_word' id='word_1_264' title='bbox 982 3015 1012 3070; x_wconf 86' lang='lat' dir='ltr'>et</span> <span class='ocrx_word' id='word_1_265' title='bbox 1039 3026 1108 3088; x_wconf 90' lang='lat' dir='ltr'>erga</span> <span class='ocrx_word' id='word_1_266' title='bbox 1135 3008 1192 3070; x_wconf 92' lang='lat' dir='ltr'>hos</span> <span class='ocrx_word' id='word_1_267' title='bbox 1215 3010 1265 3090; x_wconf 90' lang='lat' dir='ltr'>qui</span> 
     </span>
     <span class='ocr_line' id='line_1_28' title="bbox 41 3106 1264 3190; baseline 0.002 -20"><span class='ocrx_word' id='word_1_268' title='bbox 41 3111 211 3190; x_wconf 88' lang='lat' dir='ltr'>ailliguntur</span> <span class='ocrx_word' id='word_1_269' title='bbox 230 3109 454 3172; x_wconf 81' lang='lat' dir='ltr'>beneficentiam</span> <span class='ocrx_word' id='word_1_270' title='bbox 477 3127 493 3170; x_wconf 92' lang='lat' dir='ltr'>a</span> <span class='ocrx_word' id='word_1_271' title='bbox 515 3106 688 3189; x_wconf 74' lang='lat' dir='ltr'>Beelaehule</span> <span class='ocrx_word' id='word_1_272' title='bbox 710 3108 864 3187; x_wconf 91' lang='lat' dir='ltr'>praestari.</span> <span class='ocrx_word' id='word_1_273' title='bbox 908 3109 1016 3171; x_wconf 87' lang='lat' dir='ltr'>Verum</span> <span class='ocrx_word' id='word_1_274' title='bbox 1039 3110 1113 3172; x_wconf 87' lang='lat' dir='ltr'>haee</span> <span class='ocrx_word' id='word_1_275' title='bbox 1133 3111 1177 3172; x_wconf 87' lang='lat' dir='ltr'>rel</span> <span class='ocrx_word' id='word_1_276' title='bbox 1200 3111 1264 3173; x_wconf 91' lang='lat' dir='ltr'>dis-</span> 
     </span>
     <span class='ocr_line' id='line_1_29' title="bbox 44 3208 1261 3294; baseline 0.002 -20"><span class='ocrx_word' id='word_1_277' title='bbox 44 3213 163 3292; x_wconf 88' lang='lat' dir='ltr'>quirere</span> <span class='ocrx_word' id='word_1_278' title='bbox 181 3212 261 3275; x_wconf 79' lang='lat' dir='ltr'>valde</span> <span class='ocrx_word' id='word_1_279' title='bbox 283 3214 420 3274; x_wconf 88' lang='lat' dir='ltr'>insanum</span> <span class='ocrx_word' id='word_1_280' title='bbox 444 3218 507 3285; x_wconf 82' lang='lat' dir='ltr'>est;</span> <span class='ocrx_word' id='word_1_281' title='bbox 528 3208 689 3272; x_wconf 80' lang='lat' dir='ltr'>iurantium</span> <span class='ocrx_word' id='word_1_282' title='bbox 711 3211 788 3272; x_wconf 86' lang='lat' dir='ltr'>enim</span> <span class='ocrx_word' id='word_1_283' title='bbox 812 3219 843 3272; x_wconf 89' lang='lat' dir='ltr'>et</span> <span class='ocrx_word' id='word_1_284' title='bbox 862 3210 1019 3292; x_wconf 86' lang='lat' dir='ltr'>plusquam</span> <span class='ocrx_word' id='word_1_285' title='bbox 1035 3221 1134 3276; x_wconf 89' lang='lat' dir='ltr'>mente</span> <span class='ocrx_word' id='word_1_286' title='bbox 1157 3222 1261 3294; x_wconf 87' lang='lat' dir='ltr'>capto-</span> 
     </span>
     <span class='ocr_line' id='line_1_30' title="bbox 46 3311 1263 3397; baseline 0.003 -23"><span class='ocrx_word' id='word_1_287' title='bbox 46 3333 113 3376; x_wconf 91' lang='lat' dir='ltr'>rum</span> <span class='ocrx_word' id='word_1_288' title='bbox 133 3322 179 3376; x_wconf 91' lang='lat' dir='ltr'>est</span> <span class='ocrx_word' id='word_1_289' title='bbox 198 3314 372 3394; x_wconf 88' lang='lat' dir='ltr'>impiissima</span> <span class='ocrx_word' id='word_1_290' title='bbox 394 3311 540 3376; x_wconf 90' lang='lat' dir='ltr'>eiusmodi</span> <span class='ocrx_word' id='word_1_291' title='bbox 564 3311 805 3391; x_wconf 83' lang='lat' dir='ltr'>stultiloquentia.</span> <span class='ocrx_word' id='word_1_292' title='bbox 848 3314 883 3376; x_wconf 95' lang='lat' dir='ltr'>ln</span> <span class='ocrx_word' id='word_1_293' title='bbox 912 3333 945 3376; x_wconf 91' lang='lat' dir='ltr'>ea</span> <span class='ocrx_word' id='word_1_294' title='bbox 973 3315 1120 3395; x_wconf 86' lang='lat' dir='ltr'>siquidem</span> <span class='ocrx_word' id='word_1_295' title='bbox 1142 3335 1263 3397; x_wconf 85' lang='lat' dir='ltr'>eompa-</span> 
     </span>
     <span class='ocr_line' id='line_1_31' title="bbox 50 3413 1262 3502; baseline 0.002 -26"><span class='ocrx_word' id='word_1_296' title='bbox 50 3418 159 3480; x_wconf 87' lang='lat' dir='ltr'>ratione</span> <span class='ocrx_word' id='word_1_297' title='bbox 179 3417 291 3496; x_wconf 89' lang='lat' dir='ltr'>potiora</span> <span class='ocrx_word' id='word_1_298' title='bbox 313 3435 374 3478; x_wconf 90' lang='lat' dir='ltr'>non</span> <span class='ocrx_word' id='word_1_299' title='bbox 394 3415 468 3489; x_wconf 85' lang='lat' dir='ltr'>ileo,</span> <span class='ocrx_word' id='word_1_300' title='bbox 491 3414 544 3476; x_wconf 90' lang='lat' dir='ltr'>sed</span> <span class='ocrx_word' id='word_1_301' title='bbox 559 3413 724 3478; x_wconf 87' lang='lat' dir='ltr'>Beelzehuli</span> <span class='ocrx_word' id='word_1_302' title='bbox 747 3416 917 3502; x_wconf 80' lang='lat' dir='ltr'>adscribunt</span> <span class='ocrx_word' id='word_1_303' title='bbox 938 3417 1046 3478; x_wconf 90' lang='lat' dir='ltr'>insani.</span> <span class='ocrx_word' id='word_1_304' title='bbox 1089 3417 1168 3478; x_wconf 90' lang='lat' dir='ltr'>Nihil</span> <span class='ocrx_word' id='word_1_305' title='bbox 1183 3420 1262 3480; x_wconf 89' lang='lat' dir='ltr'>enim</span> 
     </span>
     <span class='ocr_line' id='line_1_32' title="bbox 52 3501 1262 3600; baseline 0.002 -22"><span class='ocrx_word' id='word_1_306' title='bbox 52 3527 151 3578; x_wconf 82' lang='lat' dir='ltr'>curant</span> <span class='ocrx_word' id='word_1_307' title='bbox 163 3517 319 3580; x_wconf 87' lang='lat' dir='ltr'>divinarum</span> <span class='ocrx_word' id='word_1_308' title='bbox 335 3513 553 3598; x_wconf 83' lang='lat' dir='ltr'>Scripturarhm</span> <span class='ocrx_word' id='word_1_309' title='bbox 570 3516 705 3595; x_wconf 89' lang='lat' dir='ltr'>dogmata</span> <span class='ocrx_word' id='word_1_310' title='bbox 720 3501 905 3594; x_wconf 63' lang='lat' dir='ltr'>lahelaitare</span> <span class='ocrx_word' id='word_1_311' title='bbox 921 3519 1010 3581; x_wconf 91' lang='lat' dir='ltr'>modo</span> <span class='ocrx_word' id='word_1_312' title='bbox 1027 3527 1136 3600; x_wconf 85' lang='lat' dir='ltr'>negent</span> <span class='ocrx_word' id='word_1_313' title='bbox 1151 3519 1262 3581; x_wconf 85' lang='lat' dir='ltr'>Christi</span> 
     </span>
     <span class='ocr_line' id='line_1_33' title="bbox 55 3608 414 3681; baseline 0.008 -3"><span class='ocrx_word' id='word_1_314' title='bbox 55 3619 205 3681; x_wconf 87' lang='lat' dir='ltr'>adventum.</span> <span class='ocrx_word' id='word_1_315' title='bbox 407 3608 414 3632; x_wconf 84' lang='lat'><em>&#39;</em></span> 
     </span>
    </p>
   </div>
   <div class='ocr_carea' id='block_1_3' title="bbox 57 3798 1266 4623">
    <p class='ocr_par' dir='ltr' id='par_1_5' title="bbox 57 3798 1266 4623">
     <span class='ocr_line' id='line_1_34' title="bbox 86 3798 1265 3872; baseline 0.002 -18"><span class='ocrx_word' id='word_1_316' title='bbox 86 3805 110 3854; x_wconf 91' lang='lat' dir='ltr'>h.</span> <span class='ocrx_word' id='word_1_317' title='bbox 127 3805 214 3857; x_wconf 81' lang='lat' dir='ltr'>Gohler.</span> <span class='ocrx_word' id='word_1_318' title='bbox 242 3814 264 3857; x_wconf 87' lang='lat' dir='ltr'>el</span> <span class='ocrx_word' id='word_1_319' title='bbox 288 3805 392 3856; x_wconf 82' lang='lat' dir='ltr'>Felehm.</span> <span class='ocrx_word' id='word_1_320' title='bbox 416 3808 437 3858; x_wconf 90' lang='lat' dir='ltr'>t.</span> <span class='ocrx_word' id='word_1_321' title='bbox 464 3798 625 3860; x_wconf 72' lang='grc' dir='ltr'><em>ἀνάστασιν,</em></span> <span class='ocrx_word' id='word_1_322' title='bbox 679 3805 775 3856; x_wconf 86' lang='lat' dir='ltr'>Gohlor.</span> <span class='ocrx_word' id='word_1_323' title='bbox 796 3814 818 3855; x_wconf 84' lang='lat' dir='ltr'>et</span> <span class='ocrx_word' id='word_1_324' title='bbox 836 3805 940 3856; x_wconf 84' lang='lat' dir='ltr'>Felclm.</span> <span class='ocrx_word' id='word_1_325' title='bbox 962 3807 983 3856; x_wconf 92' lang='lat' dir='ltr'>l.</span> <span class='ocrx_word' id='word_1_326' title='bbox 1004 3801 1167 3872; x_wconf 76' lang='grc' dir='ltr'><em>γενομένων.</em></span> <span class='ocrx_word' id='word_1_327' title='bbox 1203 3805 1265 3856; x_wconf 86' lang='lat' dir='ltr'>Editi</span> 
     </span>
     <span class='ocr_line' id='line_1_35' title="bbox 58 3859 970 3943; baseline 0.004 -23"><span class='ocrx_word' id='word_1_328' title='bbox 58 3867 99 3920; x_wconf 78' lang='grc' dir='ltr'>καὶ</span> <span class='ocrx_word' id='word_1_329' title='bbox 115 3867 147 3922; x_wconf 82' lang='lat' dir='ltr'>rit</span> <span class='ocrx_word' id='word_1_330' title='bbox 162 3867 252 3931; x_wconf 57' lang='lat' dir='ltr'>totam</span> <span class='ocrx_word' id='word_1_331' title='bbox 270 3859 324 3942; x_wconf 73' lang='grc' dir='ltr'>ἆρα</span> <span class='ocrx_word' id='word_1_332' title='bbox 340 3868 395 3943; x_wconf 80' lang='grc' dir='ltr'>γὰρ</span> <span class='ocrx_word' id='word_1_333' title='bbox 412 3871 466 3925; x_wconf 69' lang='grc' dir='ltr'>καί.</span> <span class='ocrx_word' id='word_1_334' title='bbox 503 3874 628 3938; x_wconf 87' lang='lat' dir='ltr'>ibidpost</span> <span class='ocrx_word' id='word_1_335' title='bbox 678 3881 702 3922; x_wconf 80' lang='lat' dir='ltr'>et</span> <span class='ocrx_word' id='word_1_336' title='bbox 720 3875 792 3924; x_wconf 82' lang='lat' dir='ltr'>ceteri</span> <span class='ocrx_word' id='word_1_337' title='bbox 809 3869 970 3940; x_wconf 72' lang='grc' dir='ltr'><em>γινομένων.</em></span> 
     </span>
     <span class='ocr_line' id='line_1_36' title="bbox 57 3935 1264 4009; baseline 0.004 -21"><span class='ocrx_word' id='word_1_338' title='bbox 57 3937 193 4009; x_wconf 65' lang='grc' dir='ltr'><em>θεραπείαν</em></span> <span class='ocrx_word' id='word_1_339' title='bbox 214 3944 281 3992; x_wconf 85' lang='lat' dir='ltr'>deest</span> <span class='ocrx_word' id='word_1_340' title='bbox 305 3938 353 3990; x_wconf 78' lang='grc' dir='ltr'>καί</span> <span class='ocrx_word' id='word_1_341' title='bbox 369 3945 392 3994; x_wconf 90' lang='lat' dir='ltr'>iu</span> <span class='ocrx_word' id='word_1_342' title='bbox 412 3945 467 4006; x_wconf 85' lang='lat' dir='ltr'>lteg.</span> <span class='ocrx_word' id='word_1_343' title='bbox 487 3951 511 3993; x_wconf 82' lang='lat' dir='ltr'>et</span> <span class='ocrx_word' id='word_1_344' title='bbox 528 3943 626 4003; x_wconf 88' lang='lat' dir='ltr'>Seguer.</span> <span class='ocrx_word' id='word_1_345' title='bbox 712 3957 734 4004; x_wconf 90' lang='lat' dir='ltr'>g.</span> <span class='ocrx_word' id='word_1_346' title='bbox 754 3943 890 3994; x_wconf 86' lang='lat' dir='ltr'>Gohlorisn.</span> <span class='ocrx_word' id='word_1_347' title='bbox 909 3952 932 3993; x_wconf 91' lang='lat' dir='ltr'>et</span> <span class='ocrx_word' id='word_1_348' title='bbox 950 3942 1054 3993; x_wconf 76' lang='lat' dir='ltr'>folchm.</span> <span class='ocrx_word' id='word_1_349' title='bbox 1073 3943 1095 3992; x_wconf 90' lang='lat' dir='ltr'>i.</span> <span class='ocrx_word' id='word_1_350' title='bbox 1115 3935 1203 4008; x_wconf 78' lang='grc' dir='ltr'><em>φησίν</em></span> <span class='ocrx_word' id='word_1_351' title='bbox 1219 3957 1264 4007; x_wconf 86' lang='lat' dir='ltr'>pro</span> 
     </span>
     <span class='ocr_line' id='line_1_37' title="bbox 92 4003 770 4076; baseline 0 -16"><span class='ocrx_word' id='word_1_352' title='bbox 92 4027 110 4060; x_wconf 79' lang='lat' dir='ltr'>a.</span> <span class='ocrx_word' id='word_1_353' title='bbox 127 4013 176 4072; x_wconf 84' lang='lat' dir='ltr'>lteg.</span> <span class='ocrx_word' id='word_1_354' title='bbox 193 4019 214 4061; x_wconf 87' lang='lat' dir='ltr'>at</span> <span class='ocrx_word' id='word_1_355' title='bbox 230 4013 330 4073; x_wconf 85' lang='lat' dir='ltr'>Seguer.</span> <span class='ocrx_word' id='word_1_356' title='bbox 354 4011 400 4061; x_wconf 86' lang='lat' dir='ltr'>soli</span> <span class='ocrx_word' id='word_1_357' title='bbox 424 4007 538 4076; x_wconf 76' lang='grc' dir='ltr'><em>βλέπων.</em></span> <span class='ocrx_word' id='word_1_358' title='bbox 574 4009 626 4058; x_wconf 82' lang='lat' dir='ltr'>llos</span> <span class='ocrx_word' id='word_1_359' title='bbox 677 4003 770 4073; x_wconf 79' lang='grc' dir='ltr'><em>λέγων.</em></span> 
     </span>
     <span class='ocr_line' id='line_1_38' title="bbox 61 4073 1265 4143; baseline 0.002 -17"><span class='ocrx_word' id='word_1_360' title='bbox 61 4077 111 4138; x_wconf 85' lang='lat' dir='ltr'>lieg.</span> <span class='ocrx_word' id='word_1_361' title='bbox 128 4079 212 4142; x_wconf 72' lang='lat' dir='ltr'>Sogoer¹</span> <span class='ocrx_word' id='word_1_362' title='bbox 232 4089 254 4130; x_wconf 85' lang='lat' dir='ltr'>et</span> <span class='ocrx_word' id='word_1_363' title='bbox 271 4079 367 4130; x_wconf 83' lang='lat' dir='ltr'>Folohm</span> <span class='ocrx_word' id='word_1_364' title='bbox 389 4081 409 4130; x_wconf 89' lang='lat' dir='ltr'>i.</span> <span class='ocrx_word' id='word_1_365' title='bbox 429 4089 452 4130; x_wconf 87' lang='lat' dir='ltr'>et</span> <span class='ocrx_word' id='word_1_366' title='bbox 467 4079 490 4129; x_wconf 82' lang='lat'>2.</span> <span class='ocrx_word' id='word_1_367' title='bbox 510 4087 565 4143; x_wconf 89' lang='lat' dir='ltr'>post</span> <span class='ocrx_word' id='word_1_368' title='bbox 582 4091 626 4126; x_wconf 83' lang='grc' dir='ltr'>πε·</span> <span class='ocrx_word' id='word_1_369' title='bbox 712 4080 734 4128; x_wconf 94' lang='lat' dir='ltr'>h.</span> <span class='ocrx_word' id='word_1_370' title='bbox 754 4080 809 4140; x_wconf 77' lang='lat' dir='ltr'>ling.</span> <span class='ocrx_word' id='word_1_371' title='bbox 828 4087 851 4128; x_wconf 85' lang='lat' dir='ltr'>et</span> <span class='ocrx_word' id='word_1_372' title='bbox 869 4081 967 4140; x_wconf 86' lang='lat' dir='ltr'>Segoer.</span> <span class='ocrx_word' id='word_1_373' title='bbox 985 4073 1073 4143; x_wconf 70' lang='lat' dir='ltr'>nupta.</span> <span class='ocrx_word' id='word_1_374' title='bbox 1117 4076 1190 4128; x_wconf 82' lang='lat' dir='ltr'>Paulo</span> <span class='ocrx_word' id='word_1_375' title='bbox 1209 4087 1265 4143; x_wconf 89' lang='lat' dir='ltr'>post</span> 
     </span>
     <span class='ocr_line' id='line_1_39' title="bbox 61 4138 1243 4212; baseline 0.003 -21"><span class='ocrx_word' id='word_1_376' title='bbox 61 4140 145 4204; x_wconf 73' lang='lat' dir='ltr'>moines</span> <span class='ocrx_word' id='word_1_377' title='bbox 159 4147 239 4198; x_wconf 81' lang='lat' dir='ltr'>hahent</span> <span class='ocrx_word' id='word_1_378' title='bbox 255 4138 289 4196; x_wconf 77' lang='grc' dir='ltr'>ἂν</span> <span class='ocrx_word' id='word_1_379' title='bbox 303 4163 347 4212; x_wconf 88' lang='lat' dir='ltr'>pro</span> <span class='ocrx_word' id='word_1_380' title='bbox 365 4140 422 4198; x_wconf 82' lang='lat' dir='ltr'>s’oir.</span> <span class='ocrx_word' id='word_1_381' title='bbox 676 4147 776 4208; x_wconf 82' lang='lat' dir='ltr'>Suguor.</span> <span class='ocrx_word' id='word_1_382' title='bbox 796 4162 843 4196; x_wconf 90' lang='lat' dir='ltr'>non</span> <span class='ocrx_word' id='word_1_383' title='bbox 862 4148 933 4196; x_wconf 86' lang='lat' dir='ltr'>hahet</span> <span class='ocrx_word' id='word_1_384' title='bbox 949 4141 985 4211; x_wconf 75' lang='grc' dir='ltr'>μέ</span> <span class='ocrx_word' id='word_1_385' title='bbox 1003 4183 1008 4194; x_wconf 95' lang='grc'><em>.</em></span> <span class='ocrx_word' id='word_1_386' title='bbox 1239 4163 1243 4174; x_wconf 85' lang='lat'><em>·</em></span> 
     </span>
     <span class='ocr_line' id='line_1_40' title="bbox 93 4211 1265 4296; baseline 0.001 -32"><span class='ocrx_word' id='word_1_387' title='bbox 93 4215 113 4264; x_wconf 88' lang='lat' dir='ltr'>d.</span> <span class='ocrx_word' id='word_1_388' title='bbox 129 4217 178 4278; x_wconf 81' lang='lat' dir='ltr'>lieg.</span> <span class='ocrx_word' id='word_1_389' title='bbox 199 4225 220 4266; x_wconf 86' lang='lat' dir='ltr'>ot</span> <span class='ocrx_word' id='word_1_390' title='bbox 237 4217 336 4296; x_wconf 80' lang='lat' dir='ltr'>Segoer.</span> <span class='ocrx_word' id='word_1_391' title='bbox 354 4211 490 4281; x_wconf 73' lang='grc' dir='ltr'>λέγεσθαι.</span> <span class='ocrx_word' id='word_1_392' title='bbox 532 4215 629 4266; x_wconf 81' lang='lat' dir='ltr'>Gohler.</span> <span class='ocrx_word' id='word_1_393' title='bbox 715 4217 730 4264; x_wconf 94' lang='lat' dir='ltr'>i.</span> <span class='ocrx_word' id='word_1_394' title='bbox 750 4215 846 4266; x_wconf 83' lang='lat' dir='ltr'>Gohior.</span> <span class='ocrx_word' id='word_1_395' title='bbox 865 4223 888 4265; x_wconf 83' lang='lat' dir='ltr'>et</span> <span class='ocrx_word' id='word_1_396' title='bbox 904 4213 1009 4265; x_wconf 80' lang='lat' dir='ltr'>Felelm.</span> <span class='ocrx_word' id='word_1_397' title='bbox 1021 4214 1041 4264; x_wconf 95' lang='lat' dir='ltr'>l.</span> <span class='ocrx_word' id='word_1_398' title='bbox 1052 4213 1088 4263; x_wconf 87' lang='lat' dir='ltr'>sic</span> <span class='ocrx_word' id='word_1_399' title='bbox 1100 4213 1188 4264; x_wconf 83' lang='lat' dir='ltr'>hahent</span> <span class='ocrx_word' id='word_1_400' title='bbox 1201 4214 1265 4265; x_wconf 88' lang='lat' dir='ltr'>huno</span> 
     </span>
     <span class='ocr_line' id='line_1_41' title="bbox 66 4273 1263 4350; baseline 0.002 -22"><span class='ocrx_word' id='word_1_401' title='bbox 66 4289 85 4329; x_wconf 88' lang='lat' dir='ltr'>et</span> <span class='ocrx_word' id='word_1_402' title='bbox 100 4282 190 4335; x_wconf 84' lang='lat' dir='ltr'>Felchm.</span> <span class='ocrx_word' id='word_1_403' title='bbox 206 4285 228 4334; x_wconf 90' lang='lat'>1.</span> <span class='ocrx_word' id='word_1_404' title='bbox 250 4283 379 4349; x_wconf 72' lang='lat' dir='ltr'>proeaees</span> <span class='ocrx_word' id='word_1_405' title='bbox 396 4281 532 4350; x_wconf 72' lang='grc' dir='ltr'>λέγεσθαι.</span> <span class='ocrx_word' id='word_1_406' title='bbox 567 4284 631 4334; x_wconf 82' lang='lat' dir='ltr'>Editi</span> <span class='ocrx_word' id='word_1_407' title='bbox 680 4282 775 4332; x_wconf 90' lang='lat' dir='ltr'>locum:</span> <span class='ocrx_word' id='word_1_408' title='bbox 793 4273 888 4342; x_wconf 73' lang='grc' dir='ltr'>εὔηθές</span> <span class='ocrx_word' id='word_1_409' title='bbox 897 4275 972 4331; x_wconf 76' lang='grc' dir='ltr'><em>ἐστιν</em></span> <span class='ocrx_word' id='word_1_410' title='bbox 982 4274 997 4341; x_wconf 70' lang='grc' dir='ltr'><em>ἦ</em></span> <span class='ocrx_word' id='word_1_411' title='bbox 1010 4273 1121 4342; x_wconf 74' lang='grc' dir='ltr'>τοιαύτη</span> <span class='ocrx_word' id='word_1_412' title='bbox 1129 4275 1184 4349; x_wconf 83' lang='grc' dir='ltr'>γὰρ</span> <span class='ocrx_word' id='word_1_413' title='bbox 1193 4275 1263 4348; x_wconf 78' lang='grc' dir='ltr'>μετὰ</span> 
     </span>
     <span class='ocr_line' id='line_1_42' title="bbox 65 4339 1264 4432; baseline 0.002 -36"><span class='ocrx_word' id='word_1_414' title='bbox 65 4355 86 4396; x_wconf 85' lang='lat' dir='ltr'>et</span> <span class='ocrx_word' id='word_1_415' title='bbox 102 4350 136 4400; x_wconf 86' lang='lat' dir='ltr'>olii</span> <span class='ocrx_word' id='word_1_416' title='bbox 152 4353 229 4403; x_wconf 82' lang='lat' dir='ltr'>rectius</span> <span class='ocrx_word' id='word_1_417' title='bbox 245 4347 375 4418; x_wconf 73' lang='grc' dir='ltr'>γίνεσθαι</span> <span class='ocrx_word' id='word_1_418' title='bbox 392 4361 492 4403; x_wconf 87' lang='lat' dir='ltr'>tantum.</span> <span class='ocrx_word' id='word_1_419' title='bbox 679 4339 970 4417; x_wconf 76' lang='grc' dir='ltr'><strong><em>ιῖσεβείαςμωρολογῖα</em></strong></span> <span class='ocrx_word' id='word_1_420' title='bbox 979 4345 1264 4432; x_wconf 57' lang='grc' dir='ltr'>μαινομένωνκαὶπα-</span> 
     </span>
     <span class='ocr_line' id='line_1_43' title="bbox 99 4409 1265 4486; baseline 0.003 -22"><span class='ocrx_word' id='word_1_421' title='bbox 99 4431 117 4464; x_wconf 86' lang='lat' dir='ltr'>e.</span> <span class='ocrx_word' id='word_1_422' title='bbox 132 4415 170 4468; x_wconf 76' lang='lat' dir='ltr'>soi</span> <span class='ocrx_word' id='word_1_423' title='bbox 184 4416 311 4484; x_wconf 70' lang='grc' dir='ltr'>βλέποντα</span> <span class='ocrx_word' id='word_1_424' title='bbox 330 4423 386 4484; x_wconf 83' lang='lat' dir='ltr'>[leg.</span> <span class='ocrx_word' id='word_1_425' title='bbox 405 4429 429 4470; x_wconf 81' lang='lat' dir='ltr'>et</span> <span class='ocrx_word' id='word_1_426' title='bbox 447 4420 546 4483; x_wconf 83' lang='lat' dir='ltr'>Seguer.</span> <span class='ocrx_word' id='word_1_427' title='bbox 680 4411 969 4486; x_wconf 72' lang='grc' dir='ltr'>ρεξεστηκότωνίστίν,</span> <span class='ocrx_word' id='word_1_428' title='bbox 986 4409 1075 4486; x_wconf 66' lang='lat' dir='ltr'>draps</span> <span class='ocrx_word' id='word_1_429' title='bbox 1088 4414 1117 4468; x_wconf 71' lang='lat' dir='ltr'>di</span> <span class='ocrx_word' id='word_1_430' title='bbox 1128 4415 1170 4475; x_wconf 83' lang='lat' dir='ltr'>rai,</span> <span class='ocrx_word' id='word_1_431' title='bbox 1183 4419 1265 4469; x_wconf 89' lang='lat' dir='ltr'>multis</span> 
     </span>
     <span class='ocr_line' id='line_1_44' title="bbox 94 4481 1266 4560; baseline 0.001 -26"><span class='ocrx_word' id='word_1_432' title='bbox 94 4483 112 4560; x_wconf 70' lang='lat' dir='ltr'>l.</span> <span class='ocrx_word' id='word_1_433' title='bbox 128 4486 209 4549; x_wconf 67' lang='lat' dir='ltr'>segne·</span> <span class='ocrx_word' id='word_1_434' title='bbox 228 4491 325 4540; x_wconf 83' lang='lat' dir='ltr'>Gohler.</span> <span class='ocrx_word' id='word_1_435' title='bbox 343 4497 367 4540; x_wconf 83' lang='lat' dir='ltr'>at</span> <span class='ocrx_word' id='word_1_436' title='bbox 386 4489 490 4539; x_wconf 80' lang='lat' dir='ltr'>Felohm.</span> <span class='ocrx_word' id='word_1_437' title='bbox 505 4489 527 4539; x_wconf 88' lang='lat'>1.</span> <span class='ocrx_word' id='word_1_438' title='bbox 544 4487 625 4537; x_wconf 82' lang='grc' dir='ltr'><em>τοῦτο</em></span> <span class='ocrx_word' id='word_1_439' title='bbox 678 4490 784 4538; x_wconf 88' lang='lat' dir='ltr'>omissis.</span> <span class='ocrx_word' id='word_1_440' title='bbox 820 4489 876 4538; x_wconf 88' lang='lat' dir='ltr'>Post</span> <span class='ocrx_word' id='word_1_441' title='bbox 893 4481 1131 4556; x_wconf 69' lang='grc' dir='ltr'>παρεξεστηκότων</span> <span class='ocrx_word' id='word_1_442' title='bbox 1148 4487 1206 4539; x_wconf 85' lang='lat' dir='ltr'>edit.</span> <span class='ocrx_word' id='word_1_443' title='bbox 1220 4487 1266 4536; x_wconf 82' lang='lat' dir='ltr'>Po-</span> 
     </span>
     <span class='ocr_line' id='line_1_45' title="bbox 70 4548 1056 4623; baseline -0.002 -15"><span class='ocrx_word' id='word_1_444' title='bbox 70 4561 129 4614; x_wconf 58' lang='lat' dir='ltr'>thus</span> <span class='ocrx_word' id='word_1_445' title='bbox 150 4557 216 4608; x_wconf 86' lang='lat' dir='ltr'>uiuus</span> <span class='ocrx_word' id='word_1_446' title='bbox 232 4566 306 4610; x_wconf 85' lang='lat' dir='ltr'>reete.</span> <span class='ocrx_word' id='word_1_447' title='bbox 340 4558 393 4610; x_wconf 81' lang='lat' dir='ltr'>hor</span> <span class='ocrx_word' id='word_1_448' title='bbox 411 4559 468 4621; x_wconf 85' lang='lat' dir='ltr'>lteg.</span> <span class='ocrx_word' id='word_1_449' title='bbox 486 4557 625 4621; x_wconf 83' lang='lat' dir='ltr'>Seguerisn.</span> <span class='ocrx_word' id='word_1_450' title='bbox 677 4559 719 4608; x_wconf 87' lang='lat' dir='ltr'>ris.</span> <span class='ocrx_word' id='word_1_451' title='bbox 738 4556 809 4608; x_wconf 75' lang='lat' dir='ltr'>hahet</span> <span class='ocrx_word' id='word_1_452' title='bbox 826 4548 867 4606; x_wconf 77' lang='grc' dir='ltr'>ἔτι</span> <span class='ocrx_word' id='word_1_453' title='bbox 884 4571 929 4623; x_wconf 88' lang='lat' dir='ltr'>pro</span> <span class='ocrx_word' id='word_1_454' title='bbox 946 4549 1029 4608; x_wconf 73' lang='grc' dir='ltr'><em>ἐστίν.</em></span> <span class='ocrx_word' id='word_1_455' title='bbox 1053 4565 1056 4572; x_wconf 57' lang='lat'>¹</span> 
     </span>
    </p>
   </div>
   <div class='ocr_carea' id='block_1_4' title="bbox 0 0 1520 5044">
    <p class='ocr_par' dir='ltr' id='par_1_6' title="bbox 0 0 1520 5044">
     <span class='ocr_line' id='line_1_46' title="bbox 0 0 1520 5044; baseline 0 0"><span class='ocrx_word' id='word_1_456' title='bbox 0 0 1520 5044; x_wconf 95' lang='lat' dir='ltr'> </span> 
     </span>
    </p>
   </div>
  </div>
 </body>
</html>
