3088 5024
431 319 546 365 corros
562 321 780 366 arouurnsmmr
796 323 882 366 uranu
898 323 930 368 ιι.
1089 325 1091 332 ’
1231 309 1295 374 927

64 495 118 558 pus
141 471 258 535 Domini
282 471 428 534 advitam
451 472 541 535 nohis
564 472 665 535 datum
688 473 737 536 sit.
771 473 808 535 Et
829 474 932 536 Esatas
955 475 991 536 de
1012 473 1075 536 Deo
1098 477 1217 555 quidem
1232 477 1383 540 cia-roso.

66 585 124 640 mat
144 576 264 638 dicens:
287 575 369 639 Deus
383 593 521 655 mopsus,
545 586 699 648 aeternus,
723 581 776 656 qut
788 581 964 639 constructi
980 583 1295 653 summitates-terroe,

67 699 127 744 iton
149 681 265 741 esuriet
286 697 380 758 oeque
402 678 584 757 sattqoia'tur
606 686 662 739 etc.
706 678 749 739 De
770 678 914 756 passione
930 686 1044 740 autem:
1067 680 1174 754 Homo,
1198 687 1251 764 qut
1263 687 1297 744 to

64 781 160 862 piaqr's
184 791 237 850 est,
260 792 289 843 et
310 783 408 841 aciem
432 779 568 842 tolerare
590 781 807 859 infirmitatem.
853 780 932 852 Quid
954 779 1011 842 sihi
1035 782 1095 843 nuit
1116 783 1204 844 iilud:
1228 783 1295 846 Sci-

66 902 116 946 ens
141 882 275 945 tolerare
295 878 530 965 infirmitatem?
552 880 582 942 id
605 891 667 955 est,
691 900 726 942 ex
749 899 802 955 eo,
826 881 877 961 qui
899 899 1008 962 possus
1032 890 1088 957 est,
1111 885 1294 964 passibilitas

65 990 323 1046 courmonstratnr.
367 981 529 1061 Rroptereo
560 982 639 1043 enim
667 983 722 1044 ait:
752 983 857 1048 Scribe
886 985 966 1064 stylo
996 984 1123 1047 iomanis
1156 986 1186 1046 in
1216 1005 1294 1048 novo

66 1085 165 1146 codice
187 1093 217 1146 et
238 1101 298 1146 non
321 1083 419 1145 carnis
442 1085 536 1145 forma
559 1085 698 1146 carentis.
742 1085 780 1146 Et
795 1086 955 1164 Apostolus
978 1085 1064 1148 dicit:
1086 1087 1183 1150 Homo
1203 1089 1295 1154 Citri-

66 1196 130 1248 stus
144 1185 248 1256 -ie'sus,
271 1190 325 1267 qui
346 1185 425 1247 dedit
448 1189 639 1265 semetipsum
658 1205 719 1268 pro
742 1187 838 1249 nodis.
882 1187 1012 1266 ideoque
1034 1187 1077 1262 ei,
1108 1188 1159 1267 qui
1181 1207 1218 1250 ex
1240 1207 1377 1252 se-rner.

65 1289 143 1349 mine
164 1287 254 1348 David
278 1297 375 1358 ortum
388 1287 500 1360 duxit,
523 1287 772 1349 resurrectionem
795 1288 896 1352 adiicit
916 1291 1079 1352 secundum
1102 1308 1223 1352 cernon
1245 1289 1292 1352 to-

65 1389 193 1470 quendo,
216 1389 253 1451 de
274 1388 425 1450 divinitate
447 1397 546 1450 eutem
569 1388 650 1450 eius:
677 1389 781 1454 Vivum
800 1402 847 1452 est
867 1393 954 1463 enim,
978 1389 1028 1465 ait,
1055 1390 1180 1454 Verium
1194 1392 1253 1454 Dei
1265 1403 1294 1456 et

65 1493 177 1572 officum
200 1501 228 1552 et
247 1489 468 1571 penetrabilius
493 1495 576 1552 omrai
594 1492 695 1571 plodio
718 1496 853 1572 ancipiti.
900 1492 978 1565 Quin
1002 1501 1032 1554 et
1053 1492 1198 1555 Dominus
1219 1511 1292 1572 paa-

64 1595 178 1654 sionem
201 1593 232 1653 io
254 1591 314 1653 titio
336 1592 467 1653 hominis
490 1592 601 1667 statuit,
624 1593 703 1672 quod
727 1594 890 1655 secundum
914 1611 1033 1656 carnem
1052 1594 1097 1673 aqi
1114 1593 1233 1668 indicat,
1256 1595 1293 1656 de

65 1695 215 1756 divinitate
236 1703 334 1755 autem
357 1713 410 1756 sua
433 1693 529 1755 dicite
542 1695 604 1774 qu
628 1706 656 1756 et
678 1695 770 1760 Pater
791 1713 889 1758 unum
911 1713 1025 1768 sumus,
1049 1703 1079 1756 et
1100 1696 1192 1758 Nemo
1209 1700 1294 1758 nouit

65 1795 174 1857 Fitr'um
198 1799 263 1876 quis
286 1800 326 1857 sit
348 1800 410 1858 nisi
428 1796 514 1858 sotus
530 1796 633 1858 Pater.
670 1796 820 1876 Nusquam
843 1806 941 1860 autem
963 1797 1137 1876 sanguinem
1153 1796 1206 1858 Dei
1221 1795 1292 1858 abs-

63 1915 121 1975 que
143 1915 230 1958 carne
251 1895 439 1958 tradiderunt
459 1897 646 1976 Scripturas,
676 1897 721 1960 vei
742 1897 835 1964 Deum
859 1917 913 1978 per
934 1917 1052 1960 carnem
1075 1917 1197 1977 passum
1226 1915 1294 1960 esse

64 2009 95 2058 et
117 1999 326 2060 resurrexisse.
370 1999 546 2060 atrianorum
569 2007 641 2060 sunt
662 1999 834 2061 huiusmodi
857 2019 958 2074 ausus,
982 1999 1221 2080 quandoquidem
1236 2017 1293 2060 ne-

63 2117 121 2178 que
143 2117 244 2160 verum
267 2099 359 2161 Deum
382 2099 487 2161 Filium
510 2099 562 2161 Dei
586 2119 653 2164 esse
676 2101 865 2163 confitentur.
910 2101 1017 2162 Sacrae
1034 2119 1105 2161 vero
1123 2100 1294 2180 Scripturas

63 2203 93 2262 io
117 2219 205 2262 carne
226 2201 280 2264 Dei
303 2209 333 2262 et
355 2202 451 2264 carnis
472 2201 525 2262 Dei
548 2202 679 2264 hominis
702 2204 770 2264 iacti
794 2201 967 2280 sangarinem
991 2209 1022 2262 et
1036 2201 1209 2281 passionem
1225 2219 1294 2264 esse

62 2303 233 2382 praedicant
253 2321 370 2364 necnon
392 2303 642 2366 resurrectionem
666 2303 802 2383 eorporis
825 2303 890 2376 Dei,
914 2321 1021 2383 nempe
1042 2304 1292 2365 resurrectionem

64 2423 99 2464 ex
126 2404 254 2465 mortuis
277 2405 390 2466 iactam.
442 2405 501 2466 Vos
530 2423 600 2466 vero
630 2403 803 2484 oppositum
832 2403 946 2476 dicitis,
981 2403 1064 2482 quasi
1094 2403 1292 2483 sapientiores

61 2505 226 2584 Apostoiis,
249 2505 281 2567 in
304 2506 452 2585 mysteriis
475 2505 624 2566 doctiores
646 2505 814 2584 Prophetis,
838 2504 1075 2583 praestantiores
1098 2504 1293 2584 Evangelistis
1409 2541 1418 2554 ·

62 2607 191 2685 ipsoque
212 2607 338 2668 Domino
361 2606 535 2668 auctoritate
559 2605 722 2686 graviores,
745 2606 946 2683 ementitaque
968 2604 1015 2664 itta
1037 2605 1197 2666 verborum
1220 2623 1292 2684 spe·

61 2709 104 2768 cie
128 2707 281 2786 abnegatis
303 2707 422 2785 quidem
443 2707 613 2780 veritatem,
642 2715 745 2768 contra
775 2706 893 2767 deitatis
922 2723 993 2765 vero
1016 2706 1220 2766 oeconomiam
1243 2704 1293 2766 lo·

61 2807 198 2885 quimini,
221 2827 295 2887 quae
319 2809 349 2870 in
372 2809 465 2870 Cruce
487 2811 551 2888 ipsa
573 2808 685 2887 liquido
709 2817 840 2888 apparet,
864 2823 931 2868 cum
953 2805 983 2866 in
1007 2805 1155 2867 effusione
1173 2805 1292 2886 quidem

61 2909 217 2988 sangrrinis
241 2927 359 2971 carnem
380 2911 486 2972 edesse
508 2911 720 2983 confirmetur,
744 2927 869 2992 cumque
891 2925 949 2970 vox
973 2907 1051 2968 edita
1073 2916 1103 2969 et
1124 2909 1220 2970 anima
1243 2907 1292 2968 in·

62 3011 157 3072 dicata
182 3029 241 3071 nun
264 3011 383 3074 deitatis
400 3013 617 3091 separationem
634 3013 814 3085 manifestet,
832 3011 887 3072 sed
903 3008 1039 3089 corporis
1054 3017 1181 3072 mortem
1198 3009 1293 3090 signi·

59 3113 145 3185 ficet,
170 3131 237 3174 com
261 3113 355 3176 deitas
378 3132 474 3194 neque
495 3131 604 3193 corpus
627 3113 657 3174 in
681 3113 817 3194 sepulcro
842 3113 995 3174 desereret
1019 3129 1115 3190 neque
1138 3110 1174 3172 ab
1197 3111 1294 3173 anima

60 3213 90 3274 io
113 3215 221 3276 inieris
243 3223 440 3295 separaretur.
483 3215 558 3277 iliud
579 3215 658 3277 enim
681 3223 744 3288 est,
775 3214 855 3294 quod
879 3214 988 3298 dictum
1012 3222 1060 3274 est
1080 3231 1134 3292 per
1156 3213 1294 3293 Prophe·

60 3323 122 3380 tas:
154 3316 223 3380 Nou
252 3317 439 3398 derelinques
469 3321 599 3379 animam
625 3335 721 3380 meum
741 3320 775 3378 ia
798 3316 938 3395 inferno,
968 3333 1021 3376 uec
1050 3315 1134 3380 dedis
1156 3325 1296 3378 sanctum

60 3553 128 3670 guar.
156 3520 226 3650 gipes}
250 3535 324 3652 dds-ari
347 3531 412 3616 δίχα,
441 3529 549 3615 caparis.
591 3535 653 3652 Εάιίῑί
706 3537 756 3652 ci.
774 3537 890 3648 “segnem
909 3531 1006 3646 Zoitia
1037 3541 1060 3581 et
1073 3531 1206 3647 {micuerit
1217 3533 1239 3581 1.
1258 3529 1296 3648 0τέ
1346 3553 1348 3556 ·

58 3617 241 3722 ῧοκαΝνῃειξίῗιε
260 3618 317 3736 t‘o‘iqit
327 3615 442 3732 ⁶593&
466 3618 655 3738 gasaggq}
706 3607 948 3718 Eliiiivpeioi'tdiieri
964 3612 1297 3784 ωέἕνητεζὲωσβένῃῒξζχΐ

57 3733 202 3794 παθόντα,
222 3743 294 3790 vertit
312 3742 375 3790 enirn
393 3743 429 3790 aei
443 3743 513 3791 veum
525 3743 584 3791 citro
601 3753 653 3789 cor·
706 3733 781 3814 ΕΜ]
798 3728 927 3814 inquisita
945 3724 1112 3810 iinmeiatrp
1131 3733 1238 3801 comm]
1256 3747 1268 3786 ε

57 3825 109 3858 oeni
126 3812 269 3872 potionari,
295 3823 356 3872 quaa
374 3810 445 3859 tectio
470 3823 584 3870 germana
602 3809 652 3856 ior·
705 3817 808 3872 φημιᾳ,
828 3813 1041 3867 απαρνουμενοι.
1088 3829 1094 3839 ·

56 3873 262 4020 temtari:
280 3882 655 4022 iiiititdittttsiiif
706 3897 1298 4040 ,ηῑαζςῇξῑηξξξζῑςξνςῑςςξ,Βῗξςζιῖς

56 4026 111 4060 “²¹⁰
129 4018 373 4088 ‚²¹¹'¹¹¹.⁸⁰¹¹²⁰¹¹¹¹³¹⁰
398 4010 466 4059 θεον
490 4005 536 4057 δια
555 4022 655 4077 “aem
704 4045 805 4103 Sequor.
842 4041 903 4090 Editi
922 4053 977 4090 vero
996 4039 1133 4104 etquidem
1155 4039 1297 4089 insomnit-

55 4079 194 4126 nouom
211 4079 332 4143 improbat
351 4081 424 4143 panto
443 4087 521 4138 antea,
540 4093 587 4128 non
606 4093 654 4142 quo
705 4117 758 4161 mm
775 4101 822 4157 καὶ
838 4105 929 4174 ψψῖς
951 4101 1160 4173 mmmm·
1204 4105 1295 4158 Ibidem

57 4156 133 4208 neget
153 4147 233 4210 ipsum
253 4147 354 4197 Verbum
373 4161 416 4196 eu
436 4160 566 4224 persenam
585 4144 654 4196 Verbi
706 4178 804 4230 0⁰th
823 4175 997 4228 Memmi
1033 4168 1227 4240 mamam,
1251 4167 1298 4224 m

56 4228 162 4278 possem
187 4229 256 4274 esse,
284 4214 327 4264 sed
357 4229 404 4279 quo
429 4215 654 4278 apollinaristarum
825 4237 832 4254 ι
922 4245 926 4253 .
957 4243 962 4254 .
1056 4243 1069 4253 .,

56 4283 158 4340 errori,
181 4283 221 4345 qni
240 4283 316 4346 ipsum
337 4283 453 4346 putabunt
470 4282 581 4332 deitatem
601 4295 655 4330 erse
703 4255 859 4312 WWW'
880 4258 976 4294 ⁰⁰¹¹⁵⁸¹⁸
999 4245 1093 4292 mmm·

57 4363 173 4414 passam,
192 4349 288 4399 citiciat.
743 4348 766 4395 h.
786 4345 886 4408 Segusa.
906 4345 1003 4396 Gobier.
1024 4353 1047 4394 et
1065 4343 1169 4394 nereum.
1189 4342 1211 4392 l.
1231 4335 1297 4392 daro-

91 4433 115 4466 e.
137 4418 240 4477 Sequar.
266 4415 364 4468 coutet.
392 4425 416 4467 et
433 4416 537 4468 Feiciim.
552 4417 574 4465 1.
592 4405 657 4462 ἄνα-
706 4409 872 4479 λειπομένης.
911 4413 963 4462 ttnx
981 4427 1066 4462 omnes
1084 4402 1210 4480 mseyrip
1228 4403 1294 4461 ἔστι.

57 4477 189 4536 στάσεως
204 4480 354 4552 γενομένης
370 4479 399 4534 ἐκ
416 4483 527 4550 νεκρῶν.
557 4484 618 4532 Editi
634 4491 658 4532 et
708 4482 769 4532 Editi
787 4475 842 4546 γὰρ
860 4472 908 4528 ἔτι.
1019 4488 1021 4494 ’

56 4555 100 4604 atii
128 4543 285 4602 ἀνάστασιν
314 4547 343 4602 ἐν
364 4553 469 4620 νεκρῶν
495 4547 654 4618 γενομένην.

836 4828 897 4839 .-

966 4852 1219 4982 Q
