3110 5064
346 383 492 426 nrrsrona
506 385 544 426 nn
560 383 703 426 oacnsrrs
720 385 863 428 areanum
880 385 997 428 srnoor.
1242 370 1284 434 49

82 541 169 595 natura
189 533 332 606 exoritur,
355 533 539 612 significasti.
584 534 652 616 Sive
675 533 802 596 Verbum
823 555 890 597 esse
912 535 1104 612 cogitaveriS,
1126 554 1232 597 rursus
1255 536 1285 598 id
1293 549 1371 596 nne.

81 635 146 712 quod
174 653 206 694 ex
237 633 286 694 illo
320 634 451 695 nascitur
478 643 508 696 et
536 635 571 696 ab
595 635 700 696 eodem
723 636 825 714 nequit
847 637 995 715 separari,
1023 632 1167 716 cogitasti.
1212 637 1285 702 Cum

81 735 138 795 item
158 734 332 814 Sapientiam
362 753 429 796 eum
457 735 603 814 appellas,
633 735 706 796 nihil
729 755 801 798 sane
824 746 991 810 externum,
1021 739 1074 798 sed
1096 737 1126 798 id
1149 738 1229 816 quod
1251 757 1286 798 ex

81 836 121 896 illo
146 843 172 896 et
196 835 225 896 in
248 835 299 896 illo
322 845 386 908 est,
414 835 557 910 denotas;
586 835 723 897 similiter
744 837 770 897 si
794 838 931 898 virtutem
955 847 985 898 et
1006 857 1125 900 manum
1148 857 1214 900 eum
1238 838 1285 900 di·

81 936 155 1010 ren‘s,
175 936 252 1020 qood
273 937 429 1016 proprium
451 945 498 998 est
519 945 659 1008 nonnae,
683 937 842 1014 significas.
887 937 1018 1017 Denique
1040 958 1106 1000 eum
1130 939 1286 1018 imaginem

80 1037 146 1097 illum
170 1037 321 1111 nominas,
347 1037 453 1098 Filium
483 1057 551 1099 esse
578 1038 724 1099 indicasti.
770 1039 848 1112 Quid
877 1038 956 1101 enirn
985 1039 1080 1101 simile
1107 1039 1169 1100 Deo
1198 1040 1287 1102 luerit

80 1145 178 1216 praeter
197 1137 236 1210 id,
261 1138 340 1218 quod
364 1158 400 1199 ex
422 1138 471 1198 illo
494 1136 645 1217 gignitur?
690 1138 776 1200 Certe
799 1159 874 1218 quae
894 1159 950 1220 per
965 1139 1093 1202 Verbum
1116 1142 1190 1200 laeta
1206 1149 1285 1214 sunt,

80 1238 140 1299 laec
158 1239 255 1300 eadem
279 1239 421 1318 sapientia
444 1248 514 1300 sont
535 1239 664 1300 lundata.
708 1239 746 1301 Et
768 1258 843 1319 quae
866 1241 895 1302 in
912 1242 1057 1320 sapientia
1072 1241 1190 1302 lundata
1207 1248 1286 1313 suot,

80 1338 255 1401 haecomnia
276 1339 307 1400 in
329 1359 418 1401 manu
440 1349 512 1402 sunt
534 1342 609 1400 lacta
630 1360 664 1401 ao
685 1359 739 1419 per
753 1341 859 1402 Filium
882 1341 1000 1403 eondita
1023 1350 1102 1404 sont.
1139 1343 1201 1410 Neo
1216 1359 1286 1403 vero

79 1447 105 1499 ut
122 1441 186 1502 haee
205 1440 379 1520 prohemus,
401 1449 572 1520 argumenta
597 1441 782 1503 extrinsecus
805 1444 932 1504 mutuari
955 1463 1031 1522 opus
1054 1443 1158 1512 luerit,
1182 1442 1236 1504 sed
1256 1441 1285 1502 id

80 1557 107 1598 er
127 1539 281 1619 seripturis
304 1541 415 1604 clarum
439 1551 494 1602 est.
539 1542 690 1621 Siquidem
714 1543 778 1620 ipse
800 1541 879 1604 [leus
901 1563 955 1623 per
971 1545 1089 1606 Esaiam
1110 1543 1285 1622 proplietam

78 1640 148 1700 dicit:
173 1641 284 1703 Munus
312 1660 377 1702 meo
402 1643 545 1720 fundavit
569 1653 700 1715 terram,
734 1653 763 1704 et
786 1645 910 1706 deutero
931 1665 995 1706 mea
1017 1645 1154 1725 firmavit
1178 1643 1285 1704 coelos.

79 1739 107 1800 Et
130 1759 242 1804 rursus:
272 1741 311 1802 Et
341 1744 396 1803 aab
424 1745 533 1804 umbra
559 1762 669 1804 monus
697 1761 778 1806 meae
798 1757 956 1824 protegam
978 1755 1020 1816 te,
1049 1750 1082 1806 r'n
1105 1763 1164 1824 qna
1186 1743 1285 1804 caelos

79 1847 205 1904 constitui
230 1854 260 1905 et
291 1853 407 1904 terram
433 1844 574 1922 fundavi.
617 1842 708 1904 David
739 1853 854 1916 aulona,
878 1846 927 1923 qui
951 1847 1052 1906 eadem
1075 1845 1198 1906 edoctus
1222 1861 1286 1904 ma-

78 1959 134 2000 num
155 1943 246 2022 ipsam
271 1961 340 2004 esse
364 1942 538 2022 sapientiam
561 1953 698 2014 noverat,
722 1947 859 2006 canebat:
886 1946 1048 2007 Ummidio
1066 1949 1215 2026 sapientia
1237 1944 1287 2023 se-

77 2045 145 2103 o'sta':
171 2045 297 2124 empleto
325 2054 371 2106 est
393 2054 480 2106 terro
503 2049 656 2106 creatione
678 2055 742 2107 tna.
788 2046 956 2108 Salomonis
979 2065 1112 2126 quoque,
1136 2045 1185 2125 qui
1208 2045 1286 2106 idem

77 2142 159 2202 alteo
180 2151 350 2224 acceperat,
380 2145 454 2206 haee
481 2155 550 2208 sunt
577 2146 681 2206 verba:
710 2147 792 2208 Dens
821 2153 970 2230 sapientia
991 2150 1135 2226 [aanduoa't
1158 2157 1285 2208 terram.

77 2241 181 2306 loannes
201 2247 276 2307 item
299 2264 359 2306 non
381 2245 533 2324 ignorans,
555 2246 683 2308 Verbum
706 2265 824 2308 manum
848 2249 1071 2328 etsapiontiam
1088 2267 1165 2319 esse,
1187 2245 1287 2306 Evan-

78 2343 166 2419 gelium
192 2347 231 2408 ita
256 2347 389 2408 orditur:
419 2347 458 2407 ln
478 2351 631 2428 principio
655 2359 722 2409 erat
750 2348 889 2420 Verbum,
913 2361 941 2412 et
970 2350 1094 2412 Verbum
1116 2359 1183 2410 erat
1205 2347 1288 2426 apud

77 2445 169 2518 deum,
200 2459 229 2511 at
257 2448 342 2509 Dana
375 2461 442 2510 erat
474 2447 612 2510 Verbum:
650 2449 705 2510 boa
733 2463 801 2512 erat
829 2455 860 2511 a'n
887 2453 1040 2530 principio
1070 2450 1152 2530 apud
1181 2447 1286 2508 Deum.

79 2545 168 2608 Omraiu
186 2567 243 2628 per
267 2553 370 2628 ipsum
391 2549 570 2626 factasunt
592 2560 620 2609 et
643 2554 708 2610 sine
730 2554 795 2628 apso
818 2551 935 2628 saeuam
956 2563 1001 2613 est
1023 2550 1109 2611 attat.
1154 2550 1371 2628 Aposto-ma,

77 2641 114 2703 lus
132 2647 270 2728 denique,
295 2649 342 2710 cui
364 2657 551 2727 perspectum
574 2667 692 2728 quoque
714 2657 786 2720 erat,
810 2669 940 2722 manum,
963 2649 1138 2727 sapientiam
1162 2656 1192 2708 et
1213 2649 1285 2708 Ver-

75 2741 132 2808 bum
151 2750 245 2828 ipsum
265 2767 335 2810 esse
351 2749 466 2822 Filium,
489 2750 533 2810 sie
546 2749 692 2834 loquitur:
716 2750 921 2829 Multisara‘om
934 2750 1095 2828 multisque
1109 2750 1204 2810 modis
1217 2747 1289 2809 olim

75 2845 144 2908 bens
172 2851 292 2912 loeutus
319 2853 461 2930 patribus
483 2855 515 2910 in
534 2852 710 2930 prophetis,
740 2854 773 2910 in
796 2863 929 2912 extremo
953 2851 1067 2912 dierum
1091 2855 1220 2911 istorum
1242 2849 1284 2910 lo-

78 2959 151 3010 eutus
171 2962 214 3012 est
236 2952 327 3014 nobie
349 2955 382 3012 a'n
404 2951 490 3018 Filio.
514 2971 600 3032 quem
623 2955 782 3013 constitnit
804 2952 961 3014 boeredem
982 2957 1209 3022 unr'oersornm,
1229 2967 1288 3028 per

78 3067 146 3124 pacm
167 3057 254 3113 etlam
278 3051 350 3128 feeit
373 3051 503 3113 saecula.
548 3051 584 3112 Et
606 3052 729 3113 iterum:
756 3051 839 3114 Uarus
862 3053 1011 3114 Dominus
1035 3053 1121 3115 lesus
1140 3053 1288 3120 Christus,

74 3166 121 3223 per
138 3169 217 3230 paron
241 3156 354 3222 omnio,
378 3161 407 3213 et
429 3171 484 3214 nos
505 3157 695 3234 peraptum.
740 3153 812 3214 Cum
835 3163 932 3214 autern
956 3154 1034 3214 idern
1050 3151 1209 3230 Apostolus
1228 3168 1291 3210 non

78 3247 218 3324 ignoraret,
242 3252 389 3324 Verbum,
414 3253 594 3331 Sapientiam
617 3264 647 3314 et
668 3254 773 3315 Filium
796 3255 890 3334 ipsam
915 3273 982 3315 esso
1004 3254 1099 3314 Patris
1123 3252 1289 3330 imaginem,

78 3347 136 3410 haee
156 3351 241 3414 babet
264 3352 390 3431 epistola
414 3353 451 3413 ad
473 3355 686 3415 colossenses:
712 3355 833 3418 Grotius
855 3367 975 3434 epentes
993 3355 1053 3416 Deo
1078 3368 1104 3416 et
1120 3353 1217 3425 Patri,
1240 3357 1294 3433 qui

79 3449 167 3528 dignos
194 3473 250 3516 uos
279 3456 353 3534 serit
381 3459 582 3516 annumerari
603 3461 635 3516 in
653 3467 744 3534 parte
767 3460 860 3517 sortis
885 3467 1059 3518 sanatorum
1083 3459 1113 3514 a‘n
1138 3455 1216 3523 luae,
1239 3458 1293 3534 qui

79 3557 174 3631 eripuit
195 3573 251 3618 noa
275 3555 310 3616 de
330 3565 480 3634 potestate
504 3557 708 3625 tenebrarum,
732 3567 762 3617 et
784 3557 946 3620 transtulit
968 3561 1000 3617 in
1016 3570 1141 3634 repnum
1159 3554 1229 3615 Fr'lr'r‘
1243 3555 1290 3614 dt-

79 3649 196 3716 leatiom's
220 3674 305 3729 suae,
329 3659 362 3715 in
383 3675 440 3736 qno
464 3658 605 3718 babemus
629 3659 848 3727 redemtionem,
871 3663 1075 3718 remissionem
1085 3667 1290 3736 peecatorum,

78 3757 121 3829 qul
136 3767 178 3816 est
199 3761 296 3835 rampo
319 3756 378 3816 Dei
397 3757 568 3828 inorsibr'la's,
589 3762 809 3837 primogenitus
832 3763 928 3819 omnis
951 3770 1123 3828 creaturae,
1149 3759 1292 3836 quoniam

79 3855 182 3934 inipso
206 3859 329 3920 condita
351 3869 423 3920 aurat
444 3864 600 3931 aretinense,
625 3877 699 3938 quoe
722 3863 754 3920 a'n
779 3859 866 3920 caelis
890 3870 919 3920 at
940 3863 973 3919 a'n
995 3869 1082 3919 tarro
1104 3865 1192 3925 sunt,
1215 3857 1291 3914 oasi-

79 3951 138 4016 bila'o
158 3969 184 4018 et
205 3957 387 4030 invisibilia,
411 3963 475 4020 sine
500 3959 628 4034 Tironi,
652 3965 714 4020 siue
737 3960 979 4030 Damnationem
1002 3964 1064 4020 sior
1088 3957 1290 4032 Prinnpotns,

78 4055 331 4127 immortates:
356 4063 457 4120 amatia
475 4080 534 4140 per
556 4065 656 4141 ipsum
678 4069 707 4120 at
729 4063 761 4121 in
783 4065 850 4142 ipso
873 4072 976 4122 ereata
999 4070 1086 4129 sunm
1112 4064 1139 4116 et
1162 4059 1225 4134 ipse
1247 4065 1292 4116 eat

79 4167 136 4217 uate
156 4163 271 4230 omna'a,
294 4169 324 4221 et
346 4165 446 4222 omnio
468 4165 500 4222 in
523 4166 589 4241 ipso
613 4173 762 4222 eorrstunt.
807 4161 844 4222 Ut
865 4161 943 4220 enirn
967 4157 1065 4219 omnia
1089 4174 1143 4235 per
1164 4153 1291 4216 Verbum

80 4267 160 4318 creata
182 4269 274 4334 sunt,
305 4259 361 4334 ita,
391 4279 457 4322 eum
487 4260 565 4322 idem
595 4263 636 4323 sit
662 4262 777 4340 imago,
808 4259 927 4338 inipso
951 4266 1289 4337 quoquesuntoreata.

81 4353 129 4426 Qui
147 4358 233 4439 igitur
255 4361 296 4422 ita
317 4361 355 4424 de
375 4361 502 4423 Domino
525 4362 671 4436 senserit,
702 4381 763 4424 non
787 4362 916 4444 offendet
938 4363 970 4420 in
995 4359 1123 4440 lapidem
1147 4360 1292 4442 offensio-

110 4523 128 4557 a.
145 4511 198 4574 lleg.
216 4504 286 4562 lare.
741 4530 761 4564 e.
782 4514 822 4562 Sic
840 4512 906 4574 llrg,
926 4521 948 4562 ot
969 4521 991 4562 et
1011 4513 1143 4563 hobetSrr'

107 4577 181 4628 uste
198 4581 256 4642 neg.
292 4581 369 4632 Ceteri
387 4594 442 4634 aare
462 4593 485 4634 et
503 4584 559 4634 aditi
576 4575 652 4649 ὅπερ.
707 4591 754 4632 tus.
790 4581 817 4630 ln
836 4581 889 4630 alus
909 4589 933 4630 et
950 4583 1021 4632 editis
1040 4575 1108 4641 arsa¹

109 4661 225 4710 transitu
239 4679 292 4710 ore.
306 4679 375 4712 noea.
389 4681 439 4714 sse.
1072 4667 1088 4714 4
