3048 5052
470 345 578 392 cmrrc
595 349 616 390 r.
632 347 748 392 conam
762 347 898 392 munos.
1230 335 1289 399 16¹1

94 504 148 576 est),
167 505 196 560 ut
213 494 332 560 llcminc
355 495 520 570 adiurante,
544 503 575 558 et
595 495 646 558 illo
668 505 702 558 ut
723 497 802 558 solet
822 497 851 560 ri
869 505 1111 579 argumentorum
1126 509 1376 580 prestruentes

89 599 137 680 ipsi
154 597 259 662 taudem
280 596 467 672 erubescant,
490 599 662 660 haerentem
683 598 840 674 ridentes,
863 601 914 680 qui
936 601 1085 664 haeresim
1105 602 1182 682 ipsis
1204 603 1289 666 iuce-

89 701 198 774 miuaril,
219 700 377 780 saltemque
399 699 444 762 vel
467 717 536 762 seru
559 700 685 776 discant,
712 719 777 776 ecs,
800 701 868 781 quia
888 703 988 765 Ariani
1010 699 1080 778 sint,
1103 703 1290 766 Christianos

87 819 136 862 usu
153 820 225 864 esse

156 1111 198 1169 ll.
239 1107 361 1170 [linistis
384 1107 474 1186 igitur
497 1116 527 1169 et
549 1107 684 1182 sentitis,
707 1106 757 1168 illo
781 1107 867 1170 vobis
890 1118 1086 1188 suggerente,
1117 1110 1211 1174 luisse
1232 1110 1288 1174 sli-

85 1207 191 1286 quando,
212 1227 276 1270 cum
299 1228 361 1270 non
384 1218 467 1271 esset
488 1209 593 1284 Filius,
616 1227 684 1271 nam
706 1209 766 1271 hcc
785 1209 915 1290 primum
939 1211 1030 1272 vestri
1053 1212 1213 1274 commenti
1235 1231 1287 1276 re·
1387 1291 1392 1298 ι

83 1307 131 1369 lum
155 1309 361 1372 detrabendum
391 1320 447 1372 est.
498 1311 576 1384 Quid
611 1329 681 1390 ergo
711 1311 766 1374 luit
794 1310 969 1391 aliquande,
1003 1331 1069 1374 cum
1102 1311 1195 1375 Filius
1228 1332 1290 1376 uun

83 1409 169 1471 esset?
194 1429 259 1473 uam
281 1412 356 1474 beec
375 1419 476 1475 restra
498 1421 570 1474 sunt
590 1412 697 1486 verbe,
728 1431 747 1473 ο
768 1413 904 1476 maledici
927 1421 957 1475 et
978 1413 1072 1493 impii.
1116 1414 1148 1476 Si
1169 1415 1289 1478 Patrem

82 1529 136 1572 esse
156 1513 356 1592 respondetis,
384 1515 481 1576 maior
502 1521 601 1576 vestre
623 1521 670 1576 est
692 1515 845 1595 impietas3
874 1516 956 1578 nelas
979 1517 1088 1596 quippe
1111 1525 1157 1578 est
1178 1517 1216 1578 de
1237 1516 1289 1579 illu

80 1611 170 1687 dicere,
189 1615 346 1695 aliquando
360 1616 426 1690 luit,
450 1617 495 1678 vel
516 1617 643 1680 eundem
666 1635 738 1678 voce
759 1617 923 1698 aliquando
947 1616 1124 1696 significare.
1155 1618 1288 1698 Namque
1329 1646 1333 1654 ·

81 1722 104 1772 et
120 1733 226 1796 semper
246 1725 279 1780 et
301 1735 379 1780 nunc
400 1725 457 1792 est,
480 1726 511 1780 et
531 1719 606 1780 Filio
630 1719 775 1780 existente
798 1727 861 1794 est3
883 1718 949 1799 ipse
972 1720 1084 1798 estqui
1100 1728 1155 1792 est,
1179 1728 1210 1782 et
1223 1719 1289 1780 Filii

79 1813 157 1877 Pater.
199 1818 230 1880 Si
251 1837 325 1880 vero
347 1819 551 1898 respondetis,
581 1820 687 1882 Filium
716 1819 809 1882 luisse
837 1819 1012 1900 aliquando,
1043 1839 1109 1882 cum
1141 1821 1207 1900 ipse
1229 1839 1290 1883 nou

80 1929 154 1990 esset,
174 1921 258 1983 stulta
284 1922 416 2001 prolecto
440 1931 470 1984 et
492 1924 569 1984 letus
592 1932 640 1984 est
660 1922 832 2004 responsio.
876 1923 949 1984 Nem
971 1922 1020 2003 qui
1036 1922 1101 1984 lieri
1122 1930 1233 2002 potest,
1257 1931 1290 1984 ut

79 2020 175 2100 etipse
195 2034 277 2086 esset
309 2032 339 2086 et
365 2024 446 2086 idem
474 2025 540 2104 ipse
563 2043 625 2086 non
648 2023 753 2086 esset?
795 2024 897 2104 ltaque
919 2025 1091 2087 nece'sssric
1121 2031 1228 2098 restat,
1257 2031 1291 2086 ut

77 2118 116 2182 bic
133 2124 307 2188 haesitantes
329 2127 556 2206 respondeatis,
579 2126 674 2188 luisse
695 2126 852 2206 aliquando
876 2136 1012 2206 tempus,
1035 2145 1102 2190 cum
1123 2144 1186 2188 non
1208 2133 1290 2188 esset

78 2221 194 2286 Verbum.
235 2227 305 2288 llcc
331 2227 408 2289 enim
431 2237 562 2290 vestrum
584 2227 755 2291 adverbium
778 2229 941 2310 aliqnando
965 2229 995 2290 id
1017 2249 1054 2292 ex
1077 2247 1111 2292 se
1132 2227 1288 2308 significat.

79 2323 150 2396 llucd
168 2327 235 2390 item
258 2347 367 2392 rursus
391 2329 573 2409 scripsistis:
603 2329 670 2392 Non
698 2337 761 2392 erat
781 2329 875 2392 Filius
903 2331 1075 2410 priusquam
1105 2338 1288 2403 nasceretur,

79 2424 141 2488 iden
159 2431 279 2492 omniuo
304 2439 351 2493 est
373 2450 407 2493 ac
428 2431 510 2506 illud,
532 2431 612 2511 quod
635 2431 749 2506 dicitis;
777 2431 845 2492 Fuit
866 2431 1039 2511 aliquando,
1062 2449 1130 2494 cum
1152 2449 1213 2492 uon
1236 2449 1288 2492 es·

78 2536 127 2602 set;
150 2532 294 2612 siquidem
328 2543 451 2614 uterque
472 2533 613 2614 loquendi
635 2532 743 2595 medus
766 2539 884 2612 tempus
907 2541 975 2594 ants
996 2531 1127 2593 Verbum
1149 2550 1217 2594 esse
1239 2530 1288 2594 iu-

78 2627 147 2691 dicat
186 2633 352 2697 Undenam
364 2635 453 2714 igitur
474 2636 549 2696 beec
569 2653 586 2696 a
608 2633 693 2696 vobis
717 2643 788 2695 sunt
809 2631 997 2711 excogitate?
1033 2633 1069 2693 Ut
1093 2632 1164 2711 quid
1185 2643 1215 2694 et
1236 2651 1290 2722 vos

77 2737 194 2812 tauquam
214 2746 321 2817 pentes
348 2739 519 2817 [renuistis
549 2747 577 2800 et
605 2741 711 2798 inanes
741 2735 866 2796 voculas
895 2736 1043 2796 adversus
1070 2733 1234 2794 nemnem
1262 2741 1290 2794 et

76 2834 203 2898 adsersus
228 2839 385 2900 Christum
415 2844 478 2900 eins
501 2835 709 2901 meditamini?
753 2835 838 2897 Nulla
861 2834 949 2896 enim·
962 2832 993 2894 in
1014 2841 1099 2913 parte
1122 2839 1290 2896 sanctarum

76 2931 276 3016 scripurarum
302 2938 358 3000 talc
380 2940 490 3019 aliquid
514 2939 551 3002 de
574 2939 727 3002 Salvature
749 2943 853 3010 exstat,
881 2935 935 2998 sed
956 2934 1057 3014 potius
1079 2953 1114 2996 ex
1137 2933 1195 2996 illis
1216 2953 1289 3014 per-

76 3037 191 3114 spicuum
214 3051 270 3118 est,
298 3041 512 3122 sempiternum
527 3059 595 3104 eum
611 3047 641 3102 et
655 3047 809 3102 aeternum
824 3057 903 3111 esse,
927 3055 1105 3117 semperque
1120 3055 1187 3098 curn
1202 3036 1290 3100 Patre

75 3139 216 3206 exstitisse.
266 3143 344 3206 Nem
372 3143 410 3206 ln
433 3147 589 3226 principib
617 3153 686 3206 eret
716 3141 858 3214 Verbum,
892 3151 922 3202 et
953 3139 1079 3202 Verbum
1112 3150 1180 3202 erat
1208 3139 1290 3220 apud

76 3237 168 3316 ΒΜ,
196 3258 224 3308 et
245 3247 331 3309 Deus
352 3256 421 3308 erni
446 3245 582 3309 Verbum.
626 3245 663 3306 Et
684 3244 716 3305 in
737 3241 912 3324 Apocalypsi
934 3240 1008 3304 heec
1028 3239 1190 3302 habentur:
1228 3239 1292 3314 Qui

75 3355 122 3415 est,
147 3351 198 3427 qni
217 3359 303 3418 eret,
334 3359 362 3410 et
384 3353 437 3430 qni
456 3359 604 3410 venturus
627 3357 682 3409 est.
727 3344 801 3418 Quis
823 3351 921 3406 autern
944 3341 1148 3404 aeternitatem
1170 3341 1215 3414 ei,
1238 3339 1290 3420 qui

75 3451 157 3507 estet
176 3449 225 3528 qui
248 3457 332 3521 erat,
360 3451 460 3529 possit
486 3447 665 3510 detrahere?
710 3447 760 3508 Sic
781 3446 860 3508 eninr
883 3453 913 3507 et
940 3445 1006 3524 ipse
1027 3443 1154 3516 Paulus,
1183 3451 1216 3504 ut
1235 3440 1288 3516 lu-

74 3539 149 3608 daeos
168 3549 369 3624 convinceret,
392 3549 527 3630 Epistola
548 3551 584 3612 ad
607 3549 758 3610 Romanos
781 3546 918 3626 scripsit:
946 3545 995 3608 Es
1016 3547 1123 3627 quibus
1149 3544 1289 3606 Christus

77 3651 220 3712 tammum
244 3667 385 3727 cernens,
419 3656 472 3732 qui
499 3663 657 3732 estsuper
680 3649 883 3712 smniabam
908 3647 1079 3714 benedictus
1103 3650 1135 3708 in
1156 3641 1289 3706 smculu.

76 3741 134 3808 Cum
153 3751 223 3813 item
246 3751 381 3814 Gentiles
404 3753 580 3826 confutaret,
602 3753 658 3814 ait:
680 3750 851 3814 Invisibilia
873 3751 952 3812 enim
966 3753 1064 3830 ipsius
1081 3764 1120 3808 ec
1139 3745 1289 3806 creatione

74 3851 165 3912 nundi
179 3873 238 3933 per
262 3872 317 3926 sc,
341 3873 415 3936 qnae
437 3857 522 3935 [astu
544 3865 632 3931 sunt,
656 3853 808 3917 intellecta
831 3853 1077 3931 conspiciuntur,
1106 3846 1292 3923 sernps'ternn

73 3967 172 4032 inope
194 3961 260 4018 eius
285 3959 386 4021 uirtus
410 3968 439 4019 et
460 3958 617 4020 divinitus.
662 3954 839 4028 Quaerere
862 3953 901 4014 sit
922 3952 1017 4014 virtus
1039 3947 1103 4020 Dei,
1130 3944 1208 4006 idem
1231 3943 1289 4002 ite-

73 4099 166 4218 ἔξω.
182 4107 204 4186 1ζ
232 4107 379 4225 σῃμμίνέειν
402 4100 504 4224 diripe,
529 4103 575 4158 καὶ
600 4105 651 4156 νῦν
699 4101 1051 4241 μᾶξλῗὲοᾶῗὲςιτιετὲὲιὲνεε·
1070 4095 1154 4148 codex.
1188 4095 1217 4144 ll
1234 4093 1290 4144 editi

137 4188 208 4228 ,και
226 4189 312 4231 ww?
343 4189 404 4225 ΜΨ
456 4191 503 4226 ων.
1026 4202 1033 4216 ·

100 4239 113 4286 l.
131 4241 169 4292 Sic
185 4243 288 4307 Segner.
325 4245 350 4294 lu
379 4245 449 4294 editis
468 4253 492 4294 et
509 4243 563 4296 aliis
583 4245 650 4295 deest
736 4243 752 4292 l.
771 4244 870 4302 Sequor.
896 4246 919 4288 et
937 4238 994 4298 lteg.
1021 4224 1123 4299 ἀφέλοι
1139 4223 1171 4278 τὸ
1190 4217 1288 4306 ἀΐδιος.

72 4293 143 4357 inb.
701 4309 905 4368 lloxSeqnerian.
915 4304 1014 4356 Gcbler.
1032 4310 1056 4351 st
1073 4301 1090 4350 F
1093 4299 1178 4350 elclm.
1189 4299 1211 4348 l.
1226 4311 1289 4346 ruu-

100 4390 120 4435 t·
137 4377 235 4440 Segusr.
256 4379 354 4432 Gcbler.
366 4377 505 4430 'etFelclsn
517 4380 540 4429 1.
551 4371 647 4444 φύσιν.
702 4390 760 4430 scir
775 4369 833 4441 γὰρ
851 4367 904 4422 καί.
1265 4432 1270 4444 1

102 4443 123 4492 h·
140 4444 194 4508 ⁸0&
213 4445 329 4516 thlipi·
367 4449 467 4510 Sequer.
489 4445 649 4512 γενηθῆναι.
736 4445 887 4505 mSequer.
912 4435 1180 4491 conterrentes.
1217 4429 1289 4482 llasrl.

101 4511 230 4578 [θεων.
249 4517 348 4568 Gubler.
373 4523 398 4567 et
414 4515 557 4567 senemr.
574 4505 650 4574 ἔξηῦ·
704 4519 727 4562 st
744 4511 835 4590 duplic.
854 4503 961 4564 Παῦλος
978 4497 1108 4556 διδάσκει.
1144 4497 1280 4554 luidb-‘²¹

77 4587 166 4638 tinus·
702 4591 834 4647 γραφων.
