3072 5056
249 301 291 366 58
648 315 674 360 ε.
689 315 843 380 ετιιιιιιεη
857 315 1081 360 εεοειεειεεοει
1374 286 1376 292 ’

161 481 314 552 σπεῖρον.
360 471 498 530 σκοπεῖν
532 462 567 528 δὲ
599 462 704 542 τοῦτό,
720 485 758 530 σε
784 463 844 546 μέν
867 461 1009 542 ἔξεστιν,
1045 459 1187 542 ἐκείνους
1217 463 1253 529 δὲ
1280 461 1458 530 κατακούειν
1523 491 1524 510 ι

246 565 324 643 τοὺς
346 557 578 641 άπαιδεύτοος.
624 564 788 632 δέδεικται
810 563 938 642 ἕντοῖς
961 563 1156 649 ἔμπροσθεν
1162 613 1172 644 ,
1194 565 1248 630 καί
1271 558 1356 628 τοῦτ’
1380 562 1460 629 ἔστιν
1523 553 1524 578 ’

247 659 373 752 άληθὲς
393 662 571 742 πιστεύειν,
594 662 770 750 τὸνλόγον
793 665 828 732 ἐκ
848 667 907 732 τοῦ
930 664 1058 750 πατρὸς
1080 660 1240 732 εἶναικαὶ
1260 662 1460 748 μόνον”ίδιον

247 760 349 834 αύτοῦ
381 768 435 832 καὶ
469 764 568 852 φύσει
599 771 750 852 γέννημα.
794 764 905 834 πόθεν
933 765 995 851 γὰρ
1025 763 1170 834 ύλλοθεν
1192 764 1321 850 νοήσειέ
1342 790 1392 842 τις
1411 763 1460 830 τὸν

247 866 328 947 υἱόν,
352 862 390 945 ῦς
412 865 501 933 ἐστιν
523 861 542 953 ἡ
565 871 670 953 σοφία
691 867 744 932 καὶ
769 861 787 932 5
810 865 915 951 λύγος,
940 865 973 934 ίν
996 855 1024 951 ᾧ
1045 865 1087 932 τὰ
1108 865 1219 934 πάντα
1240 871 1378 951 γέγονεν,
1400 858 1462 952 ἢίξ
1490 921 1493 932 .

248 961 348 1034 αύτοῦ
369 969 428 1034 τοῦ
449 969 534 1034 θεοῦ
541 996 552 1049 ,·
586 962 677 1051 ὅμως
705 967 742 1034 δέ
763 970 860 1034 τοῦτο
882 970 936 1034 καί
959 966 1053 1053 παρὰ
1074 969 1140 1034 τῶν
1161 969 1297 1053 γραφῶν
1318 964 1462 1052 μεμαθη-

246 1091 357 1152 καμεν,
379 1069 437 1134 τοῦ
458 1069 519 1153 μέν
541 1066 671 1153 πατρὸς
686 1066 744 1134 διὰ
758 1071 817 1133 τοῦ
832 1067 945 1153 Δαβὶδ
958 1069 1126 1153 λέγοντος·
1150 1067 1342 1154 έξηρεύξατο
1357 1062 1378 1154 ἡ
1393 1091 1462 1150 καρ-
1524 1093 1525 1152 ]

247 1168 303 1234 δία
322 1192 387 1254 μου
409 1167 506 1255 λύγον
529 1166 697 1255 ἀγαθόν’),
721 1173 791 1234 καί·
815 1167 849 1236 ἐκ
870 1168 1013 1255 γαστρὸς
1034 1167 1105 1253 πρὸ
1128 1167 1298 1256 έωςφύρου
1315 1166 1459 1254 ἐγέννησα

246 1271 322 1350 σε’),
345 1272 403 1336 τοῦ
427 1271 464 1338 δὲ
485 1270 558 1337 οίοῦ
580 1267 660 1356 περὶ
681 1269 799 1336 ἑαυτοῦ
815 1269 998 1348 δεικνύντος
1012 1279 1084 1348 τοῖς
1102 1263 1290 1348 Ἰουδαίοις·
1313 1268 1342 1336 εί
1358 1263 1377 1334 5
1392 1267 1462 1344 θεὸς

245 1369 356 1458 πατὴρ
371 1366 462 1454 ύμιῦν
478 1360 526 1456 ἦν,
549 1365 700 1459 ἠγαπᾶτε
716 1365 755 1436 άν
772 1370 843 1454 ἐμέ·
867 1370 930 1457 έγώ
944 1371 1006 1459 γὰρ
1022 1370 1057 1438 έκ
1070 1370 1274 1458 τοῦπατρὸς
1289 1369 1461 1457 ἐξῆλθον),

244 1475 298 1538 καί
327 1470 447 1538 πάλιν·
478 1465 536 1555 ούχ
565 1467 618 1537 ὅτι
645 1469 721 1538 ’τὸν
741 1477 872 1559 πατέρα
892 1497 944 1551 τις
965 1467 1122 1558 ἑώρακεν,
1152 1471 1182 1540 εί
1201 1470 1246 1558 μὴ
1270 1466 1289 1536 5
1311 1465 1358 1536 ὢν
1381 1467 1462 1552 παρὰ

244 1574 304 1638 τοῦ
324 1574 419 1650 θεοῦ,
444 1561 540 1652 οὗτος
562 1571 685 1657 ἑώρακε
706 1569 765 1639 τὸν
787 1577 956 1659 πατέρα’),
979 1575 1033 1640 καλ
1054 1573 1119 1660 μὴν
1141 1571 1198 1638 καλ
1218 1571 1272 1639 τό·
1295 1571 1359 1657 ίγώ
1382 1565 1460 1637 ναλὸ
1525 1631 1526 1664 η

245 1670 355 1760 πατὴρ
379 1673 413 1740 έν
436 1672 577 1757 ἐσμεν),
600 1679 672 1740 καί·
695 1671 759 1757 ἐγὼ
782 1671 885 1760 ἐντῷ
907 1681 1027 1759 πατρί,
1050 1677 1103 1742 καλ
1128 1669 1146 1740 5
1167 1672 1277 1762 πατὴρ
1300 1671 1335 1739 έν
1357 1671 1463 1762 ἐμοί),
1525 1667 1526 1716 ³

245 1767 319 1840 ἲσόν
342 1772 413 1840 ἐστι
435 1777 483 1860 τῷ
505 1775 626 1860 λέγειν·
650 1773 712 1859 έγώ
736 1773 771 1840 ἐκ
784 1777 843 1841 τοῦ
859 1773 987 1860 πατρός
1002 1775 1072 1859 εἰμι
1086 1778 1139 1842 καὶ
1156 1771 1345 1860 ἀδιαίρετος
1359 1768 1463 1840 αύτοῦ.

244 1877 299 1940 καλ
323 1869 340 1940 5
359 1869 508 1961 Ἰωάννης
531 1876 566 1941 δὲ
588 1876 707 1960 λέγων·
737 1870 755 1940 5
777 1875 955 1962 μονογενὴς
977 1875 1063 1956 ολύς,
1089 1872 1106 1942 ὁ
1129 1871 1175 1944 ιῦν
1198 1875 1245 1955 εἰς
1266 1874 1324 1940 τὸν
1346 1874 1464 1956 κόλπον

245 1976 304 2039 τοῦ
326 1973 463 2059 πατρός,
487 1975 609 2054 ἐκεῖνος
631 1975 852 2064 έξηγήσατολ),
875 1975 998 2060 μαθὼν
1020 1979 1125 2044 ταῦτα
1147 1977 1240 2064 παρὰ
1261 1979 1319 2042 τοῦ
1344 1978 1466 2058 Ι’σωτῆ-

245 2097 303 2158 ρος
325 2075 440 2161 είρηκε.
485 2081 519 2141 τί
544 2075 606 2164 γὰρ
636 2073 717 2143 άλλο
739 2076 779 2143 τὸ
802 2076 836 2144 έν
858 2075 999 2156 κόλποις
1022 2085 1190 2166 σημαίνει,
1214 2071 1235 2164 ἢ
1256 2075 1314 2163 τὴν
1336 2083 1466 2164 γνησίαν

246 2173 281 2240 kx
302 2178 359 2240 τοῦ
382 2173 510 2260 πατρὸς
530 2178 589 2241 τοῦ
613 2177 685 2243 υἱοῦ
706 2184 874 2265 γέννησιν,·

330 2280 381 2342 22.
426 2275 468 2342 Εἰ
488 2277 549 2360 μὲν
572 2265 629 2342 οῦν
651 2277 709 2344 τὸν
729 2278 814 2346 θεὸν
836 2274 965 2365 ἡγεῖταί
985 2304 1037 2358 τις
1059 2273 1146 2346 εἶναι
1167 2278 1345 2359 σύνθετον,
1372 2272 1418 2354 ὡς
1438 2275 1466 2342 ἓν

243 2377 283 2464 τῇ
307 2369 405 2464 οῦσίηι
431 2375 470 2441 τὸ
490 2377 708 2477 συμβεβηκός,
738 2373 908 2465 ἢῦξωθέν
929 2405 1006 2447 τινα
1027 2379 1208 2467 περιβολὴν
1232 2379 1393 2461 ἔχεινκαὶ
1417 2403 1464 2442 κα-

244 2475 444 2556 λύπτεσθαι,
467 2471 489 2563 ἢ
511 2473 596 2546 εἶναί
617 2505 692 2546 τινα
714 2483 791 2567 περί
816 2478 916 2548 αὐτὸν
939 2480 982 2547 τὰ
1004 2483 1260 2568 συμπληροῦντα
1280 2478 1340 2564 τὴν
1356 2474 1467 2544 ούσίαν

245 2573 361 2660 αὖτοῦ,
386 2575 468 2660 οῦςτε
489 2580 644 2667 λέγοντας
665 2576 751 2669 ἡμᾶς
772 2581 856 2648 θεὸν
879 2577 899 2668 ἢ
923 2576 1143 2666 ὀνομάζοντας
1165 2587 1295 2666 πατέρα
1310 2579 1355 2667 μὴ
1372 2575 1467 2663 αὐτὴν

243 2678 302 2769 τήν
318 2675 459 2766 ἀόρατον
482 2677 583 2750 αὐτοῦ
605 2686 659 2749 καὶ
676 2678 909 2770 ἀκατάληπτον
925 2679 1043 2750 ούσίαν
1059 2691 1239 2771 σημαίνειν,
1263 2677 1348 2747 άλλά
1360 2707 1396 2746 τι
1409 2683 1467 2746 τῶν
1527 2735 1528 2756 ,

242 2785 320 2868 περὶ
344 2778 475 2868 ”αύτήν·
497 2791 750 2873 μεμφέσθοισαν
772 2786 832 2870 μέν
854 2783 912 2872 τὴν
936 2784 1075 2852 σύνοδον
1096 2782 1275 2869 γράψασαν
1294 2781 1328 2850 ἐκ
1343 2785 1404 2867 τῆς
1419 2775 1469 2847 ού-

244 2889 319 2960 σίας
342 2878 428 2950 εἶναι
448 2889 508 2950 τοῦ
530 2890 614 2952 θεοῦ
636 2884 694 2950 τὸν
716 2885 803 2964 υἱόν,
833 2893 1097 2952 κατανοείτωσαν
1128 2885 1180 2964 δέ,
1211 2878 1265 2950 ῦτι
1287 2881 1346 2948 δύο
1368 2885 1469 2947 ταῦτα

243 2983 494 3067 βλαςφημοῦσιν
529 2982 615 3052 οῦτοι
644 2984 884 3070 διανοούμενοι.
935 2985 992 3051 τόν
1020 3013 1056 3053 τε
1084 2985 1145 3071 γὰρ
1173 2983 1256 3051 θεὸν
1286 2981 1469 3066 σωματικόν

243 3085 319 3146 τινα
342 3080 521 3166 είςάγοοσι,
549 3083 603 3150 καὶ
626 3084 684 3150 τὸν
706 3084 817 3170 κύριον
841 3077 899 3148 οῦκ
920 3079 1021 3150 αύτοῦ
1043 3089 1102 3152 τοῦ
1124 3085 1269 3172 πατρός,
1300 3079 1393 3151 άλλὰ,
1408 3085 1468 3149 τῶν

244 3182 322 3265 περὶ
352 3175 451 3246 αὐτὸν
480 3176 566 3250 εἶναι
594 3183 666 3250 υἱὸν
694 3181 971 3268 καταψεύδονται.
1018 3186 1047 3253 εἰ
1076 3188 1112 3254 δὲ
1134 3185 1263 3253 ἁπλοῦν
1285 3191 1318 3252 τί
1340 3178 1468 3252 ἐστινὸ

243 3279 357 3400 θεός.
367 3277 476 3367 ὥςπερ
500 3271 557 3348 οῦν
578 3285 632 3348 καλ
656 3284 743 3364 ἔστι,
768 3285 867 3370 δῆλον
891 3280 944 3350 ὅτι
965 3286 1114 3371 λέγοντες
1135 3285 1193 3353 τὸν
1215 3285 1298 3354 θεὸν
1320 3287 1373 3352 καὶ
1400 3281 1470 3351 δνο-

243 3380 402 3466 μάζοντες
423 3369 481 3448 τ’ὸν
503 3389 633 3470 πατέρα
656 3381 750 3450 οὐδέν
765 3411 799 3450 τι
821 3379 866 3463 ιύς
881 3387 958 3470 περὶ
975 3381 1075 3452 αὐτὸν
1092 3383 1304 3472 ὀνομάζομεν,
1327 3381 1398 3452 ἀλλ’
1417 3381 1472 3451 αύ-

244 3481 302 3568 τὴν
323 3481 382 3566 ’τὴν
405 3476 521 3550 ούσίαν
544 3480 644 3552 αύτοῦ
667 3491 878 3571 σημαίνομεν.
922 3481 982 3573 νῦν
1003 3487 1065 3572 γάρ
1087 3490 1295 3573 καταλαβεῖν,
1320 3483 1374 3552 ὅτι
1389 3489 1471 3552 ποτέ

245 3581 335 3650 ἔστιν
356 3577 376 3667 ἡ
397 3586 457 3649 τοῦ
478 3585 564 3650 θεοῦ
587 3579 692 3665 οῦσία,
716 3585 760 3672 μὴ
782 3575 802 3674 ᾗ
826 3585 974 3666 δυνατόν,
999 3581 1083 3654 ἀλλὰ
1102 3587 1205 3672 μόνον
1221 3591 1372 3665 νοοῦντες
1388 3581 1471 3654 εἶναι

235 3683 308 3764 κύν’
323 3681 415 3762 θεόν,
438 3687 492 3750 καί
514 3687 572 3772 τῆς
592 3688 723 3772 γραφῆς
744 3686 778 3753 έν
800 3685 931 3765 τούτοις
953 3682 1053 3754 αύτὸν
1075 3689 1315 3776 σημαινούσης,
1333 3682 1391 3752 οὐκ
1415 3684 1472 3753 άλ-

243 3786 302 3856 λον
323 3783 399 3851 τινύι
426 3787 480 3852 καλ
502 3780 598 3869 ἡμεῖς
617 3779 639 3873 ἢ
661 3781 760 3854 αὐτὸν
782 3789 928 3875 σημᾶναι
947 3789 1123 3867 θέλοντες,
1154 3789 1289 3874 λέγομεν
1311 3786 1396 3854 θεὸν
1418 3787 1469 3854 καί

243 3891 374 3973 πατέρα
394 3887 448 3952 καὶ
470 3884 592 3970 κύριον.
638 3882 716 3954 ὅταν
738 3891 816 3974 γοῦν
838 3891 931 3976 λέγῃ·
954 3887 1018 3972 ἐγώ
1040 3889 1110 3970 εἶμι
1132 3883 1150 3953 5
1173 3887 1235 3968 ιῦν,
1269 3885 1385 3954 καὶτὸ
1410 3883 1471 3971 ἐγώ

158 3987 315 4070 νειεθείμι
335 3987 446 4074 κύριος
467 3981 487 4052 5
508 3975 611 4065 θεός,
630 3989 684 4052 καί
708 3982 795 4052 ὅπου
817 3990 901 4054 ποτέ
923 3989 1010 4071 λέγει
1031 3983 1051 4074 ἡ
1072 3988 1182 4075 γραφὴ
1205 3984 1224 4054 5
1246 3987 1343 4066 θεὸς,
1376 3982 1472 4072 ἡμεῖς

244 4081 520 4173 ἀναγινώσκοντες
543 4081 638 4153 οῦδὲν
660 4085 770 4172 ἕτερον
791 4081 813 4172 ἢ
834 4083 933 4172 αῦτὴν
955 4085 1013 4171 τὴν
1036 4081 1267 4174 ἀκατάληπτον
1289 4083 1391 4154 αύτοῦ
1415 4081 1472 4152 ού-

244 4191 319 4252 σίαν
342 4195 583 4276 σημαινομένην
605 4189 753 4271 νοοῦμεν,
775 4189 830 4254 καί
852 4182 906 4252 ὅτι
927 4185 1015 4252 ἐστίν
1038 4183 1140 4273 ὅνπερ
1155 4189 1315 4272 λέγουσιν.
1354 4181 1472 4252 οὐκοῦν

243 4285 288 4373 μὴ
317 4288 497 4368 ξενιζίσθιο
519 4315 571 4367 τις
600 4285 727 4356 ἀκούων
750 4287 785 4354 ἐκ
805 4290 864 4372 τῆς
886 4279 1002 4363 οῦσίας
1022 4290 1081 4353 τοῦ
1104 4291 1188 4356 θεοῦ
1212 4283 1298 4356 εἶναι
1318 4285 1377 4354 τὸν
1399 4283 1475 4352 υἱὸν

315 4443 338 4502 ι)
356 4442 420 4492 εειι.
439 4441 472 4492 ιε
491 4437 544 4507 [ιι.
563 4440 642 4506 ιιι),
661 4441 684 4491 2.
765 4441 789 4500 ι)
809 4440 871 4490 ναι.
893 4439 941 4488 ιιο
959 4435 1029 4506 [ιοο.
1048 4438 1137 4507 ιιι),
1156 4441 1180 4490 ε.
1255 4441 1280 4498 ει
1301 4443 1367 4490 loun.
1386 4439 1411 4500 ε,
1429 4437 1472 4488 ιι.

243 4508 459 4571 ηιμσειο.
529 4509 555 4568 ε)
574 4509 639 4560 ιον.
662 4509 701 4570 ιο,
719 4507 760 4558 εο.
830 4507 940 4568 emona.
961 4507 1000 4568 ιι,
1021 4507 1061 4557 ιο.
1132 4507 1243 4568 ηιοει.
1264 4509 1286 4570 ι,
1307 4508 1346 4558 ιε.
