3022 5056
440 369 597 416 ousion.
613 369 729 414 eonem
743 368 879 414 munos.
1212 355 1275 422 285

79 521 271 596 eminemus,
303 528 365 584 tum
393 527 428 582 ut
449 520 517 582 illos
539 538 575 582 ox
598 519 723 600 singulis
745 519 795 582 bis
816 519 891 581 loeis
913 522 1108 584 ostendamus
1130 521 1361 588 Christis-roeo.

75 623 149 688 nisui
165 623 276 704 ignaros
297 623 419 704 penitus
442 641 521 697 esse,
545 639 637 702 quem
651 621 684 684 si
706 631 932 702 oognoeoerem,
954 643 1024 685 sese
1045 625 1076 686 in
1098 623 1276 687 ludaeorum

74 733 174 788 norbae
199 725 299 788 aetatis
327 723 501 788 infidelitate
534 741 720 804 nequaquam
747 722 974 800 concluderent,
1007 726 1060 788 sed
1096 725 1276 788 soisoitando

72 825 208 901 discerent,
229 825 308 908 quod
330 826 368 890 lu
386 830 542 908 principio
558 835 628 888 erut
648 821 782 898 Verbum,
805 837 835 890 et
852 824 978 888 Verbum
992 839 1061 891 erot
1074 829 1156 908 opud
1171 826 1275 899 Deum,

73 939 96 990 ot
111 929 183 991 lietu
202 941 268 993 erut
292 927 427 1000 Verbum,
450 947 517 990 oum
539 938 638 990 eutem
659 928 777 989 volente
798 927 887 988 Patre
908 927 1008 1007 ipsum
1029 928 1159 990 Verbum
1183 928 1276 990 bomo

71 1038 109 1092 est
125 1031 219 1104 laetus,
240 1039 312 1093 tuno
333 1030 398 1092 iure
418 1029 526 1092 merito
549 1029 586 1091 (le
607 1029 658 1090 illo
681 1029 791 1091 dietum
815 1037 863 1091 est
884 1028 1026 1090 aloanoe
1040 1027 1176 1108 quidem:
1203 1029 1277 1091 Ver·

72 1129 127 1194 too
145 1149 210 1194 ooro
230 1131 347 1211 [uotum
369 1141 423 1203 est,
446 1139 477 1192 et
498 1151 516 1193 a
536 1131 643 1192 Petro:
672 1131 837 1193 Dominum
864 1140 893 1193 et
916 1130 1071 1193 Obristom
1099 1147 1167 1191 eros
1193 1129 1275 1209 serit.

71 1241 95 1296 et
110 1251 157 1313 per
176 1233 366 1296 Salomonem
386 1233 467 1295 velut
489 1251 523 1294 er
546 1232 644 1314 ipsius
666 1231 784 1294 llomiui
806 1249 953 1313 persona:
983 1231 1133 1296 Dorulaus
1163 1231 1278 1296 ereootr

69 1354 108 1396 oro
123 1339 230 1398 isitium
250 1339 374 1398 merrom
396 1351 525 1398 aaaron
546 1339 580 1397 te
603 1351 698 1416 opero
720 1353 786 1406 suu
808 1334 880 1396 item
902 1353 919 1396 a
941 1333 1049 1396 Paulo:
1074 1333 1168 1398 Toeto
1181 1353 1278 1416 proe-

70 1439 181 1500 rtoatior
198 1438 302 1517 foetus
318 1435 449 1516 Anopolis,
473 1443 504 1498 et
524 1434 610 1498 alibi:
632 1433 733 1498 Semet
753 1439 853 1517 ipsum
876 1439 1053 1512 omr'uomin't,
1076 1437 1181 1515 formo
1195 1441 1281 1500 seror·

70 1547 190 1608 armato,
210 1545 240 1600 et
260 1557 383 1600 rursus:
410 1537 502 1610 Unde,
524 1537 646 1617 [rotreo
669 1541 777 1609 soooto',
801 1541 970 1602 ooeotr'oor'o
991 1537 1127 1602 eoelestis
1145 1542 1279 1618 portior·-

65 1656 116 1718 pu,
137 1640 318 1704 mosiierote
339 1638 521 1722 Apostolum
542 1648 572 1701 et
593 1637 770 1718 Pontifioem
792 1639 994 1718 consessionis
1019 1649 1146 1702 nostroe
1166 1638 1277 1711 lesum,

67 1739 213 1820 palpabile
235 1751 283 1804 est
305 1745 334 1805 ei
352 1745 407 1824 quo·
425 1741 499 1821 [soit
520 1739 620 1802 illum.
664 1738 745 1800 lleeo
766 1739 846 1801 enim
868 1747 899 1801 et
919 1739 1026 1802 similia
1048 1740 1124 1802 diota
1153 1741 1277 1803 eandem

65 1841 113 1902 um
131 1843 431 1924 significationemque
452 1841 573 1916 babent,
595 1859 671 1922 quae
694 1847 723 1902 et
744 1841 848 1922 pietati
864 1849 911 1904 est
928 1850 1129 1904 consentanea
1143 1850 1174 1904 et
1188 1842 1275 1904 Verbi

67 1940 224 2007 divinitatem
246 1944 395 2017 ostendit,
418 1944 550 2022 itemque
572 1961 617 2018 ea,
643 1961 717 2022 quoe
740 1943 871 2005 hnmano
893 1961 977 2006 more
999 1941 1041 2004 illi
1063 1943 1275 2018 attribuuntur,

67 2041 209 2108 bunasse
230 2053 378 2126 quatenus
400 2045 467 2125 ipse
488 2044 567 2106 lilius
589 2062 709 2125 quoque
730 2044 861 2106 hominis
883 2045 979 2108 santus
1001 2055 1056 2108 est.
1093 2045 1176 2119 Quae
1197 2053 1275 2108 urn-

67 2144 112 2206 etsi
130 2146 195 2208 uatis
217 2155 291 2210 snut
312 2147 349 2209 erl
371 2147 440 2210 illos
460 2146 580 2227 penitus
604 2145 797 2221 refellendos,
819 2155 919 2210 tamen
939 2147 1178 2228 quandoquidem
1195 2147 1276 2228 quod

66 2243 157 2309 buum
175 2248 210 2310 ab
223 2249 374 2330 Apostolo
395 2257 453 2322 eet,
475 2257 509 2311 ut
529 2247 619 2310 buius
633 2247 762 2328 primum
780 2249 975 2324 meminerim,
997 2267 1059 2310 non
1078 2249 1276 2329 intelligentes

66 2345 237 2426 ubibantur,
265 2351 322 2414 Dei
343 2349 474 2414 Verbum
501 2369 593 2414 unum
626 2369 662 2414 ex
686 2349 827 2430 operibus
850 2360 881 2412 et
902 2349 992 2412 rebus
1014 2351 1099 2422 laetis
1122 2369 1207 2425 esse,
1236 2350 1275 2412 ob

65 2445 124 2511 loeo
147 2471 249 2534 nempe
271 2451 382 2514 rerba:
413 2453 476 2527 Qui
501 2451 603 2536 fidelia
632 2463 678 2516 eat
707 2457 736 2516 ei
762 2457 814 2534 poi
839 2452 913 2532 seor't
940 2451 1043 2524 illator,
1071 2451 1276 2516 necessarium

65 2547 134 2625 duxi,
157 2554 367 2635 propositione
386 2554 507 2616 illorum
527 2561 675 2629 assumta,
705 2564 739 2616 ut
760 2561 846 2616 antea
874 2554 1005 2634 egimus,
1035 2571 1139 2617 eorum
1166 2554 1276 2616 iterum

65 2653 194 2718 nonlotare
213 2656 410 2739 impietatem.

131 3061 159 3122 2.
200 3059 306 3143 ltaque
328 3061 439 3124 sinon
462 3067 508 3124 est
528 3059 632 3134 Vilius,
655 3078 732 3140 opus
753 3059 929 3140 appelletur,
952 3057 1118 3133 momnis,
1141 3075 1217 3138 queo
1239 3056 1277 3120 do

62 3157 358 3236 erumminensis,
381 3161 517 3226 dieantur
539 3163 577 3224 de
598 3161 667 3238 illo;
692 3179 749 3224 neo
770 3162 842 3224 item
865 3161 949 3224 solos
971 3160 1086 3224 tlioutor
1106 3158 1199 3222 Vilius
1220 3177 1277 3222 neo

59 3255 170 3324 Verbum
183 3281 238 3328 neo
252 3265 417 3346 Sapientia,
441 3283 496 3328 neo
516 3266 583 3346 ipse
605 3282 724 3346 quoque
738 3265 818 3327 Deus
834 3264 949 3328 ‹lioatur
964 3265 1060 3338 Pater,
1084 3261 1136 3325 sed
1160 3261 1274 3324 solnm-

59 3359 135 3422 nodo
154 3363 252 3445 opilex
274 3375 307 3429 et
328 3375 446 3430 creater
466 3385 569 3430 rerum
598 3385 671 3446 quas
699 3367 849 3447 produxit.
895 3366 941 3430 Sit
969 3366 1058 3428 etiam
1085 3383 1136 3427 res
1165 3371 1275 3438 ereata,

60 3455 138 3540 imago
160 3473 189 3526 ot
208 3467 308 3548 ligure
328 3467 484 3532 ellestrieis
507 3467 573 3530 eius
594 3468 764 3543 voluntatis,
787 3477 843 3531 neo
864 3468 928 3549 ipse
950 3467 1114 3530 seeundum
1135 3464 1204 3527 illos
1220 3483 1276 3545 pe-.
1367 3519 1382 3538 ,

59 3558 160 3628 nitalem
180 3567 294 3632 babeat
313 3578 464 3646 naturam,
492 3570 534 3632 ita
566 3575 601 3633 ut
621 3588 677 3632 neo
697 3569 828 3634 Verbum
850 3589 906 3633 neo
927 3568 1078 3650 Sapientia
1100 3585 1157 3629 neo
1176 3567 1274 3644 imago

59 3661 108 3724 ulla
125 3668 159 3730 sit
176 3671 321 3752 propriae
343 3671 409 3734 eius
429 3679 563 3734 naturae.
606 3669 680 3735 Nam
704 3672 731 3734 si
749 3669 842 3734 Filius
863 3689 926 3733 non
948 3679 1005 3746 est,
1027 3689 1084 3732 neo
1105 3669 1204 3747 imago
1219 3673 1358 3728 esterno.

84 3850 104 3900 d.
119 3847 148 3902 ri
165 3857 236 3908 abest
254 3873 269 3908 ι
287 3857 446 3921 Segneriano.
716 3859 740 3908 b.
759 3859 800 3908 Sir
823 3859 924 3922 Segner.
959 3859 988 3908 lt
1010 3856 1050 3906 alii
1074 3863 1098 3906 et
1120 3853 1179 3904 editi
1201 3844 1271 3916 wl-

82 3947 99 3983 e.
116 3936 168 4004 ling,
187 3941 337 3994 perenm„
365 3951 389 3994 ,ι
412 3943 485 3994 „pipo
513 3942 631 3995 pomp,
684 3925 752 3975 σθαι
771 3919 855 3974 αὐτὸν
872 3911 1157 4004 υἱὸν,ἇνθρόπου,ἐῖ
1172 3915 1226 3969 καί.

54 3995 210 4070 Σολομῶνος,
716 3995 733 4044 i.
758 3995 863 4044 l'elrlrrn.
876 3993 900 4044 l.
927 3989 1079 4056 αναγκαῖον
1097 4002 1153 4036 ουν.

80 4094 133 4146 fs.
717 4062 739 4112 b.
759 4062 800 4112 Sic
816 4061 915 4124 Sopuer.
933 4059 1007 4110 Basil.
1034 4066 1058 4107 ot
1075 4053 1212 4106 l'elrlrm.4.
1246 4052 1276 4104 tr

89 4129 95 4142 ·
127 4114 149 4148 oo
165 4101 268 4164 Segner.
288 4101 387 4153 Goblor.
405 4111 429 4154 et
445 4103 551 4155 l'elolm.
563 4101 586 4153 l.
606 4103 631 4154 l.
682 4129 723 4179 ‚¹55
742 4137 766 4178 ει
783 4129 856 4178 edm„
875 4127 992 4178 Comma·
1011 4116 1209 4190 λαμβάνοντας,

54 4162 105 4212 “⁵¹
137 4165 181 4218 mi
199 4183 259 4220 '²¹⁰
279 4177 303 4220 ἰ
320 4169 379 4222 'dm
394 4163 485 4224 πέλω·
717 4197 734 4246 l.
753 4180 803 4243 οὖν
820 4197 889 4244 deest
905 4197 929 4246 in
942 4195 1099 4254 Seoueriane.
1124 4189 1199 4240 Panlo
1217 4195 1276 4254 post

74 4267 97 4330 „t-
114 4257 152 4310 Sie
169 4260 275 4324 Segner.
292 4261 383 4326 buglis.
402 4271 426 4315 et
442 4263 579 4314 l'elolm.l.
603 4262 631 4314 ln
683 4264 747 4315 lolem
766 4271 790 4312 er
807 4263 898 4324 Anglio
917 4264 974 4324 ling.
986 4255 1084 4310 Gobler.
1097 4267 1121 4308 er
1132 4257 1270 4308 Felelm.l.

53 4317 95 4394 algu
103 4323 167 4378 deest
181 4317 300 4389 Ἰησοῦν.
324 4331 399 4382 Panlo
413 4331 632 4396 postponentem
682 4323 898 4395 κατηγορεῖσθαι.
937 4327 999 4379 uniri
1013 4335 1037 4378 et
1058 4327 1099 4377 olii
1115 4319 1274 4396 κατηγορεί-

53 4381 154 4456 imper
169 4391 228 4454 rol,
249 4411 312 4464 quae
329 4400 354 4450 in
367 4399 517 4462 Seoueriane
534 4400 632 4464 punctis
684 4397 807 4448 oenone.
843 4397 934 4448 ibidem
959 4395 1101 4460 Segnerion.
1125 4395 1223 4447 Gobler.
1250 4399 1275 4443 et

54 4463 74 4528 ll
87 4465 240 4525 expungenda
258 4475 373 4518 notantur
390 4467 525 4532 desuntque
543 4469 567 4517 in
579 4467 632 4518 eti·
684 4467 789 4518 Velelrm.
803 4465 825 4514 l.
844 4473 868 4514 et
885 4464 910 4515 4.
928 4459 973 4514 eat
989 4457 1086 4532 μόνον.
1253 4526 1258 4538 ‚

53 4525 104 4576 boue
120 4530 242 4584 tonost.
262 4535 305 4584 sel
323 4535 438 4597 leguntur
454 4536 478 4586 in
495 4534 594 4588 Goblor.
609 4539 634 4586 et
717 4547 749 4584 m.
767 4535 809 4584 Sic
827 4533 969 4596 Seouerion.
1004 4535 1032 4585 lt
1050 4535 1073 4585 io
1092 4531 1147 4584 aliis
1166 4537 1190 4580 et
1201 4526 1275 4578 editor

53 4587 142 4648 teleto.
155 4599 178 4652 1.
198 4615 279 4668 eaque
295 4604 365 4658 uertit
381 4603 499 4656 Noouion.
685 4601 754 4656 deest
771 4591 863 4652 uisuri.
