3110 5064
623 365 798 412 nuanramn.
1289 357 1327 420 17

88 527 206 590 rentur,
229 518 261 580 in
283 518 333 580 his
347 516 385 580 ad
407 517 584 580 sententiam
607 518 750 581 ccclesiae
772 519 951 598 explicandis
975 528 1006 582 et
1026 519 1219 584 defendendis
1243 541 1328 584 snm·

89 639 168 682 mam
193 620 271 682 nacti
295 627 399 682 essent
413 619 617 682 auctoritatem
639 629 728 700 atque
743 621 874 701 posteris
898 619 1113 701 exemplorum,
1135 641 1211 702 qnae
1226 624 1327 688 imita·

87 733 207 794 rentur,
225 721 382 784 unicorum
398 721 463 782 loco
487 721 627 784 luissent.
673 721 742 784 illos
758 723 836 784 eninr
853 722 1025 804 plerusque,
1040 724 1233 787 Athanasium
1251 727 1327 800 dieo,

85 823 253 896 Basiliam,
277 821 456 904 Gregorius,
486 822 625 902 Cyrillum
647 824 894 898 Alexandrinum,
925 825 1163 900 Tlreodoretnm,
1193 836 1326 889 extremo

85 927 153 988 loco
177 927 324 988 loannem
339 925 564 998 Damasoenum,
586 943 691 1006 magna
706 925 865 1006 reliquisse.
881 944 1004 1006 operum
1020 926 1179 1002 volumina,
1201 947 1329 1008 quorum

87 1028 240 1090 editiones
270 1025 410 1090 meliores
437 1033 564 1107 propter
592 1026 743 1090 raritatem
773 1036 803 1090 et
824 1028 930 1108 ingens
957 1029 1085 1110 pretium
1107 1031 1138 1092 in
1164 1047 1327 1110 paucorum

87 1147 198 1192 manns
220 1128 358 1190 veniant:
380 1129 410 1192 id
433 1129 514 1209 qnod
530 1149 566 1192 eo
582 1129 675 1210 magis
692 1129 851 1192 dolendum
874 1139 931 1212 est,
956 1149 1015 1211 quo
1038 1129 1171 1210 digniora
1194 1132 1327 1194 habean-
1385 1162 1388 1172 ·

92 1240 139 1293 tur
160 1232 325 1311 praecipua
349 1231 511 1292 eorundem
534 1231 694 1311 opuscula,
718 1251 824 1312 quasa
848 1232 996 1312 theologis
1020 1232 1175 1313 diligenter
1202 1251 1326 1296 versen-

87 1343 135 1394 tur
168 1345 202 1395 et
229 1341 460 1410 cognoscantur.
504 1332 577 1394 lnde
609 1333 667 1394 iam
696 1332 905 1396 intellexerunt
936 1333 1082 1407 lectores,
1114 1333 1326 1396 bibliothecam

86 1443 227 1496 nostram
252 1433 373 1495 minime
404 1433 579 1513 colligendis
603 1433 743 1504 omnibus
766 1435 876 1498 veteris
906 1435 1049 1497 ecclesiae
1072 1451 1195 1514 graecae
1216 1453 1326 1498 munu-

87 1535 219 1608 mentis,
248 1533 411 1613 inquibus
440 1536 576 1615 dogmata
606 1537 770 1616 theologica
799 1545 980 1610 tractentur,
1010 1536 1184 1600 destinatam
1209 1555 1276 1600 esse
1300 1543 1330 1598 et

86 1648 242 1719 paratam,
266 1636 319 1698 sed
341 1636 417 1700 intra
441 1637 585 1698 arctiores
613 1637 689 1698 fines
719 1639 879 1713 contineri,
908 1646 941 1700 nt
962 1637 1083 1700 nonnisi
1111 1639 1330 1719 praestantiora

85 1757 257 1820 pancorum
273 1737 416 1799 ecelesiae
432 1737 511 1799 illins
528 1739 683 1800 doctorum
699 1740 808 1819 scripta
825 1741 862 1801 de
878 1740 1003 1803 summis
1018 1739 1172 1818 religionis
1187 1741 1327 1802 christie-

87 1861 145 1903 nae
169 1838 321 1920 mysteriis
343 1839 379 1900 ad
403 1857 467 1900 eam
490 1840 668 1920 pertineant.
712 1840 913 1904 Excludentur
929 1841 1007 1902 enim
1023 1859 1084 1902 non
1108 1841 1204 1903 solnm
1221 1861 1327 1904 omnes

89 1943 186 2004 trium
207 1943 341 2021 priorum
366 1939 552 2002 saecolorum
575 1950 675 2020 patres
691 1935 913 2022 scriptoresque
936 1942 1140 2016 ecclesiastici,
1163 1943 1215 2005 sed
1239 1943 1327 2005 etiam

88 2045 182 2124 longe
201 2042 322 2124 plurimi
343 2041 530 2122 sequentium
554 2043 757 2117 saeculorum,
780 2061 906 2122 quorum
930 2043 1039 2123 scripta
1068 2055 1117 2106 aut
1140 2043 1246 2106 merito
1270 2061 1326 2106 suu

87 2147 242 2210 minorem
264 2141 380 2206 habent·
396 2145 602 2208 anctoritatem
626 2154 656 2206 et
678 2163 776 2220 usum,
799 2155 851 2208 aut
872 2145 902 2206 in
924 2145 1117 2208 bibliothecis
1140 2155 1258 2226 patrum
1279 2145 1326 2208 rel

88 2246 256 2328 separatim
289 2245 334 2306 sic
364 2245 442 2306 edita
477 2255 557 2321 sunt,
580 2254 613 2308 nt
641 2265 718 2327 opus
740 2264 802 2308 uon
834 2247 874 2308 sit
901 2265 935 2310 ea
958 2266 1037 2310 nunc
1068 2247 1326 2328 tppis'renorari.

87 2351 150 2414 Cur
166 2348 205 2410 ab
227 2347 295 2410 istis
318 2347 527 2418 abstinendum
552 2367 620 2410 esse
643 2367 828 2418 censeamus,
850 2349 897 2410 rix
914 2349 1194 2427 intelligentioribus
1209 2348 1327 2428 signifi·

87 2453 217 2514 eandum
240 2448 366 2512 ridetur.
410 2447 556 2512 Nimirum
579 2449 615 2512 de
637 2449 790 2530 patribus,
814 2450 955 2529 quiante
984 2452 1142 2514 concilium
1165 2451 1326 2512 Nicaenum

88 2555 273 2624 duruerunt,
303 2549 375 2613 satis
404 2552 559 2640 provisum
591 2560 652 2624 est,
683 2561 774 2613 utne
797 2559 921 2631 propter
942 2552 1091 2614 raritatem
1115 2551 1326 2632 exemplarium

90 2656 289 2734 negligantur.
334 2651 366 2714 Si
390 2651 592 2734 Hippolytum,
615 2652 792 2726 Gregorium
815 2653 1068 2731 'lbaumaturgum
1092 2665 1122 2715 et
1144 2651 1325 2714 nernodtum

94 2755 237 2834 excipias,
269 2754 388 2816 illorum
419 2755 551 2817 omnium
575 2755 723 2817 editiones
753 2771 832 2814 none
860 2760 978 2814 exstant
1000 2762 1030 2814 et
1051 2751 1124 2813 satis
1153 2752 1327 2814 emendatae

91 2857 316 2934 instructaeque
346 2861 376 2915 et
402 2853 520 2916 modico
555 2852 654 2933 pretio
685 2853 829 2931 emptoris
857 2852 1017 2934 parabiles.
1083 2851 1199 2931 Scripta
1227 2861 1338 2938 autautn

89 2961 231 3040 pleraque
253 2965 370 3036 patrum
393 2954 571 3048 posterioris
594 2955 708 3029 aetatis,
732 2973 808 3034 quae
823 2955 902 3015 inter
922 2955 1019 3016 tontes
1036 2953 1324 3032 theologiaehisto·

91 3064 170 3124 ricae
194 3059 366 3121 interiorem
389 3057 485 3119 locum
509 3055 660 3144 qbtiuent,
690 3056 806 3118 etiamsi
835 3063 939 3117 nostra
968 3055 1111 3118 memoria
1140 3073 1201 3118 non
1226 3055 1325 3118 denuo

90 3164 168 3225 edita
210 3159 273 3222 sint
304 3167 335 3222 et
366 3168 490 3240 propter
519 3158 670 3219 renalium
700 3157 902 3237 exemplorum
936 3157 1085 3219 raritatem
1117 3157 1246 3236 pretium
1269 3155 1326 3217 ha-

91 3267 200 3337 beant,
230 3265 412 3322 nontamen
436 3277 615 3338 magnopere
637 3259 863 3331 desiderantur,
888 3259 1025 3338 qnoniam
1054 3259 1175 3320 nonnisi
1191 3277 1208 3320 a
1223 3258 1325 3338 paucis

92 3365 165 3427 viris
197 3361 293 3424 doctis
324 3362 687 3440 attinguntur-,quorum
723 3359 830 3424 stodiis
859 3359 1059 3438 singularibus
1089 3358 1266 3438 exemplaria
1295 3357 1326 3420 in

90 3463 282 3528 bibliothecis
305 3461 430 3543 publicis
445 3464 577 3542 reposita
594 3464 656 3524 lere
672 3461 832 3524 sullioiunt.
877 3460 978 3540 ltaque
994 3461 1024 3522 in
1040 3461 1211 3523 universum
1234 3468 1325 3539 petet,

92 3577 123 3629 et
150 3583 348 3646 quorumnam
378 3563 558 3644 scriptorum
587 3562 680 3626 libros
712 3573 741 3626 et
768 3564 922 3624 cuiusnam
951 3562 1115 3642 argumenti
1145 3561 1325 3623 Bibliotheca

94 3667 319 3748 complectatur,
342 3647 432 3746 idque
453 3683 488 3726 ex
511 3683 575 3726 mea
601 3665 747 3728 sententia
773 3665 864 3748 'etiam
888 3663 918 3726 in
941 3662 1136 3744 inscriptione
1164 3663 1334 3725 indicatum·

95 3778 155 3830 est
198 3767 331 3848 Namque
346 3765 467 3828 nomine
485 3777 613 3848 potrum
627 3767 694 3829 illos
715 3767 799 3828 solos
815 3765 979 3845 appellatos
995 3765 1084 3838 volui,
1107 3765 1157 3845 qui
1174 3764 1202 3826 id
1218 3763 1326 3824 eximie

94 3879 249 3933 merentur
277 3868 361 3950 quasi
388 3877 528 3949 parentes
552 3879 583 3931 et
610 3879 746 3931 auctores
779 3868 927 3948 dogmatis
950 3867 1157 3930 ecclesiastici:
1180 3863 1325 3944 quemad-

93 3973 216 4035 modum
238 3972 268 4032 iu
293 3970 416 4032 ecclesia
438 3953 541 4049 graeca
562 3970 751 4042 Athanasius,
773 3969 918 4042 Basilius,
939 3968 1101 4048 Gregorius
1124 3965 1325 4028 Nazianzenus

92 4085 182 4154 atque
212 4073 445 4154 chrysostomus
476 4071 563 4135 titolo
593 4074 750 4136 doctorum
778 4071 920 4134 ccclesiae
949 4087 1021 4150 prae
1054 4068 1163 4130 ceteris
1191 4063 1326 4146 patribus

95 4183 247 4237 ornantur
268 4184 300 4238 ct
320 4174 516 4249 celebrantur,
541 4183 628 4254 atque
643 4191 721 4236 unns
736 4171 914 4234 Athanasius
934 4181 1026 4253 puter
1042 4168 1242 4232 orthodoxius
1262 4167 1326 4230 sire

94 4277 285 4342 oratotoure
305 4278 380 4360 fidei
399 4275 562 4338 honorilice
584 4274 779 4356 praedicatur.
823 4259 891 4336 Pari
907 4271 1099 4335 modoetiam
1116 4268 1325 4351 qoodllihlio·
1363 4259 1368 4275 ¹

92 4381 210 4442 thecam
245 4377 323 4441 hanc
356 4377 506 4442 nominari
540 4378 749 4460 domesticum,
781 4374 905 4452 intelligi
931 4372 998 4436 solo
1020 4391 1056 4436 ex
1078 4373 1248 4454 angustiore
1270 4372 1325 4434 do-

91 4487 203 4562 anutir
221 4479 355 4556 notione,
378 4479 539 4545 secondum
553 4497 642 4562 qnam
658 4478 762 4558 religio
785 4475 944 4539 christiana
967 4493 1027 4538 uno
1048 4483 1162 4538 tanturn
1178 4474 1223 4536 rel
1247 4472 1325 4535 duo-

91 4584 150 4646 bus
171 4583 363 4664 dogmatibus
390 4581 449 4646 illis
479 4583 516 4644 de
545 4581 673 4645 trinitate
701 4589 731 4642 et
759 4577 963 4642 incarnatione
990 4579 1038 4642 dei
1061 4579 1229 4641 continetur
1258 4582 1327 4635 eta

1104 4697 1123 4748 Β
