<?xml version="1.0" encoding="UTF-8"?>
<!DOCTYPE html PUBLIC "-//W3C//DTD XHTML 1.0 Transitional//EN"
    "http://www.w3.org/TR/xhtml1/DTD/xhtml1-transitional.dtd">
<html xmlns="http://www.w3.org/1999/xhtml" xml:lang="en" lang="en">
 <head>
  <title>
</title>
<meta http-equiv="Content-Type" content="text/html;charset=utf-8" />
  <meta name='ocr-system' content='tesseract 3.04.00' />
  <meta name='ocr-capabilities' content='ocr_page ocr_carea ocr_par ocr_line ocrx_word'/>
</head>
<body>
  <div class='ocr_page' id='page_1' title='image "./sanctiathanasii01athagoog_0840.png"; bbox 0 0 3062 5044; ppageno 0'>
   <div class='ocr_carea' id='block_1_1' title="bbox 453 327 1287 408">
    <p class='ocr_par' dir='ltr' id='par_1_1' title="bbox 453 327 1287 408">
     <span class='ocr_line' id='line_1_1' title="bbox 453 327 1287 408; baseline 0.006 -20"><span class='ocrx_word' id='word_1_1' title='bbox 453 347 595 390; x_wconf 76' lang='lat' dir='ltr'>semrom</span> <span class='ocrx_word' id='word_1_2' title='bbox 611 347 648 388; x_wconf 86' lang='lat' dir='ltr'>rr.</span> <span class='ocrx_word' id='word_1_3' title='bbox 664 346 701 387; x_wconf 87' lang='grc' dir='ltr'>ιιι</span> <span class='ocrx_word' id='word_1_4' title='bbox 717 337 919 408; x_wconf 33' lang='lat' dir='ltr'>sensionem..</span> <span class='ocrx_word' id='word_1_5' title='bbox 1226 327 1287 394; x_wconf 79' lang='grc'>799</span> 
     </span>
    </p>
   </div>
   <div class='ocr_carea' id='block_1_2' title="bbox 51 495 1373 1904">
    <p class='ocr_par' dir='ltr' id='par_1_2' title="bbox 61 495 1373 1089">
     <span class='ocr_line' id='line_1_2' title="bbox 61 495 1372 583; baseline -0.006 -23"><span class='ocrx_word' id='word_1_6' title='bbox 61 507 121 560; x_wconf 89' lang='lat' dir='ltr'>tem</span> <span class='ocrx_word' id='word_1_7' title='bbox 143 517 178 560; x_wconf 87' lang='lat' dir='ltr'>ae</span> <span class='ocrx_word' id='word_1_8' title='bbox 199 497 345 560; x_wconf 74' lang='lat' dir='ltr'>diocadem</span> <span class='ocrx_word' id='word_1_9' title='bbox 367 497 477 560; x_wconf 86' lang='lat' dir='ltr'>nullam</span> <span class='ocrx_word' id='word_1_10' title='bbox 499 514 659 578; x_wconf 77' lang='lat' dir='ltr'>superesse</span> <span class='ocrx_word' id='word_1_11' title='bbox 682 496 718 558; x_wconf 93' lang='lat' dir='ltr'>iis</span> <span class='ocrx_word' id='word_1_12' title='bbox 740 495 864 566; x_wconf 86' lang='lat' dir='ltr'>reniam,</span> <span class='ocrx_word' id='word_1_13' title='bbox 887 495 937 576; x_wconf 88' lang='lat' dir='ltr'>qui</span> <span class='ocrx_word' id='word_1_14' title='bbox 959 503 1027 576; x_wconf 88' lang='lat' dir='ltr'>post</span> <span class='ocrx_word' id='word_1_15' title='bbox 1047 495 1192 557; x_wconf 72' lang='lat' dir='ltr'>lavacrum</span> <span class='ocrx_word' id='word_1_16' title='bbox 1213 507 1372 583; x_wconf 67' lang='lat' dir='ltr'>poc-anor.</span> 
     </span>
     <span class='ocr_line' id='line_1_3' title="bbox 61 597 1286 690; baseline -0.003 -28"><span class='ocrx_word' id='word_1_17' title='bbox 61 600 206 674; x_wconf 77' lang='lat' dir='ltr'>caverim,</span> <span class='ocrx_word' id='word_1_18' title='bbox 233 600 261 690; x_wconf 81' lang='lat' dir='ltr'>si</span> <span class='ocrx_word' id='word_1_19' title='bbox 282 601 355 662; x_wconf 89' lang='lat' dir='ltr'>baec</span> <span class='ocrx_word' id='word_1_20' title='bbox 375 599 464 662; x_wconf 83' lang='lat' dir='ltr'>rerba</span> <span class='ocrx_word' id='word_1_21' title='bbox 487 599 524 661; x_wconf 92' lang='lat' dir='ltr'>de</span> <span class='ocrx_word' id='word_1_22' title='bbox 546 599 621 666; x_wconf 88' lang='lat' dir='ltr'>illis.</span> <span class='ocrx_word' id='word_1_23' title='bbox 650 599 699 679; x_wconf 90' lang='lat' dir='ltr'>qui</span> <span class='ocrx_word' id='word_1_24' title='bbox 721 607 789 678; x_wconf 85' lang='lat' dir='ltr'>post</span> <span class='ocrx_word' id='word_1_25' title='bbox 811 598 957 660; x_wconf 75' lang='lat' dir='ltr'><strong>lavacrum</strong></span> <span class='ocrx_word' id='word_1_26' title='bbox 979 597 1178 677; x_wconf 74' lang='lat' dir='ltr'>peccaverim,</span> <span class='ocrx_word' id='word_1_27' title='bbox 1201 597 1286 664; x_wconf 81' lang='lat' dir='ltr'>dieta</span> 
     </span>
     <span class='ocr_line' id='line_1_4' title="bbox 61 699 1373 783; baseline -0.005 -21"><span class='ocrx_word' id='word_1_28' title='bbox 61 700 168 764; x_wconf 81' lang='lat' dir='ltr'>luere?</span> <span class='ocrx_word' id='word_1_29' title='bbox 211 701 326 764; x_wconf 85' lang='lat' dir='ltr'>Etenim</span> <span class='ocrx_word' id='word_1_30' title='bbox 348 701 428 783; x_wconf 87' lang='lat' dir='ltr'>quod</span> <span class='ocrx_word' id='word_1_31' title='bbox 448 702 479 764; x_wconf 91' lang='lat' dir='ltr'>in</span> <span class='ocrx_word' id='word_1_32' title='bbox 501 699 633 781; x_wconf 78' lang='lat' dir='ltr'>Epistola</span> <span class='ocrx_word' id='word_1_33' title='bbox 654 701 690 763; x_wconf 91' lang='lat' dir='ltr'>ad</span> <span class='ocrx_word' id='word_1_34' title='bbox 713 699 867 762; x_wconf 88' lang='lat' dir='ltr'>llebraeos</span> <span class='ocrx_word' id='word_1_35' title='bbox 889 699 1000 762; x_wconf 86' lang='lat' dir='ltr'>dictum</span> <span class='ocrx_word' id='word_1_36' title='bbox 1023 707 1079 772; x_wconf 88' lang='lat' dir='ltr'>est,</span> <span class='ocrx_word' id='word_1_37' title='bbox 1102 717 1162 763; x_wconf 86' lang='lat' dir='ltr'>nen</span> <span class='ocrx_word' id='word_1_38' title='bbox 1184 699 1373 760; x_wconf 66' lang='lat' dir='ltr'>caclo-amos.</span> 
     </span>
     <span class='ocr_line' id='line_1_5' title="bbox 62 801 1287 884; baseline -0.002 -20"><span class='ocrx_word' id='word_1_39' title='bbox 62 805 107 865; x_wconf 90' lang='lat' dir='ltr'>dit</span> <span class='ocrx_word' id='word_1_40' title='bbox 127 823 143 866; x_wconf 88' lang='lat' dir='ltr'>a</span> <span class='ocrx_word' id='word_1_41' title='bbox 165 802 347 883; x_wconf 87' lang='lat' dir='ltr'>poenitentia</span> <span class='ocrx_word' id='word_1_42' title='bbox 370 813 562 884; x_wconf 83' lang='lat' dir='ltr'>peccatores,</span> <span class='ocrx_word' id='word_1_43' title='bbox 586 803 638 864; x_wconf 91' lang='lat' dir='ltr'>sed</span> <span class='ocrx_word' id='word_1_44' title='bbox 661 802 792 864; x_wconf 80' lang='lat' dir='ltr'>ostendit</span> <span class='ocrx_word' id='word_1_45' title='bbox 814 801 934 866; x_wconf 87' lang='lat' dir='ltr'>unicum</span> <span class='ocrx_word' id='word_1_46' title='bbox 957 811 987 863; x_wconf 91' lang='lat' dir='ltr'>et</span> <span class='ocrx_word' id='word_1_47' title='bbox 1007 819 1068 862; x_wconf 92' lang='lat' dir='ltr'>non</span> <span class='ocrx_word' id='word_1_48' title='bbox 1091 801 1197 881; x_wconf 79' lang='lat' dir='ltr'>duplex</span> <span class='ocrx_word' id='word_1_49' title='bbox 1221 817 1287 862; x_wconf 79' lang='lat' dir='ltr'>asse</span> 
     </span>
     <span class='ocr_line' id='line_1_6' title="bbox 63 903 1286 986; baseline -0.003 -18"><span class='ocrx_word' id='word_1_50' title='bbox 63 906 212 968; x_wconf 80' lang='lat' dir='ltr'>Ecclesiae</span> <span class='ocrx_word' id='word_1_51' title='bbox 233 905 402 968; x_wconf 79' lang='lat' dir='ltr'>Catholicae</span> <span class='ocrx_word' id='word_1_52' title='bbox 422 905 583 986; x_wconf 79' lang='lat' dir='ltr'>baptisma.</span> <span class='ocrx_word' id='word_1_53' title='bbox 627 903 771 966; x_wconf 83' lang='lat' dir='ltr'>Hebraeis</span> <span class='ocrx_word' id='word_1_54' title='bbox 794 903 872 968; x_wconf 87' lang='lat' dir='ltr'>enim</span> <span class='ocrx_word' id='word_1_55' title='bbox 894 905 967 966; x_wconf 88' lang='lat' dir='ltr'>haec</span> <span class='ocrx_word' id='word_1_56' title='bbox 989 903 1119 983; x_wconf 84' lang='lat' dir='ltr'>scripsit,</span> <span class='ocrx_word' id='word_1_57' title='bbox 1142 912 1171 964; x_wconf 92' lang='lat' dir='ltr'>et</span> <span class='ocrx_word' id='word_1_58' title='bbox 1193 923 1231 964; x_wconf 86' lang='lat' dir='ltr'>ne</span> <span class='ocrx_word' id='word_1_59' title='bbox 1246 903 1286 965; x_wconf 94' lang='lat' dir='ltr'>illi</span> 
     </span>
     <span class='ocr_line' id='line_1_7' title="bbox 61 1005 1287 1089; baseline -0.002 -19"><span class='ocrx_word' id='word_1_60' title='bbox 61 1008 263 1089; x_wconf 89' lang='lat' dir='ltr'>poenitentiae</span> <span class='ocrx_word' id='word_1_61' title='bbox 285 1007 409 1070; x_wconf 87' lang='lat' dir='ltr'>obtentu</span> <span class='ocrx_word' id='word_1_62' title='bbox 431 1007 642 1080; x_wconf 81' lang='lat' dir='ltr'>existimarent,</span> <span class='ocrx_word' id='word_1_63' title='bbox 666 1007 744 1068; x_wconf 82' lang='lat' dir='ltr'>iuxta</span> <span class='ocrx_word' id='word_1_64' title='bbox 760 1006 834 1085; x_wconf 86' lang='lat' dir='ltr'>legis</span> <span class='ocrx_word' id='word_1_65' title='bbox 849 1006 1096 1082; x_wconf 73' lang='lat' dir='ltr'>consuetudinem</span> <span class='ocrx_word' id='word_1_66' title='bbox 1111 1005 1202 1066; x_wconf 81' lang='lat' dir='ltr'>marita</span> <span class='ocrx_word' id='word_1_67' title='bbox 1218 1023 1287 1068; x_wconf 86' lang='lat' dir='ltr'>esse</span> 
     </span>
    </p>

    <p class='ocr_par' dir='ltr' id='par_1_3' title="bbox 51 1107 1290 1293">
     <span class='ocr_line' id='line_1_8' title="bbox 62 1107 1288 1190; baseline -0.003 -18"><span class='ocrx_word' id='word_1_68' title='bbox 62 1119 92 1172; x_wconf 89' lang='lat' dir='ltr'>et</span> <span class='ocrx_word' id='word_1_69' title='bbox 115 1111 246 1190; x_wconf 87' lang='lat' dir='ltr'>quotidie</span> <span class='ocrx_word' id='word_1_70' title='bbox 268 1110 460 1190; x_wconf 88' lang='lat' dir='ltr'>baptismata,</span> <span class='ocrx_word' id='word_1_71' title='bbox 488 1109 556 1172; x_wconf 92' lang='lat' dir='ltr'>ideo</span> <span class='ocrx_word' id='word_1_72' title='bbox 586 1128 638 1171; x_wconf 92' lang='lat' dir='ltr'>eos</span> <span class='ocrx_word' id='word_1_73' title='bbox 667 1109 702 1170; x_wconf 89' lang='lat' dir='ltr'>ad</span> <span class='ocrx_word' id='word_1_74' title='bbox 725 1108 939 1188; x_wconf 86' lang='lat' dir='ltr'>poenitentiam</span> <span class='ocrx_word' id='word_1_75' title='bbox 961 1107 1110 1180; x_wconf 60' lang='lat' dir='ltr'>bonaur,</span> <span class='ocrx_word' id='word_1_76' title='bbox 1140 1125 1288 1188; x_wconf 78' lang='lat' dir='ltr'>unamque</span> 
     </span>
     <span class='ocr_line' id='line_1_9' title="bbox 51 1210 1290 1293; baseline -0.003 -19"><span class='ocrx_word' id='word_1_77' title='bbox 51 1233 132 1274; x_wconf 53' lang='lat' dir='ltr'>‘esse</span> <span class='ocrx_word' id='word_1_78' title='bbox 153 1231 207 1293; x_wconf 90' lang='lat' dir='ltr'>per</span> <span class='ocrx_word' id='word_1_79' title='bbox 226 1213 376 1291; x_wconf 87' lang='lat' dir='ltr'>Baptisma</span> <span class='ocrx_word' id='word_1_80' title='bbox 398 1213 624 1278; x_wconf 80' lang='lat' dir='ltr'>renovationem</span> <span class='ocrx_word' id='word_1_81' title='bbox 646 1229 701 1272; x_wconf 91' lang='lat' dir='ltr'>nec</span> <span class='ocrx_word' id='word_1_82' title='bbox 722 1211 881 1273; x_wconf 86' lang='lat' dir='ltr'>secundam</span> <span class='ocrx_word' id='word_1_83' title='bbox 905 1227 1065 1290; x_wconf 84' lang='lat' dir='ltr'>superesse</span> <span class='ocrx_word' id='word_1_84' title='bbox 1087 1210 1234 1282; x_wconf 87' lang='lat' dir='ltr'>altirmat,</span> <span class='ocrx_word' id='word_1_85' title='bbox 1256 1221 1290 1270; x_wconf 90' lang='lat' dir='ltr'>ut</span> 
     </span>
    </p>

    <p class='ocr_par' dir='ltr' id='par_1_4' title="bbox 56 1310 1358 1904">
     <span class='ocr_line' id='line_1_10' title="bbox 60 1310 1289 1398; baseline -0.003 -22"><span class='ocrx_word' id='word_1_86' title='bbox 60 1325 93 1376; x_wconf 88' lang='lat' dir='ltr'>et</span> <span class='ocrx_word' id='word_1_87' title='bbox 116 1315 146 1375; x_wconf 94' lang='lat' dir='ltr'>in</span> <span class='ocrx_word' id='word_1_88' title='bbox 169 1313 223 1376; x_wconf 88' lang='lat' dir='ltr'>alia</span> <span class='ocrx_word' id='word_1_89' title='bbox 247 1313 317 1376; x_wconf 89' lang='lat' dir='ltr'>dicit</span> <span class='ocrx_word' id='word_1_90' title='bbox 339 1313 479 1393; x_wconf 84' lang='lat' dir='ltr'>epistola:</span> <span class='ocrx_word' id='word_1_91' title='bbox 507 1313 572 1376; x_wconf 83' lang='lat' dir='ltr'>Una</span> <span class='ocrx_word' id='word_1_92' title='bbox 593 1315 678 1398; x_wconf 72' lang='lat' dir='ltr'>fides,</span> <span class='ocrx_word' id='word_1_93' title='bbox 701 1313 978 1392; x_wconf 74' lang='lat' dir='ltr'>naamdoptisntn.</span> <span class='ocrx_word' id='word_1_94' title='bbox 1023 1310 1125 1390; x_wconf 85' lang='lat' dir='ltr'>Neque</span> <span class='ocrx_word' id='word_1_95' title='bbox 1140 1313 1218 1374; x_wconf 85' lang='lat' dir='ltr'>enirn</span> <span class='ocrx_word' id='word_1_96' title='bbox 1233 1311 1289 1374; x_wconf 87' lang='lat' dir='ltr'>ait:</span> 
     </span>
     <span class='ocr_line' id='line_1_11' title="bbox 57 1413 1288 1496; baseline 0 -20"><span class='ocrx_word' id='word_1_97' title='bbox 57 1415 248 1496; x_wconf 90' lang='lat' dir='ltr'>impossibile</span> <span class='ocrx_word' id='word_1_98' title='bbox 270 1422 316 1478; x_wconf 87' lang='lat' dir='ltr'>est</span> <span class='ocrx_word' id='word_1_99' title='bbox 337 1415 500 1496; x_wconf 82' lang='lat' dir='ltr'>poenitere,</span> <span class='ocrx_word' id='word_1_100' title='bbox 525 1415 579 1476; x_wconf 91' lang='lat' dir='ltr'>sed</span> <span class='ocrx_word' id='word_1_101' title='bbox 601 1413 786 1494; x_wconf 88' lang='lat' dir='ltr'>impossibile</span> <span class='ocrx_word' id='word_1_102' title='bbox 809 1423 856 1476; x_wconf 90' lang='lat' dir='ltr'>est</span> <span class='ocrx_word' id='word_1_103' title='bbox 878 1413 1002 1476; x_wconf 90' lang='lat' dir='ltr'>obtentu</span> <span class='ocrx_word' id='word_1_104' title='bbox 1016 1413 1216 1492; x_wconf 89' lang='lat' dir='ltr'>poenitentiae</span> <span class='ocrx_word' id='word_1_105' title='bbox 1232 1430 1288 1476; x_wconf 85' lang='lat' dir='ltr'>nos</span> 
     </span>
     <span class='ocr_line' id='line_1_12' title="bbox 56 1515 1358 1596; baseline -0.002 -17"><span class='ocrx_word' id='word_1_106' title='bbox 56 1537 216 1580; x_wconf 82' lang='lat' dir='ltr'>renovare.</span> <span class='ocrx_word' id='word_1_107' title='bbox 265 1518 320 1580; x_wconf 81' lang='lat' dir='ltr'>Est</span> <span class='ocrx_word' id='word_1_108' title='bbox 348 1527 445 1580; x_wconf 89' lang='lat' dir='ltr'>autem</span> <span class='ocrx_word' id='word_1_109' title='bbox 475 1517 581 1596; x_wconf 87' lang='lat' dir='ltr'>ingens</span> <span class='ocrx_word' id='word_1_110' title='bbox 610 1517 685 1580; x_wconf 87' lang='lat' dir='ltr'>inter</span> <span class='ocrx_word' id='word_1_111' title='bbox 717 1517 790 1578; x_wconf 89' lang='lat' dir='ltr'>baec</span> <span class='ocrx_word' id='word_1_112' title='bbox 818 1515 895 1578; x_wconf 85' lang='lat' dir='ltr'>dicta</span> <span class='ocrx_word' id='word_1_113' title='bbox 924 1515 1094 1578; x_wconf 84' lang='lat' dir='ltr'>discrimen.</span> <span class='ocrx_word' id='word_1_114' title='bbox 1146 1515 1176 1576; x_wconf 91' lang='lat' dir='ltr'>ls</span> <span class='ocrx_word' id='word_1_115' title='bbox 1198 1515 1288 1590; x_wconf 83' lang='lat' dir='ltr'>eninr,</span> <span class='ocrx_word' id='word_1_116' title='bbox 1355 1527 1358 1538; x_wconf 88' lang='grc'><strong><em>·</em></strong></span> 
     </span>
     <span class='ocr_line' id='line_1_13' title="bbox 58 1616 1289 1702; baseline -0.003 -20"><span class='ocrx_word' id='word_1_117' title='bbox 58 1639 152 1700; x_wconf 90' lang='lat' dir='ltr'>quem</span> <span class='ocrx_word' id='word_1_118' title='bbox 174 1620 327 1700; x_wconf 90' lang='lat' dir='ltr'>poenitet,</span> <span class='ocrx_word' id='word_1_119' title='bbox 350 1639 482 1702; x_wconf 82' lang='lat' dir='ltr'>peecare.</span> <span class='ocrx_word' id='word_1_120' title='bbox 495 1619 613 1699; x_wconf 88' lang='lat' dir='ltr'>quidem</span> <span class='ocrx_word' id='word_1_121' title='bbox 637 1619 761 1692; x_wconf 86' lang='lat' dir='ltr'>desinit,</span> <span class='ocrx_word' id='word_1_122' title='bbox 785 1618 893 1681; x_wconf 90' lang='lat' dir='ltr'>retinet</span> <span class='ocrx_word' id='word_1_123' title='bbox 916 1625 1013 1680; x_wconf 75' lang='lat' dir='ltr'>umen</span> <span class='ocrx_word' id='word_1_124' title='bbox 1035 1616 1189 1680; x_wconf 82' lang='lat' dir='ltr'>vulnerum</span> <span class='ocrx_word' id='word_1_125' title='bbox 1211 1617 1289 1678; x_wconf 90' lang='lat' dir='ltr'>cica-</span> 
     </span>
     <span class='ocr_line' id='line_1_14' title="bbox 57 1719 1319 1801; baseline -0.005 -17"><span class='ocrx_word' id='word_1_126' title='bbox 57 1723 164 1784; x_wconf 85' lang='lat' dir='ltr'>trices.</span> <span class='ocrx_word' id='word_1_127' title='bbox 206 1721 264 1796; x_wconf 81' lang='lat' dir='ltr'>Qut</span> <span class='ocrx_word' id='word_1_128' title='bbox 286 1730 388 1784; x_wconf 88' lang='lat' dir='ltr'>autem·</span> <span class='ocrx_word' id='word_1_129' title='bbox 406 1721 587 1801; x_wconf 81' lang='lat' dir='ltr'>baptizatur,</span> <span class='ocrx_word' id='word_1_130' title='bbox 616 1729 745 1783; x_wconf 86' lang='lat' dir='ltr'>veterem</span> <span class='ocrx_word' id='word_1_131' title='bbox 773 1719 853 1783; x_wconf 83' lang='lat' dir='ltr'>exuit</span> <span class='ocrx_word' id='word_1_132' title='bbox 881 1719 1032 1782; x_wconf 86' lang='lat' dir='ltr'>bominem</span> <span class='ocrx_word' id='word_1_133' title='bbox 1061 1727 1091 1781; x_wconf 89' lang='lat' dir='ltr'>et</span> <span class='ocrx_word' id='word_1_134' title='bbox 1119 1727 1319 1790; x_wconf 60' lang='lat' dir='ltr'>renovetur„</span> 
     </span>
     <span class='ocr_line' id='line_1_15' title="bbox 58 1823 611 1904; baseline -0.004 -18"><span class='ocrx_word' id='word_1_135' title='bbox 58 1842 194 1904; x_wconf 86' lang='lat' dir='ltr'>superne</span> <span class='ocrx_word' id='word_1_136' title='bbox 215 1824 333 1903; x_wconf 89' lang='lat' dir='ltr'>genitus</span> <span class='ocrx_word' id='word_1_137' title='bbox 356 1823 486 1904; x_wconf 86' lang='lat' dir='ltr'>Spiritus</span> <span class='ocrx_word' id='word_1_138' title='bbox 508 1825 611 1902; x_wconf 88' lang='lat' dir='ltr'>gratia.</span> 
     </span>
    </p>
   </div>
   <div class='ocr_carea' id='block_1_3' title="bbox 55 2022 1359 3632">
    <p class='ocr_par' dir='ltr' id='par_1_5' title="bbox 55 2022 1359 3632">
     <span class='ocr_line' id='line_1_16' title="bbox 155 2022 1288 2105; baseline -0.004 -17"><span class='ocrx_word' id='word_1_139' title='bbox 155 2029 200 2088; x_wconf 84' lang='lat' dir='ltr'>tl.</span> <span class='ocrx_word' id='word_1_140' title='bbox 243 2026 323 2088; x_wconf 88' lang='lat' dir='ltr'>llaec</span> <span class='ocrx_word' id='word_1_141' title='bbox 343 2025 432 2105; x_wconf 89' lang='lat' dir='ltr'>igitur</span> <span class='ocrx_word' id='word_1_142' title='bbox 453 2025 592 2104; x_wconf 80' lang='lat' dir='ltr'>cogitanti</span> <span class='ocrx_word' id='word_1_143' title='bbox 616 2025 687 2086; x_wconf 90' lang='lat' dir='ltr'>mibi</span> <span class='ocrx_word' id='word_1_144' title='bbox 715 2024 809 2085; x_wconf 89' lang='lat' dir='ltr'>maior</span> <span class='ocrx_word' id='word_1_145' title='bbox 829 2024 860 2084; x_wconf 92' lang='lat' dir='ltr'>in</span> <span class='ocrx_word' id='word_1_146' title='bbox 883 2024 941 2086; x_wconf 78' lang='lat' dir='ltr'>ltoc</span> <span class='ocrx_word' id='word_1_147' title='bbox 963 2023 1041 2085; x_wconf 88' lang='lat' dir='ltr'>dicto</span> <span class='ocrx_word' id='word_1_148' title='bbox 1065 2022 1194 2086; x_wconf 85' lang='lat' dir='ltr'>occurrit</span> <span class='ocrx_word' id='word_1_149' title='bbox 1216 2040 1288 2084; x_wconf 87' lang='lat' dir='ltr'>sen·</span> 
     </span>
     <span class='ocr_line' id='line_1_17' title="bbox 57 2123 1289 2208; baseline -0.004 -18"><span class='ocrx_word' id='word_1_150' title='bbox 57 2126 173 2190; x_wconf 85' lang='lat' dir='ltr'>tentiae</span> <span class='ocrx_word' id='word_1_151' title='bbox 193 2125 388 2207; x_wconf 80' lang='lat' dir='ltr'>profunditas.</span> <span class='ocrx_word' id='word_1_152' title='bbox 433 2127 623 2208; x_wconf 84' lang='lat' dir='ltr'>Quapropter</span> <span class='ocrx_word' id='word_1_153' title='bbox 643 2127 745 2188; x_wconf 89' lang='lat' dir='ltr'>multis</span> <span class='ocrx_word' id='word_1_154' title='bbox 768 2133 853 2187; x_wconf 90' lang='lat' dir='ltr'>antea</span> <span class='ocrx_word' id='word_1_155' title='bbox 875 2123 1036 2188; x_wconf 84' lang='lat' dir='ltr'>Dominum</span> <span class='ocrx_word' id='word_1_156' title='bbox 1059 2131 1216 2205; x_wconf 85' lang='lat' dir='ltr'>precatus,</span> <span class='ocrx_word' id='word_1_157' title='bbox 1240 2123 1289 2204; x_wconf 87' lang='lat' dir='ltr'>qni</span> 
     </span>
     <span class='ocr_line' id='line_1_18' title="bbox 57 2225 1289 2311; baseline 0 -21"><span class='ocrx_word' id='word_1_158' title='bbox 57 2247 154 2309; x_wconf 86' lang='lat' dir='ltr'>supra</span> <span class='ocrx_word' id='word_1_159' title='bbox 175 2237 297 2309; x_wconf 90' lang='lat' dir='ltr'>puteum</span> <span class='ocrx_word' id='word_1_160' title='bbox 319 2230 398 2293; x_wconf 88' lang='lat' dir='ltr'>sedit</span> <span class='ocrx_word' id='word_1_161' title='bbox 418 2238 449 2292; x_wconf 91' lang='lat' dir='ltr'>et</span> <span class='ocrx_word' id='word_1_162' title='bbox 470 2249 561 2310; x_wconf 87' lang='lat' dir='ltr'>super</span> <span class='ocrx_word' id='word_1_163' title='bbox 583 2247 663 2292; x_wconf 90' lang='lat' dir='ltr'>mare</span> <span class='ocrx_word' id='word_1_164' title='bbox 686 2227 892 2301; x_wconf 83' lang='lat' dir='ltr'>deambulavit,</span> <span class='ocrx_word' id='word_1_165' title='bbox 915 2227 952 2288; x_wconf 87' lang='lat' dir='ltr'>ad</span> <span class='ocrx_word' id='word_1_166' title='bbox 967 2225 1224 2307; x_wconf 87' lang='lat' dir='ltr'>dispensationem</span> <span class='ocrx_word' id='word_1_167' title='bbox 1238 2244 1289 2311; x_wconf 61' lang='lat' dir='ltr'>roy</span> 
     </span>
     <span class='ocr_line' id='line_1_19' title="bbox 57 2327 1291 2412; baseline -0.003 -20"><span class='ocrx_word' id='word_1_168' title='bbox 57 2332 118 2392; x_wconf 91' lang='lat' dir='ltr'>deo</span> <span class='ocrx_word' id='word_1_169' title='bbox 142 2331 172 2392; x_wconf 92' lang='lat' dir='ltr'>in</span> <span class='ocrx_word' id='word_1_170' title='bbox 194 2331 245 2392; x_wconf 92' lang='lat' dir='ltr'>illo</span> <span class='ocrx_word' id='word_1_171' title='bbox 266 2351 322 2412; x_wconf 90' lang='lat' dir='ltr'>pro</span> <span class='ocrx_word' id='word_1_172' title='bbox 345 2332 432 2394; x_wconf 92' lang='lat' dir='ltr'>nobis</span> <span class='ocrx_word' id='word_1_173' title='bbox 455 2331 624 2394; x_wconf 82' lang='lat' dir='ltr'>exhibitam.</span> <span class='ocrx_word' id='word_1_174' title='bbox 668 2330 819 2392; x_wconf 81' lang='lat' dir='ltr'>Fortassis</span> <span class='ocrx_word' id='word_1_175' title='bbox 849 2349 884 2390; x_wconf 86' lang='lat' dir='ltr'>ex</span> <span class='ocrx_word' id='word_1_176' title='bbox 912 2328 960 2390; x_wconf 92' lang='lat' dir='ltr'>illa</span> <span class='ocrx_word' id='word_1_177' title='bbox 987 2327 1124 2392; x_wconf 88' lang='lat' dir='ltr'>lectionis</span> <span class='ocrx_word' id='word_1_178' title='bbox 1147 2344 1291 2408; x_wconf 86' lang='lat' dir='ltr'>assequar</span> 
     </span>
     <span class='ocr_line' id='line_1_20' title="bbox 57 2429 1289 2514; baseline -0.003 -19"><span class='ocrx_word' id='word_1_179' title='bbox 57 2432 254 2496; x_wconf 89' lang='lat' dir='ltr'>intellectum.</span> <span class='ocrx_word' id='word_1_180' title='bbox 298 2434 404 2496; x_wconf 84' lang='lat' dir='ltr'>Omnis</span> <span class='ocrx_word' id='word_1_181' title='bbox 426 2433 525 2514; x_wconf 86' lang='lat' dir='ltr'>itaque</span> <span class='ocrx_word' id='word_1_182' title='bbox 547 2432 645 2496; x_wconf 80' lang='lat' dir='ltr'>divina</span> <span class='ocrx_word' id='word_1_183' title='bbox 666 2433 819 2514; x_wconf 88' lang='lat' dir='ltr'>Scriptura</span> <span class='ocrx_word' id='word_1_184' title='bbox 841 2432 918 2494; x_wconf 89' lang='lat' dir='ltr'>banc</span> <span class='ocrx_word' id='word_1_185' title='bbox 939 2431 1098 2494; x_wconf 87' lang='lat' dir='ltr'>annunciat</span> <span class='ocrx_word' id='word_1_186' title='bbox 1119 2439 1149 2494; x_wconf 88' lang='lat' dir='ltr'>et</span> <span class='ocrx_word' id='word_1_187' title='bbox 1169 2429 1289 2512; x_wconf 89' lang='lat' dir='ltr'>praedi·</span> 
     </span>
     <span class='ocr_line' id='line_1_21' title="bbox 58 2533 1289 2615; baseline 0.001 -20"><span class='ocrx_word' id='word_1_188' title='bbox 58 2541 117 2608; x_wconf 88' lang='lat' dir='ltr'>cat,</span> <span class='ocrx_word' id='word_1_189' title='bbox 139 2535 324 2615; x_wconf 80' lang='lat' dir='ltr'>maximeque</span> <span class='ocrx_word' id='word_1_190' title='bbox 346 2535 484 2608; x_wconf 92' lang='lat' dir='ltr'>loannes,</span> <span class='ocrx_word' id='word_1_191' title='bbox 507 2535 557 2614; x_wconf 89' lang='lat' dir='ltr'>qui</span> <span class='ocrx_word' id='word_1_192' title='bbox 580 2536 635 2596; x_wconf 91' lang='lat' dir='ltr'>ait:</span> <span class='ocrx_word' id='word_1_193' title='bbox 668 2535 795 2597; x_wconf 83' lang='lat' dir='ltr'>Verbum</span> <span class='ocrx_word' id='word_1_194' title='bbox 817 2551 889 2596; x_wconf 85' lang='lat' dir='ltr'>coro</span> <span class='ocrx_word' id='word_1_195' title='bbox 912 2534 1029 2612; x_wconf 70' lang='lat' dir='ltr'>fanum</span> <span class='ocrx_word' id='word_1_196' title='bbox 1051 2542 1097 2597; x_wconf 79' lang='lat' dir='ltr'>eat</span> <span class='ocrx_word' id='word_1_197' title='bbox 1119 2543 1149 2595; x_wconf 87' lang='lat' dir='ltr'>ct</span> <span class='ocrx_word' id='word_1_198' title='bbox 1171 2533 1289 2596; x_wconf 83' lang='lat' dir='ltr'>dabitu-</span> 
     </span>
     <span class='ocr_line' id='line_1_22' title="bbox 58 2633 1290 2714; baseline -0.001 -17"><span class='ocrx_word' id='word_1_199' title='bbox 58 2641 104 2698; x_wconf 82' lang='lat' dir='ltr'>oit</span> <span class='ocrx_word' id='word_1_200' title='bbox 126 2641 161 2698; x_wconf 85' lang='grc' dir='ltr'>ιἰι</span> <span class='ocrx_word' id='word_1_201' title='bbox 181 2637 278 2708; x_wconf 69' lang='lat' dir='ltr'>nobb,</span> <span class='ocrx_word' id='word_1_202' title='bbox 302 2645 332 2698; x_wconf 90' lang='lat' dir='ltr'>et</span> <span class='ocrx_word' id='word_1_203' title='bbox 352 2637 461 2700; x_wconf 87' lang='lat' dir='ltr'>Paulus</span> <span class='ocrx_word' id='word_1_204' title='bbox 484 2637 530 2700; x_wconf 87' lang='lat' dir='ltr'>bis</span> <span class='ocrx_word' id='word_1_205' title='bbox 552 2636 668 2698; x_wconf 80' lang='lat' dir='ltr'>verbis:</span> <span class='ocrx_word' id='word_1_206' title='bbox 694 2637 757 2710; x_wconf 80' lang='lat' dir='ltr'>Qua·</span> <span class='ocrx_word' id='word_1_207' title='bbox 778 2653 844 2698; x_wconf 84' lang='lat' dir='ltr'>cum</span> <span class='ocrx_word' id='word_1_208' title='bbox 866 2639 897 2698; x_wconf 82' lang='lat' dir='ltr'>ira</span> <span class='ocrx_word' id='word_1_209' title='bbox 919 2636 1023 2714; x_wconf 73' lang='lat' dir='ltr'>formo</span> <span class='ocrx_word' id='word_1_210' title='bbox 1036 2633 1096 2696; x_wconf 79' lang='lat' dir='ltr'>Dn&#39;</span> <span class='ocrx_word' id='word_1_211' title='bbox 1115 2645 1205 2710; x_wconf 84' lang='lat' dir='ltr'>esset,</span> <span class='ocrx_word' id='word_1_212' title='bbox 1228 2652 1290 2698; x_wconf 78' lang='lat' dir='ltr'>noa</span> 
     </span>
     <span class='ocr_line' id='line_1_23' title="bbox 57 2725 1290 2820; baseline -0.002 -22"><span class='ocrx_word' id='word_1_213' title='bbox 57 2743 203 2818; x_wconf 81' lang='lat' dir='ltr'>rapinam</span> <span class='ocrx_word' id='word_1_214' title='bbox 224 2740 395 2802; x_wconf 74' lang='lat' dir='ltr'>arbitratus</span> <span class='ocrx_word' id='word_1_215' title='bbox 418 2749 463 2802; x_wconf 82' lang='lat' dir='ltr'>eet</span> <span class='ocrx_word' id='word_1_216' title='bbox 485 2757 548 2801; x_wconf 83' lang='lat' dir='ltr'>ease</span> <span class='ocrx_word' id='word_1_217' title='bbox 570 2758 602 2802; x_wconf 86' lang='lat' dir='ltr'>ac</span> <span class='ocrx_word' id='word_1_218' title='bbox 623 2737 872 2820; x_wconf 69' lang='lat' dir='ltr'>captonnaco,</span> <span class='ocrx_word' id='word_1_219' title='bbox 896 2737 949 2798; x_wconf 83' lang='lat' dir='ltr'>sed</span> <span class='ocrx_word' id='word_1_220' title='bbox 969 2725 1160 2816; x_wconf 75' lang='lat' dir='ltr'>semetipsum</span> <span class='ocrx_word' id='word_1_221' title='bbox 1182 2739 1290 2798; x_wconf 69' lang='lat' dir='ltr'>wino-</span> 
     </span>
     <span class='ocr_line' id='line_1_24' title="bbox 58 2835 1290 2922; baseline -0.002 -22"><span class='ocrx_word' id='word_1_222' title='bbox 58 2843 138 2900; x_wconf 83' lang='lat' dir='ltr'>nr&#39;vit</span> <span class='ocrx_word' id='word_1_223' title='bbox 160 2841 296 2918; x_wconf 78' lang='lat' dir='ltr'>somam</span> <span class='ocrx_word' id='word_1_224' title='bbox 323 2845 408 2904; x_wconf 83' lang='lat' dir='ltr'>eeroa&#39;</span> <span class='ocrx_word' id='word_1_225' title='bbox 426 2843 576 2922; x_wconf 73' lang='lat' dir='ltr'>scorpione</span> <span class='ocrx_word' id='word_1_226' title='bbox 599 2852 628 2903; x_wconf 86' lang='lat' dir='ltr'>et</span> <span class='ocrx_word' id='word_1_227' title='bbox 651 2839 753 2902; x_wconf 84' lang='lat' dir='ltr'>babitu</span> <span class='ocrx_word' id='word_1_228' title='bbox 776 2841 918 2902; x_wconf 79' lang='lat' dir='ltr'>inventas</span> <span class='ocrx_word' id='word_1_229' title='bbox 939 2846 975 2900; x_wconf 83' lang='lat' dir='ltr'>ot</span> <span class='ocrx_word' id='word_1_230' title='bbox 997 2837 1092 2900; x_wconf 84' lang='lat' dir='ltr'>bomo.</span> <span class='ocrx_word' id='word_1_231' title='bbox 1136 2835 1290 2900; x_wconf 82' lang='lat' dir='ltr'>Humilia·</span> 
     </span>
     <span class='ocr_line' id='line_1_25' title="bbox 57 2941 1359 3022; baseline 0 -22"><span class='ocrx_word' id='word_1_232' title='bbox 57 2945 105 3001; x_wconf 79' lang='lat' dir='ltr'>ott</span> <span class='ocrx_word' id='word_1_233' title='bbox 128 2947 317 3022; x_wconf 78' lang='lat' dir='ltr'>semetipsam</span> <span class='ocrx_word' id='word_1_234' title='bbox 337 2943 441 3022; x_wconf 77' lang='lat' dir='ltr'>sectus</span> <span class='ocrx_word' id='word_1_235' title='bbox 463 2941 600 3006; x_wconf 80' lang='lat' dir='ltr'>obediens</span> <span class='ocrx_word' id='word_1_236' title='bbox 621 2960 716 3022; x_wconf 71' lang='lat' dir='ltr'>usque</span> <span class='ocrx_word' id='word_1_237' title='bbox 738 2941 777 3002; x_wconf 85' lang='lat' dir='ltr'>nd</span> <span class='ocrx_word' id='word_1_238' title='bbox 799 2949 935 3011; x_wconf 85' lang='lat' dir='ltr'>mortem,</span> <span class='ocrx_word' id='word_1_239' title='bbox 958 2949 1087 3002; x_wconf 83' lang='lat' dir='ltr'>mortem</span> <span class='ocrx_word' id='word_1_240' title='bbox 1102 2948 1290 3002; x_wconf 75' lang='lat' dir='ltr'>autemcon-</span> <span class='ocrx_word' id='word_1_241' title='bbox 1356 2971 1359 2980; x_wconf 89' lang='lat'>.</span> 
     </span>
     <span class='ocr_line' id='line_1_26' title="bbox 59 3037 1289 3120; baseline 0 -18"><span class='ocrx_word' id='word_1_242' title='bbox 59 3046 119 3102; x_wconf 78' lang='grc' dir='ltr'>αἰ.</span> <span class='ocrx_word' id='word_1_243' title='bbox 161 3041 230 3104; x_wconf 89' lang='lat' dir='ltr'>ldeo</span> <span class='ocrx_word' id='word_1_244' title='bbox 259 3043 337 3106; x_wconf 86' lang='lat' dir='ltr'>enim</span> <span class='ocrx_word' id='word_1_245' title='bbox 365 3043 445 3106; x_wconf 87' lang='lat' dir='ltr'>Dens</span> <span class='ocrx_word' id='word_1_246' title='bbox 475 3062 540 3104; x_wconf 88' lang='lat' dir='ltr'>eum</span> <span class='ocrx_word' id='word_1_247' title='bbox 574 3051 656 3104; x_wconf 87' lang='lat' dir='ltr'>esset</span> <span class='ocrx_word' id='word_1_248' title='bbox 683 3050 771 3120; x_wconf 81' lang='lat' dir='ltr'>atque</span> <span class='ocrx_word' id='word_1_249' title='bbox 800 3041 891 3102; x_wconf 89' lang='lat' dir='ltr'>bomo</span> <span class='ocrx_word' id='word_1_250' title='bbox 913 3041 1008 3104; x_wconf 81' lang='lat' dir='ltr'>lactus</span> <span class='ocrx_word' id='word_1_251' title='bbox 1030 3049 1126 3114; x_wconf 86' lang='lat' dir='ltr'>esset,</span> <span class='ocrx_word' id='word_1_252' title='bbox 1158 3048 1189 3103; x_wconf 92' lang='lat' dir='ltr'>ut</span> <span class='ocrx_word' id='word_1_253' title='bbox 1211 3037 1289 3102; x_wconf 85' lang='lat' dir='ltr'>[leus</span> 
     </span>
     <span class='ocr_line' id='line_1_27' title="bbox 59 3139 1289 3222; baseline 0 -20"><span class='ocrx_word' id='word_1_254' title='bbox 59 3142 206 3206; x_wconf 85' lang='lat' dir='ltr'>excitabat</span> <span class='ocrx_word' id='word_1_255' title='bbox 227 3151 378 3221; x_wconf 89' lang='lat' dir='ltr'>mortuos,</span> <span class='ocrx_word' id='word_1_256' title='bbox 409 3143 499 3208; x_wconf 84' lang='lat' dir='ltr'>verbo</span> <span class='ocrx_word' id='word_1_257' title='bbox 521 3143 644 3206; x_wconf 89' lang='lat' dir='ltr'>sanabat</span> <span class='ocrx_word' id='word_1_258' title='bbox 665 3143 839 3216; x_wconf 79' lang='lat' dir='ltr'>universos,</span> <span class='ocrx_word' id='word_1_259' title='bbox 870 3141 993 3204; x_wconf 83' lang='lat' dir='ltr'>mutarit</span> <span class='ocrx_word' id='word_1_260' title='bbox 1022 3142 1110 3204; x_wconf 87' lang='lat' dir='ltr'>etiam</span> <span class='ocrx_word' id='word_1_261' title='bbox 1132 3159 1236 3222; x_wconf 86' lang='lat' dir='ltr'>aquom</span> <span class='ocrx_word' id='word_1_262' title='bbox 1259 3139 1289 3202; x_wconf 94' lang='lat' dir='ltr'>in</span> 
     </span>
     <span class='ocr_line' id='line_1_28' title="bbox 60 3243 1289 3326; baseline 0.003 -24"><span class='ocrx_word' id='word_1_263' title='bbox 60 3245 174 3318; x_wconf 75' lang='lat' dir='ltr'>vinnan</span> <span class='ocrx_word' id='word_1_264' title='bbox 196 3264 257 3308; x_wconf 93' lang='lat' dir='ltr'>non</span> <span class='ocrx_word' id='word_1_265' title='bbox 279 3247 357 3310; x_wconf 90' lang='lat' dir='ltr'>euim</span> <span class='ocrx_word' id='word_1_266' title='bbox 379 3247 509 3308; x_wconf 89' lang='lat' dir='ltr'>bominis</span> <span class='ocrx_word' id='word_1_267' title='bbox 531 3246 605 3308; x_wconf 88' lang='lat' dir='ltr'>baec</span> <span class='ocrx_word' id='word_1_268' title='bbox 627 3254 711 3308; x_wconf 86' lang='lat' dir='ltr'>erant</span> <span class='ocrx_word' id='word_1_269' title='bbox 724 3263 833 3326; x_wconf 71' lang='lat' dir='ltr'>operaa</span> <span class='ocrx_word' id='word_1_270' title='bbox 853 3253 944 3324; x_wconf 89' lang='lat' dir='ltr'>prout</span> <span class='ocrx_word' id='word_1_271' title='bbox 959 3253 1056 3306; x_wconf 86' lang='lat' dir='ltr'>autem</span> <span class='ocrx_word' id='word_1_272' title='bbox 1072 3243 1205 3322; x_wconf 75' lang='lat' dir='ltr'>gestabat</span> <span class='ocrx_word' id='word_1_273' title='bbox 1220 3261 1289 3306; x_wconf 88' lang='lat' dir='ltr'>cor·</span> 
     </span>
     <span class='ocr_line' id='line_1_29' title="bbox 59 3345 1309 3427; baseline 0.001 -20"><span class='ocrx_word' id='word_1_274' title='bbox 59 3366 133 3426; x_wconf 90' lang='lat' dir='ltr'>pus,</span> <span class='ocrx_word' id='word_1_275' title='bbox 155 3347 285 3424; x_wconf 87' lang='lat' dir='ltr'>sitiebat,</span> <span class='ocrx_word' id='word_1_276' title='bbox 307 3348 459 3411; x_wconf 87' lang='lat' dir='ltr'>laborabat</span> <span class='ocrx_word' id='word_1_277' title='bbox 480 3357 509 3410; x_wconf 90' lang='lat' dir='ltr'>et</span> <span class='ocrx_word' id='word_1_278' title='bbox 530 3347 705 3427; x_wconf 85' lang='lat' dir='ltr'>patiebatur,</span> <span class='ocrx_word' id='word_1_279' title='bbox 729 3365 790 3410; x_wconf 93' lang='lat' dir='ltr'>non</span> <span class='ocrx_word' id='word_1_280' title='bbox 813 3346 892 3408; x_wconf 88' lang='lat' dir='ltr'>enim</span> <span class='ocrx_word' id='word_1_281' title='bbox 914 3346 1082 3410; x_wconf 80' lang='lat' dir='ltr'>ltaeeerant</span> <span class='ocrx_word' id='word_1_282' title='bbox 1099 3345 1200 3408; x_wconf 90' lang='lat' dir='ltr'>deitati</span> <span class='ocrx_word' id='word_1_283' title='bbox 1216 3363 1309 3425; x_wconf 48' lang='lat' dir='ltr'>pro-3</span> 
     </span>
     <span class='ocr_line' id='line_1_30' title="bbox 55 3448 1291 3531; baseline -0.001 -22"><span class='ocrx_word' id='word_1_284' title='bbox 55 3449 137 3530; x_wconf 89' lang='lat' dir='ltr'>pria.</span> <span class='ocrx_word' id='word_1_285' title='bbox 182 3449 220 3512; x_wconf 84' lang='lat' dir='ltr'>lit</span> <span class='ocrx_word' id='word_1_286' title='bbox 241 3459 275 3512; x_wconf 92' lang='lat' dir='ltr'>ut</span> <span class='ocrx_word' id='word_1_287' title='bbox 294 3451 373 3514; x_wconf 85' lang='lat' dir='ltr'>Deus</span> <span class='ocrx_word' id='word_1_288' title='bbox 402 3451 519 3530; x_wconf 86' lang='lat' dir='ltr'>quidem</span> <span class='ocrx_word' id='word_1_289' title='bbox 548 3451 659 3514; x_wconf 86' lang='lat' dir='ltr'>aicbat:</span> <span class='ocrx_word' id='word_1_290' title='bbox 688 3450 749 3531; x_wconf 76' lang='lat' dir='ltr'>Ego</span> <span class='ocrx_word' id='word_1_291' title='bbox 779 3455 812 3512; x_wconf 87' lang='lat' dir='ltr'>in</span> <span class='ocrx_word' id='word_1_292' title='bbox 834 3449 927 3512; x_wconf 84' lang='lat' dir='ltr'>Patre</span> <span class='ocrx_word' id='word_1_293' title='bbox 950 3459 978 3512; x_wconf 88' lang='lat' dir='ltr'>et</span> <span class='ocrx_word' id='word_1_294' title='bbox 1000 3448 1092 3512; x_wconf 83' lang='lat' dir='ltr'>Peter</span> <span class='ocrx_word' id='word_1_295' title='bbox 1114 3453 1146 3510; x_wconf 85' lang='grc' dir='ltr'>ιἰι</span> <span class='ocrx_word' id='word_1_296' title='bbox 1167 3465 1228 3518; x_wconf 85' lang='lat' dir='ltr'>me,</span> <span class='ocrx_word' id='word_1_297' title='bbox 1258 3454 1291 3510; x_wconf 90' lang='lat' dir='ltr'>ut</span> 
     </span>
     <span class='ocr_line' id='line_1_31' title="bbox 56 3545 1289 3632; baseline -0.002 -21"><span class='ocrx_word' id='word_1_298' title='bbox 56 3559 160 3612; x_wconf 88' lang='lat' dir='ltr'>antem</span> <span class='ocrx_word' id='word_1_299' title='bbox 183 3571 292 3631; x_wconf 88' lang='lat' dir='ltr'>corpus</span> <span class='ocrx_word' id='word_1_300' title='bbox 313 3552 462 3632; x_wconf 75' lang='lat' dir='ltr'>gestabat,</span> <span class='ocrx_word' id='word_1_301' title='bbox 492 3545 616 3614; x_wconf 76' lang='lat' dir='ltr'>ludaeo‘s</span> <span class='ocrx_word' id='word_1_302' title='bbox 639 3552 795 3632; x_wconf 86' lang='lat' dir='ltr'>arguebat:</span> <span class='ocrx_word' id='word_1_303' title='bbox 830 3551 912 3626; x_wconf 73' lang='lat' dir='ltr'>Quid</span> <span class='ocrx_word' id='word_1_304' title='bbox 931 3569 977 3614; x_wconf 85' lang='lat' dir='ltr'>rrae</span> <span class='ocrx_word' id='word_1_305' title='bbox 999 3552 1144 3630; x_wconf 79' lang='lat' dir='ltr'>qnaeritis</span> <span class='ocrx_word' id='word_1_306' title='bbox 1167 3548 1289 3628; x_wconf 78' lang='lat' dir='ltr'>interfi-</span> 
     </span>
    </p>
   </div>
   <div class='ocr_carea' id='block_1_4' title="bbox 53 3757 1290 3837">
    <p class='ocr_par' dir='ltr' id='par_1_6' title="bbox 53 3757 1290 3837">
     <span class='ocr_line' id='line_1_32' title="bbox 53 3757 1290 3837; baseline -0.002 -18"><span class='ocrx_word' id='word_1_307' title='bbox 53 3786 147 3827; x_wconf 76' lang='grc' dir='ltr'>τινας,</span> <span class='ocrx_word' id='word_1_308' title='bbox 167 3788 289 3837; x_wconf 79' lang='lat' dir='ltr'>quaeror</span> <span class='ocrx_word' id='word_1_309' title='bbox 307 3789 360 3824; x_wconf 88' lang='lat' dir='ltr'>cnm</span> <span class='ocrx_word' id='word_1_310' title='bbox 379 3774 442 3824; x_wconf 87' lang='lat' dir='ltr'>desit</span> <span class='ocrx_word' id='word_1_311' title='bbox 460 3774 483 3823; x_wconf 93' lang='lat' dir='ltr'>in</span> <span class='ocrx_word' id='word_1_312' title='bbox 501 3774 558 3834; x_wconf 85' lang='lat' dir='ltr'>lieg.</span> <span class='ocrx_word' id='word_1_313' title='bbox 577 3773 650 3834; x_wconf 81' lang='lat' dir='ltr'>Saga.</span> <span class='ocrx_word' id='word_1_314' title='bbox 735 3773 752 3820; x_wconf 92' lang='lat' dir='ltr'>t.</span> <span class='ocrx_word' id='word_1_315' title='bbox 770 3765 868 3820; x_wconf 82' lang='lat' dir='ltr'>Gobllr.</span> <span class='ocrx_word' id='word_1_316' title='bbox 879 3769 1016 3821; x_wconf 80' lang='lat' dir='ltr'>etlelclm.</span> <span class='ocrx_word' id='word_1_317' title='bbox 1030 3769 1050 3820; x_wconf 93' lang='lat' dir='ltr'>l.</span> <span class='ocrx_word' id='word_1_318' title='bbox 1068 3761 1160 3832; x_wconf 70' lang='grc' dir='ltr'><strong><em>λαβὼν</em></strong></span> <span class='ocrx_word' id='word_1_319' title='bbox 1173 3757 1290 3826; x_wconf 69' lang='grc' dir='ltr'>ὑπήκοος</span> 
     </span>
    </p>
   </div>
   <div class='ocr_carea' id='block_1_5' title="bbox 56 3837 1288 3969">
    <p class='ocr_par' dir='ltr' id='par_1_7' title="bbox 56 3837 1288 3969">
     <span class='ocr_line' id='line_1_33' title="bbox 56 3837 1049 3906; baseline -0.004 -16"><span class='ocrx_word' id='word_1_320' title='bbox 56 3843 161 3891; x_wconf 82' lang='lat' dir='ltr'>Gobter.</span> <span class='ocrx_word' id='word_1_321' title='bbox 180 3848 204 3892; x_wconf 91' lang='lat' dir='ltr'>et</span> <span class='ocrx_word' id='word_1_322' title='bbox 223 3843 326 3892; x_wconf 80' lang='lat' dir='ltr'>Felclm.</span> <span class='ocrx_word' id='word_1_323' title='bbox 343 3843 374 3892; x_wconf 88' lang='lat'>1..</span> <span class='ocrx_word' id='word_1_324' title='bbox 393 3851 509 3906; x_wconf 84' lang='lat' dir='ltr'>eapnncta</span> <span class='ocrx_word' id='word_1_325' title='bbox 529 3850 574 3890; x_wconf 88' lang='lat' dir='ltr'>cst.</span> <span class='ocrx_word' id='word_1_326' title='bbox 701 3853 756 3904; x_wconf 79' lang='grc' dir='ltr'><em>γεν.</em></span> <span class='ocrx_word' id='word_1_327' title='bbox 775 3837 872 3887; x_wconf 71' lang='lat' dir='ltr'>omissis</span> <span class='ocrx_word' id='word_1_328' title='bbox 891 3837 1049 3888; x_wconf 79' lang='lat' dir='ltr'>intermediis.</span> 
     </span>
     <span class='ocr_line' id='line_1_34' title="bbox 736 3899 1288 3969; baseline -0.005 -16"><span class='ocrx_word' id='word_1_329' title='bbox 736 3922 759 3969; x_wconf 87' lang='lat' dir='ltr'>g.</span> <span class='ocrx_word' id='word_1_330' title='bbox 778 3899 825 3953; x_wconf 80' lang='lat' dir='ltr'>dael</span> <span class='ocrx_word' id='word_1_331' title='bbox 848 3903 929 3954; x_wconf 75' lang='grc' dir='ltr'><em>τοῦτο</em></span> <span class='ocrx_word' id='word_1_332' title='bbox 956 3912 1000 3955; x_wconf 90' lang='lat' dir='ltr'>etc.</span> <span class='ocrx_word' id='word_1_333' title='bbox 1025 3903 1136 3966; x_wconf 81' lang='lat' dir='ltr'>legantur</span> <span class='ocrx_word' id='word_1_334' title='bbox 1154 3903 1178 3952; x_wconf 90' lang='lat' dir='ltr'>ln</span> <span class='ocrx_word' id='word_1_335' title='bbox 1197 3899 1288 3952; x_wconf 90' lang='lat' dir='ltr'>Concll.</span> 
     </span>
    </p>
   </div>
   <div class='ocr_carea' id='block_1_6' title="bbox 54 3969 1293 4534">
    <p class='ocr_par' dir='ltr' id='par_1_8' title="bbox 707 3969 1290 4036">
     <span class='ocr_line' id='line_1_35' title="bbox 707 3969 1290 4036; baseline -0.009 -11"><span class='ocrx_word' id='word_1_336' title='bbox 707 3975 864 4026; x_wconf 84' lang='lat' dir='ltr'>lateranensi</span> <span class='ocrx_word' id='word_1_337' title='bbox 883 3983 940 4024; x_wconf 87' lang='lat' dir='ltr'>tom.</span> <span class='ocrx_word' id='word_1_338' title='bbox 952 3971 974 4022; x_wconf 84' lang='grc'>6.</span> <span class='ocrx_word' id='word_1_339' title='bbox 995 3973 1158 4024; x_wconf 82' lang='lat' dir='ltr'>Consiliorum</span> <span class='ocrx_word' id='word_1_340' title='bbox 1177 3969 1290 4036; x_wconf 67' lang='lat' dir='ltr'>paulilli</span> 
     </span>
    </p>

    <p class='ocr_par' dir='ltr' id='par_1_9' title="bbox 704 4011 1289 4120">
     <span class='ocr_line' id='line_1_36' title="bbox 704 4011 1289 4120; baseline -0.012 -28"><span class='ocrx_word' id='word_1_341' title='bbox 704 4039 791 4110; x_wconf 77' lang='lat' dir='ltr'>[brusi</span> <span class='ocrx_word' id='word_1_342' title='bbox 816 4041 889 4092; x_wconf 82' lang='lat' dir='ltr'>Cone.</span> <span class='ocrx_word' id='word_1_343' title='bbox 914 4041 975 4092; x_wconf 83' lang='lat' dir='ltr'>cort.</span> <span class='ocrx_word' id='word_1_344' title='bbox 1001 4041 1108 4120; x_wconf 53' lang='lat' dir='ltr'>lomb.</span> <span class='ocrx_word' id='word_1_345' title='bbox 1128 4011 1289 4102; x_wconf 60' lang='lat' dir='ltr'>peglldlll.</span> 
     </span>
    </p>

    <p class='ocr_par' dir='ltr' id='par_1_10' title="bbox 241 4105 1292 4248">
     <span class='ocr_line' id='line_1_37' title="bbox 704 4105 1291 4174; baseline -0.014 -12"><span class='ocrx_word' id='word_1_346' title='bbox 704 4112 795 4162; x_wconf 89' lang='lat' dir='ltr'>lbidcm</span> <span class='ocrx_word' id='word_1_347' title='bbox 815 4111 902 4170; x_wconf 79' lang='lat' dir='ltr'>legitor</span> <span class='ocrx_word' id='word_1_348' title='bbox 919 4113 942 4159; x_wconf 90' lang='lat' dir='ltr'>ln</span> <span class='ocrx_word' id='word_1_349' title='bbox 957 4111 1065 4158; x_wconf 81' lang='lat' dir='ltr'>lateran.</span> <span class='ocrx_word' id='word_1_350' title='bbox 1085 4105 1232 4174; x_wconf 70' lang='grc' dir='ltr'>ανθρωπος</span> <span class='ocrx_word' id='word_1_351' title='bbox 1248 4117 1291 4170; x_wconf 80' lang='grc' dir='ltr'>γε·</span> 
     </span>
     <span class='ocr_line' id='line_1_38' title="bbox 241 4165 1292 4248; baseline -0.009 -14"><span class='ocrx_word' id='word_1_352' title='bbox 241 4235 245 4248; x_wconf 52' lang='grc'><strong>,</strong></span> <span class='ocrx_word' id='word_1_353' title='bbox 674 4185 680 4206; x_wconf 86' lang='lat'><strong><em>‘</em></strong></span> <span class='ocrx_word' id='word_1_354' title='bbox 702 4172 807 4245; x_wconf 72' lang='lat' dir='ltr'>yonnis,</span> <span class='ocrx_word' id='word_1_355' title='bbox 832 4169 869 4232; x_wconf 79' lang='lat' dir='ltr'>cic</span> <span class='ocrx_word' id='word_1_356' title='bbox 891 4171 944 4243; x_wconf 73' lang='lat' dir='ltr'>ptr</span> <span class='ocrx_word' id='word_1_357' title='bbox 967 4169 1032 4230; x_wconf 75' lang='grc' dir='ltr'>θεὸς</span> <span class='ocrx_word' id='word_1_358' title='bbox 1054 4167 1095 4224; x_wconf 78' lang='grc' dir='ltr'>ὢν</span> <span class='ocrx_word' id='word_1_359' title='bbox 1112 4167 1143 4224; x_wconf 77' lang='lat' dir='ltr'>ab</span> <span class='ocrx_word' id='word_1_360' title='bbox 1162 4165 1236 4242; x_wconf 75' lang='grc' dir='ltr'>ὕδωρ</span> <span class='ocrx_word' id='word_1_361' title='bbox 1254 4165 1292 4226; x_wconf 79' lang='lat' dir='ltr'>als</span> 
     </span>
    </p>

    <p class='ocr_par' dir='ltr' id='par_1_11' title="bbox 54 4235 1293 4534">
     <span class='ocr_line' id='line_1_39' title="bbox 94 4235 1293 4313; baseline -0.007 -15"><span class='ocrx_word' id='word_1_362' title='bbox 94 4265 118 4299; x_wconf 84' lang='lat' dir='ltr'>e.</span> <span class='ocrx_word' id='word_1_363' title='bbox 139 4249 181 4298; x_wconf 88' lang='lat' dir='ltr'>Sic</span> <span class='ocrx_word' id='word_1_364' title='bbox 199 4249 272 4299; x_wconf 83' lang='lat' dir='ltr'>llosil.</span> <span class='ocrx_word' id='word_1_365' title='bbox 290 4249 381 4312; x_wconf 80' lang='lat' dir='ltr'>loglic.</span> <span class='ocrx_word' id='word_1_366' title='bbox 400 4257 424 4300; x_wconf 93' lang='lat' dir='ltr'>et</span> <span class='ocrx_word' id='word_1_367' title='bbox 435 4250 501 4300; x_wconf 81' lang='lat' dir='ltr'>editi.</span> <span class='ocrx_word' id='word_1_368' title='bbox 529 4249 652 4312; x_wconf 82' lang='lat' dir='ltr'>llegrero</span> <span class='ocrx_word' id='word_1_369' title='bbox 704 4235 972 4313; x_wconf 64' lang='lat' dir='ltr'>obermunster,</span> <span class='ocrx_word' id='word_1_370' title='bbox 991 4235 1075 4298; x_wconf 68' lang='lat' dir='ltr'>dect</span> <span class='ocrx_word' id='word_1_371' title='bbox 1093 4241 1174 4310; x_wconf 76' lang='grc' dir='ltr'><strong><em>σῶμα</em></strong></span> <span class='ocrx_word' id='word_1_372' title='bbox 1192 4241 1293 4308; x_wconf 71' lang='grc' dir='ltr'><strong><em>φορῶν</em></strong></span> 
     </span>
     <span class='ocr_line' id='line_1_40' title="bbox 54 4301 1290 4383; baseline -0.007 -15"><span class='ocrx_word' id='word_1_373' title='bbox 54 4319 166 4370; x_wconf 74' lang='lat' dir='ltr'>Scenae.</span> <span class='ocrx_word' id='word_1_374' title='bbox 183 4318 322 4368; x_wconf 81' lang='lat' dir='ltr'>Gotderian.</span> <span class='ocrx_word' id='word_1_375' title='bbox 340 4327 363 4368; x_wconf 87' lang='lat' dir='ltr'>et</span> <span class='ocrx_word' id='word_1_376' title='bbox 382 4319 485 4368; x_wconf 73' lang='lat' dir='ltr'>leli-lim.</span> <span class='ocrx_word' id='word_1_377' title='bbox 502 4318 522 4368; x_wconf 93' lang='lat' dir='ltr'>l.</span> <span class='ocrx_word' id='word_1_378' title='bbox 540 4311 653 4383; x_wconf 77' lang='grc' dir='ltr'><strong><em>μείζονα</em></strong></span> <span class='ocrx_word' id='word_1_379' title='bbox 703 4309 746 4366; x_wconf 74' lang='lat' dir='ltr'>tot</span> <span class='ocrx_word' id='word_1_380' title='bbox 773 4329 799 4370; x_wconf 84' lang='grc' dir='ltr'>α,</span> <span class='ocrx_word' id='word_1_381' title='bbox 818 4303 1177 4378; x_wconf 69' lang='grc' dir='ltr'>καὶίιιοιιὶα,ιιαὶῖπασχεν·</span> <span class='ocrx_word' id='word_1_382' title='bbox 1195 4301 1290 4381; x_wconf 72' lang='grc' dir='ltr'><em>οὐγὰρ</em></span> 
     </span>
     <span class='ocr_line' id='line_1_41' title="bbox 55 4369 1290 4451; baseline -0.001 -19"><span class='ocrx_word' id='word_1_383' title='bbox 55 4377 268 4443; x_wconf 75' lang='grc' dir='ltr'>τιάνιατῆςὶν</span> <span class='ocrx_word' id='word_1_384' title='bbox 287 4381 422 4451; x_wconf 68' lang='lat' dir='ltr'>sigiburgi.</span> <span class='ocrx_word' id='word_1_385' title='bbox 460 4387 510 4436; x_wconf 80' lang='lat' dir='ltr'>llor</span> <span class='ocrx_word' id='word_1_386' title='bbox 523 4385 654 4438; x_wconf 73' lang='lat' dir='ltr'>contenet</span> <span class='ocrx_word' id='word_1_387' title='bbox 704 4369 812 4445; x_wconf 73' lang='grc' dir='ltr'>ἦνιδια</span> <span class='ocrx_word' id='word_1_388' title='bbox 830 4381 917 4432; x_wconf 73' lang='grc' dir='ltr'><em>ταῦτα</em></span> <span class='ocrx_word' id='word_1_389' title='bbox 935 4375 1137 4442; x_wconf 72' lang='grc' dir='ltr'>τῆςθεότητος.</span> <span class='ocrx_word' id='word_1_390' title='bbox 1173 4380 1290 4444; x_wconf 82' lang='lat' dir='ltr'>llorlleg.</span> 
     </span>
     <span class='ocr_line' id='line_1_42' title="bbox 58 4441 1137 4534; baseline -0.004 -30"><span class='ocrx_word' id='word_1_391' title='bbox 58 4455 172 4504; x_wconf 64' lang='lat' dir='ltr'>feletem.</span> <span class='ocrx_word' id='word_1_392' title='bbox 186 4455 205 4503; x_wconf 88' lang='lat' dir='ltr'>l.</span> <span class='ocrx_word' id='word_1_393' title='bbox 216 4449 406 4534; x_wconf 55' lang='grc' dir='ltr'>παρακαλέσας</span> <span class='ocrx_word' id='word_1_394' title='bbox 421 4447 470 4503; x_wconf 78' lang='grc' dir='ltr'>τὸν</span> <span class='ocrx_word' id='word_1_395' title='bbox 485 4447 589 4522; x_wconf 79' lang='grc' dir='ltr'>κόριον,</span> <span class='ocrx_word' id='word_1_396' title='bbox 609 4445 654 4501; x_wconf 76' lang='lat' dir='ltr'>tut</span> <span class='ocrx_word' id='word_1_397' title='bbox 704 4462 728 4504; x_wconf 88' lang='lat' dir='ltr'>et</span> <span class='ocrx_word' id='word_1_398' title='bbox 745 4455 843 4514; x_wconf 73' lang='lat' dir='ltr'>Segusa</span> <span class='ocrx_word' id='word_1_399' title='bbox 859 4443 950 4500; x_wconf 74' lang='grc' dir='ltr'><em>πάντα</em></span> <span class='ocrx_word' id='word_1_400' title='bbox 968 4441 1137 4516; x_wconf 75' lang='grc' dir='ltr'><strong><em>θεραπεύων.</em></strong></span> 
     </span>
    </p>
   </div>
   <div class='ocr_carea' id='block_1_7' title="bbox 55 3933 650 4200">
    <p class='ocr_par' dir='ltr' id='par_1_12' title="bbox 55 3933 650 4200">
     <span class='ocr_line' id='line_1_43' title="bbox 90 3933 648 4012; baseline -0.011 -20"><span class='ocrx_word' id='word_1_401' title='bbox 90 3945 117 3992; x_wconf 89' lang='lat' dir='ltr'>d.</span> <span class='ocrx_word' id='word_1_402' title='bbox 140 3943 197 4004; x_wconf 84' lang='lat' dir='ltr'>lleg.</span> <span class='ocrx_word' id='word_1_403' title='bbox 209 3951 233 3992; x_wconf 89' lang='lat' dir='ltr'>et</span> <span class='ocrx_word' id='word_1_404' title='bbox 244 3945 341 4004; x_wconf 83' lang='lat' dir='ltr'>Seguer.</span> <span class='ocrx_word' id='word_1_405' title='bbox 354 3937 442 3993; x_wconf 78' lang='lat' dir='ltr'>soliti</span> <span class='ocrx_word' id='word_1_406' title='bbox 453 3937 506 4012; x_wconf 81' lang='grc' dir='ltr'>μὲν</span> <span class='ocrx_word' id='word_1_407' title='bbox 522 3933 648 3997; x_wconf 78' lang='grc' dir='ltr'>παλαιόν,</span> 
     </span>
     <span class='ocr_line' id='line_1_44' title="bbox 55 4001 647 4076; baseline -0.007 -16"><span class='ocrx_word' id='word_1_408' title='bbox 55 4027 107 4060; x_wconf 89' lang='lat' dir='ltr'>oon</span> <span class='ocrx_word' id='word_1_409' title='bbox 130 4013 203 4060; x_wconf 81' lang='lat' dir='ltr'>male.</span> <span class='ocrx_word' id='word_1_410' title='bbox 240 4013 313 4062; x_wconf 82' lang='lat' dir='ltr'>Paulo</span> <span class='ocrx_word' id='word_1_411' title='bbox 331 4019 386 4076; x_wconf 87' lang='lat' dir='ltr'>post</span> <span class='ocrx_word' id='word_1_412' title='bbox 401 4013 457 4061; x_wconf 85' lang='lat' dir='ltr'>editi</span> <span class='ocrx_word' id='word_1_413' title='bbox 476 4001 647 4065; x_wconf 66' lang='lat' dir='ltr'>dodecades.</span> 
     </span>
     <span class='ocr_line' id='line_1_45' title="bbox 55 4077 650 4142; baseline 0 -14"><span class='ocrx_word' id='word_1_414' title='bbox 55 4081 107 4128; x_wconf 83' lang='lat' dir='ltr'>Sed</span> <span class='ocrx_word' id='word_1_415' title='bbox 132 4081 156 4127; x_wconf 90' lang='lat' dir='ltr'>in</span> <span class='ocrx_word' id='word_1_416' title='bbox 175 4080 230 4141; x_wconf 81' lang='lat' dir='ltr'>lleg.</span> <span class='ocrx_word' id='word_1_417' title='bbox 251 4079 322 4142; x_wconf 85' lang='lat' dir='ltr'>Sego.</span> <span class='ocrx_word' id='word_1_418' title='bbox 348 4081 446 4132; x_wconf 86' lang='lat' dir='ltr'>Gobler.</span> <span class='ocrx_word' id='word_1_419' title='bbox 470 4087 493 4129; x_wconf 85' lang='lat' dir='ltr'>et</span> <span class='ocrx_word' id='word_1_420' title='bbox 511 4080 616 4129; x_wconf 79' lang='lat' dir='ltr'>lelelm.</span> <span class='ocrx_word' id='word_1_421' title='bbox 629 4077 650 4128; x_wconf 88' lang='lat' dir='ltr'>l.</span> 
     </span>
     <span class='ocr_line' id='line_1_46' title="bbox 56 4141 196 4200; baseline 0.014 -5"><span class='ocrx_word' id='word_1_422' title='bbox 56 4141 96 4200; x_wconf 77' lang='grc' dir='ltr'>ὡς</span> <span class='ocrx_word' id='word_1_423' title='bbox 116 4149 196 4197; x_wconf 84' lang='lat' dir='ltr'>deest.</span> 
     </span>
    </p>
   </div>
   <div class='ocr_carea' id='block_1_8' title="bbox 57 4512 1292 4657">
    <p class='ocr_par' dir='ltr' id='par_1_13' title="bbox 57 4512 1292 4657">
     <span class='ocr_line' id='line_1_47' title="bbox 57 4512 1292 4588; baseline -0.005 -20"><span class='ocrx_word' id='word_1_424' title='bbox 57 4517 114 4580; x_wconf 70' lang='grc' dir='ltr'>τὴν</span> <span class='ocrx_word' id='word_1_425' title='bbox 142 4512 310 4588; x_wconf 58' lang='lat' dir='ltr'>obsaeptam.</span> <span class='ocrx_word' id='word_1_426' title='bbox 347 4523 438 4575; x_wconf 85' lang='lat' dir='ltr'>ibidem</span> <span class='ocrx_word' id='word_1_427' title='bbox 462 4526 552 4585; x_wconf 82' lang='lat' dir='ltr'>logtrc.</span> <span class='ocrx_word' id='word_1_428' title='bbox 575 4520 653 4571; x_wconf 71' lang='lat' dir='ltr'>sudr-</span> <span class='ocrx_word' id='word_1_429' title='bbox 738 4523 762 4571; x_wconf 86' lang='lat' dir='ltr'>b.</span> <span class='ocrx_word' id='word_1_430' title='bbox 781 4521 869 4582; x_wconf 84' lang='lat' dir='ltr'>lnglic.</span> <span class='ocrx_word' id='word_1_431' title='bbox 888 4520 986 4572; x_wconf 83' lang='lat' dir='ltr'>Gobler.</span> <span class='ocrx_word' id='word_1_432' title='bbox 1004 4529 1028 4571; x_wconf 88' lang='lat' dir='ltr'>et</span> <span class='ocrx_word' id='word_1_433' title='bbox 1045 4519 1187 4570; x_wconf 72' lang='lat' dir='ltr'>rotetur.</span> <span class='ocrx_word' id='word_1_434' title='bbox 1206 4515 1292 4568; x_wconf 74' lang='grc' dir='ltr'><em>ταῦτα</em></span> 
     </span>
     <span class='ocr_line' id='line_1_48' title="bbox 57 4581 832 4657; baseline 0.004 -21"><span class='ocrx_word' id='word_1_435' title='bbox 57 4586 178 4640; x_wconf 68' lang='grc' dir='ltr'>σθέντα.</span> <span class='ocrx_word' id='word_1_436' title='bbox 704 4583 739 4640; x_wconf 80' lang='lat' dir='ltr'>ric</span> <span class='ocrx_word' id='word_1_437' title='bbox 756 4581 832 4657; x_wconf 77' lang='grc' dir='ltr'><strong><em>ἔργα.</em></strong></span> 
     </span>
    </p>
   </div>
   <div class='ocr_carea' id='block_1_9' title="bbox 0 0 1539 5044">
    <p class='ocr_par' dir='ltr' id='par_1_14' title="bbox 0 0 1539 5044">
     <span class='ocr_line' id='line_1_49' title="bbox 0 0 1539 5044; baseline 0 0"><span class='ocrx_word' id='word_1_438' title='bbox 0 0 1539 5044; x_wconf 95' lang='lat' dir='ltr'> </span> 
     </span>
    </p>
   </div>
  </div>
 </body>
</html>
