3056 5064
259 335 300 396 to
774 349 947 395 anaararto.

259 501 402 582 temporie
425 501 598 564 Christianis
620 501 793 580 praesertim
816 501 847 564 in
861 503 992 582 Aegypto
1014 502 1111 582 magni
1134 501 1372 576 aestimabantur,
1394 502 1464 564 sicut

258 613 287 666 et
309 603 453 681 Origenes
486 602 551 682 ipae
584 610 654 665 tunc
686 603 761 682 apud
790 603 949 683 plerosque
978 605 1088 684 optima
1119 614 1149 666 et
1175 603 1367 666 meritissima
1395 605 1463 666 lama

257 703 454 780 fruebatur*).
498 703 679 766 Confirmant
701 705 729 766 id
751 705 864 776 laudes,
887 703 993 783 quibus
1016 704 1052 766 ab
1068 705 1228 768 Athanasio
1251 705 1288 767 de
1311 706 1389 768 decr.
1406 723 1463 784 syn.

257 805 320 868 Nic.
344 825 369 867 c.
385 809 436 869 at.
463 814 492 866 et
515 805 568 886 Ep.
592 804 628 866 ad
650 805 752 886 Serap.
769 805 815 866 lV.
838 824 863 866 c.
882 807 913 869 9.
936 805 1137 885 praedicatur,
1166 817 1197 870 et
1225 807 1413 888 reperiuntur
1436 805 1463 866 in

256 905 341 969 libris
363 907 512 969 Athanasii
545 907 623 990 baud
656 926 763 989 pauca,
795 926 831 968 ex
862 905 970 986 quibus
999 917 1149 972 auctorem
1173 909 1303 990 Origene
1332 909 1463 988 magistro

255 1027 342 1072 usum
371 1027 439 1072 esse
467 1026 523 1071 nec
550 1010 657 1090 scripta
681 1006 891 1088 discipulorum
913 1008 1061 1084 eiusdem,
1091 1011 1170 1072 reiut
1190 1009 1324 1091 Dionysii
1345 1011 1464 1072 Menan·

256 1109 333 1174 drini
355 1119 385 1172 et
400 1110 593 1191 Theognosti‚
616 1109 803 1191 improbasse
825 1110 1022 1190 cognoscitur.
1052 1112 1152 1192 deque
1174 1121 1287 1175 certum
1311 1121 1368 1185 εει,
1391 1111 1464 1172 illum

218 1223 222 1232 '
254 1213 440 1293 philosophia
463 1213 611 1275 Platonica
634 1209 824 1273 Alexandriae
846 1212 974 1292 vigente,
997 1213 1044 1275 cui
1067 1213 1211 1292 Origenes
1233 1213 1391 1294 plurimum
1415 1211 1463 1274 tri-

254 1313 374 1388 buerat,
407 1313 551 1376 imbutum
585 1313 677 1374 luisse
708 1321 736 1374 et
767 1312 883 1397 quidem
913 1332 948 1375 ex
976 1315 1096 1395 puriore
1119 1314 1244 1378 formula
1267 1318 1395 1378 tortasse
1416 1330 1464 1392 per

255 1419 350 1479 studia
367 1415 474 1477 Plotini
497 1422 643 1486 revocata,
666 1413 749 1476 cuius
772 1415 892 1494 vestigia
916 1417 1004 1479 etiarn
1028 1417 1058 1478 in
1073 1415 1173 1480 Rasilii
1195 1417 1380 1497 aliorumque
1401 1434 1463 1476 sae-

254 1519 311 1580 culi
334 1515 429 1598 quarti
452 1517 606 1578 doctorum
631 1516 749 1597 scriptis
773 1517 1043 1597 deprehenduntur.
1074 1519 1105 1582 Si
1128 1519 1194 1600 quis
1217 1521 1316 1581 animo
1339 1519 1374 1580 ad
1396 1519 1463 1578 hanc

254 1637 317 1680 rem
344 1627 455 1679 attento
478 1617 627 1679 Athanasii
655 1617 747 1680 libros
775 1627 943 1699 percurrat,
973 1620 999 1682 is
1022 1620 1110 1684 multa
1133 1621 1206 1682 satis
1230 1621 1362 1683 offendet
1383 1637 1462 1700 prae-

254 1721 357 1782 sertim
381 1720 411 1781 in
434 1719 549 1782 duobus
571 1720 779 1800 apologeticis,
809 1741 884 1801 quae
906 1731 1007 1802 aperte
1031 1722 1228 1802 eloquentiam
1253 1731 1284 1784 et
1305 1721 1460 1784 doctrinam

253 1822 431 1885 Platonicam
453 1822 578 1902 sapiunt.
768 1826 773 1834 '

337 2126 415 2188 llaec
443 2127 585 2190 haetenus
612 2126 740 2188 loannes
765 2125 900 2188 Canoens
924 2125 1036 2203 Turno,
1064 2145 1153 2208 quum
1182 2138 1250 2190 ante
1280 2130 1357 2192 diem
1381 2124 1459 2188 xt'tt.

252 2229 370 2290 mensis.
396 2229 463 2290 maii
493 2229 523 2290 b.
552 2247 578 2290 a.
601 2247 710 2290 annum
739 2245 828 2307 agens
857 2228 1153 2309 undesexagesimum
1182 2231 1261 2305 suis,
1291 2228 1458 2296 academiae,

94 2407 98 2416 ι
207 2373 210 2378 -
252 2330 297 2392 cui
327 2339 408 2393 tanto
438 2339 617 2424 ornamento·
635 2330 698 2402 luit,
721 2339 808 2408 atqua
830 2328 996 2410 theologiae
1019 2333 1192 2412 eriperetur.
1237 2333 1327 2395 blulta
1349 2339 1458 2412 praeter

251 2431 324 2495 baec
345 2432 548 2512 disputaturus
570 2431 641 2502 luit,
669 2417 735 2510 plus
759 2431 835 2492 enirn
860 2433 951 2492 semel
974 2432 1014 2496 de
1030 2433 1190 2495 Athanasio
1213 2443 1243 2495 et
1265 2434 1330 2496 eins
1353 2429 1457 2495 doctri-

250 2551 286 2594 na
308 2533 510 2614 librorumque
532 2535 589 2596 boc
610 2531 757 2594 volumine
779 2521 972 2611 repetitarum
996 2542 1097 2598 natura
1121 2542 1151 2596 et
1172 2545 1325 2598 momento
1346 2531 1459 2596 uberius

249 2635 446 2716 subtiliusque
479 2629 644 2716 expositum
677 2633 712 2696 iri
746 2633 817 2696 mibi
849 2633 1038 2714 significarim
1071 2645 1100 2698 at
1126 2636 1203 2716 prob
1232 2637 1326 2700 dolor
1353 2639 1462 2714 praeter

249 2735 440 2802 brevissimas
469 2738 610 2818 quasdam
639 2736 756 2799 notulas
785 2736 907 2816 fugitivo
930 2737 1041 2800 calamo
1064 2739 1093 2800 in
1116 2737 1284 2800 memoriae
1305 2736 1461 2800 subsidium

248 2849 379 2902 exaratas
411 2840 457 2901 vel
489 2841 589 2919 potius
611 2838 758 2918 proiectas
781 2838 973 2918 locorumque
995 2840 1106 2920 aliquot
1126 2841 1296 2902 accuratius
1319 2837 1460 2920 explican-

249 2939 354 3000 dorum
376 2939 595 3000 adnotationem
617 2939 690 3000 nihil
712 2939 742 3000 in
765 2939 829 3000 eius
851 2940 968 3000 schedis
991 2940 1140 3002 inventum
1161 2948 1217 3015 est,
1239 2943 1325 3020 quod
1346 2941 1380 3004 ad
1395 2933 1459 3000 illud

249 3039 401 3100 exordium
429 3039 598 3118 pertineret.
642 3039 674 3099 ld
702 3039 780 3118 quod
804 3057 839 3099 eo
862 3039 953 3118 mapa
977 3039 1152 3110 dolendum¹
1182 3059 1239 3120 quo
1262 3045 1405 3107 maiorem
1427 3038 1460 3098 dt

248 3139 302 3201 bac
333 3139 517 3219 praelatione
544 3121 921 3217 exspectationem'tovere
948 3139 1039 3202 licuit
1083 3141 1149 3202 Fuit
1178 3143 1256 3204 enim
1287 3145 1361 3208 baec
1388 3137 1459 3203 beati

247 3239 301 3300 riri
330 3239 456 3301 eruditio
486 3250 515 3302 ot
543 3238 702 3319 singularis
730 3239 882 3301 doctrinae
902 3241 1097 3320 praestantia,
1127 3251 1159 3305 ut
1180 3243 1211 3304 in
1231 3243 1292 3307 boc
1312 3247 1455 3308 literarum

247 3359 355 3422 genere
382 3349 412 3402 ει
439 3341 582 3404 babitaret
609 3350 638 3404 et
659 3349 810 3421 regnaret,
842 3361 936 3422 noque
958 3343 1040 3406 lacile
1062 3346 1139 3406 inter
1160 3353 1278 3407 nostrae
1303 3345 1457 3410 memoriae

247 3443 402 3522 theologos
424 3442 572 3504 inveneris
594 3461 681 3522 quem
703 3442 838 3504 Patribus
862 3444 1081 3508 familiariorem
1099 3445 1320 3526 historicaeque
1342 3447 1455 3512 theolo-

247 3543 310 3623 giae
342 3543 514 3625 peritiorem
542 3544 632 3606 dicas.
675 3544 713 3606 Et
740 3544 798 3606 boc
824 3545 943 3624 quidem
970 3564 1029 3607 non
1058 3565 1093 3608 eo
1122 3565 1138 3608 a
1160 3565 1207 3608 me
1229 3547 1328 3613 animo
1351 3549 1455 3610 dictum

248 3656 310 3719 eat,
332 3653 366 3708 ut
388 3645 556 3724 theologum
578 3637 780 3708 laudem'mea
802 3654 881 3708 certa
903 3647 988 3710 laude
1010 3648 1097 3727 longe
1120 3639 1322 3727 superiorem,
1353 3650 1404 3712 sed
1427 3655 1477 3731 ot·

247 3757 385 3828 appareat
406 3755 546 3826 quantum
569 3745 604 3807 ab
627 3746 674 3807 bis
696 3747 916 3828 prolegomenis
940 3749 1117 3829 sperandum
1139 3751 1244 3824 luerit,
1274 3771 1365 3831 quum
1388 3751 1457 3812 haec

246 3848 425 3912 Bibliotheca
453 3846 539 3908 beato
569 3847 680 3908 auctori
711 3856 863 3928 tantopere
886 3851 968 3912 cordi
991 3858 1088 3924 esset,
1110 3860 1245 3926 oleam,
1268 3853 1304 3914 de
1326 3871 1381 3934 qua
1404 3865 1455 3930 per

253 3989 552 4006 -ιι--ι-Π-ῆ

314 4069 339 4130 *l
358 4069 478 4122 Credibile
497 4085 543 4120 raon
562 4077 599 4117 est
615 4081 628 4116 a
648 4067 716 4116 Petro
730 4069 887 4120 ttexanarino
906 4057 1022 4134 episeopo
1040 4071 1075 4122 sic
1094 4072 1235 4135 deOrigene
1253 4074 1381 4124 iudicatum
1394 4081 1456 4120 esse.

247 4154 447 4218 quemadmodum
475 4157 497 4205 in
516 4171 554 4220 ep.
574 4153 696 4204 iustiniani
714 4153 743 4202 ad
763 4152 870 4204 hennam
890 4155 1001 4216 (Caecili.
1020 4155 1057 4206 ed.
1078 4155 1150 4208 baasi
1169 4159 1236 4208 Tom.
1251 4159 1288 4208 ll.
1307 4155 1410 4223 phul.)
1428 4165 1453 4200 et

245 4238 309 4288 lctis
328 4239 390 4290 Petri
404 4241 467 4289 Alea.
487 4240 547 4298 dds,
567 4247 591 4288 ut
609 4237 715 4296 ridetur,
739 4237 800 4285 haud
820 4238 897 4300 dignis
916 4239 1025 4290 refertur.
1062 4241 1131 4292 Conl.
1150 4243 1318 4294 Tillemontios
1336 4241 1452 4292 namanes

189 4353 198 4366 ·
246 4323 314 4372 Tom.
327 4323 367 4373 ΙΙΙ.
387 4340 409 4386 p.
422 4324 470 4373 588
482 4339 518 4388 sq.
556 4325 643 4374 Contra
662 4321 796 4372 verosimile
815 4330 859 4382 est,
877 4321 1048 4384 alexandrum,
1068 4326 1130 4376 Petri
1150 4337 1204 4391 post
1222 4328 1337 4376 aentttam
1357 4335 1454 4376 sueces-

246 4423 340 4468 sorem,
358 4407 398 4472 qui
416 4407 569 4458 Athanasium
589 4408 611 4457 in
631 4407 725 4458 diaconi
744 4405 851 4455 ordinem
870 4407 988 4470 promovit
1006 4399 1031 4459 et
1046 4411 1070 4460 in
1089 4411 1271 4460 contubernium
1290 4411 1386 4468 ascivit,
1404 4414 1455 4455 sto-

246 4492 292 4542 diis
315 4491 449 4554 theologiae
468 4491 625 4554 Origenianaa
650 4493 749 4552 lavisse,
773 4505 845 4556 quum
870 4489 922 4554 ipse
941 4491 964 4540 in
983 4493 1121 4558 explicanda
1140 4504 1163 4546 et
1181 4495 1328 4547 defendenda
1347 4491 1453 4544 doctrina

246 4575 276 4628 de
293 4585 389 4628 aeterua
407 4576 448 4626 tttt
467 4585 620 4640 generations
639 4577 748 4640 (trigenis
766 4575 860 4640 vestigia
879 4579 1002 4638 presserit.
