3128 5052
14 4035 15 4042 ’
104 4027 180 4076 Ceteri
199 4033 222 4075 et
241 4025 300 4074 odiri
319 4013 412 4069 ὁπότε.

461 357 467 374 α
505 303 651 365 ttt‘tsrott
666 303 686 348 l.
702 306 738 347 to
755 305 951 350 suntt’tottutt.
1280 301 1341 364 727

78 462 262 534 unguntur
283 475 317 517 sc
339 456 375 517 de
399 453 538 517 omnibus
560 455 714 518 docentur.
758 455 789 516 Si
812 455 901 535 igitur
923 457 1050 538 Spiritus
1073 463 1172 524 unctio
1186 450 1260 526 'sive
1281 477 1427 528 un-Pdtt·

82 567 253 636 guentum
276 565 306 618 et
328 557 456 637 sigillum
480 565 534 632 est,
558 556 589 618 in
611 575 670 637 quo
695 557 794 618 omnia
817 557 901 638 ungit
923 567 953 620 et
975 563 1072 640 signat
1086 564 1225 640 Verbum,
1249 587 1341 646 quae·

81 676 176 719 nam
203 658 366 721 similitudo
390 667 419 720 et
441 643 649 720 convenientia
670 646 812 737 unguenti
836 667 865 720 et
888 658 974 738 sigilli
998 680 1067 724 esse
1089 674 1187 744 potest
1210 669 1342 732 cuminis

82 759 211 834 rebus,
234 777 310 840 quae
332 769 482 840 unguntur
504 769 533 822 et
554 757 733 839 signantur?
761 760 870 840 Nequit
891 761 1018 840 proinde
1040 763 1104 825 fieri
1126 775 1158 828 ut
1181 768 1246 848 ipse
1265 771 1343 832 inter

83 879 155 922 res
181 880 289 924 omnes
311 870 495 924 numeretur.
539 860 601 924 Nec
623 861 702 924 enim
725 861 831 940 aliquis
854 862 970 936 erbis,
994 864 1044 943 qui
1067 865 1231 945 signantur,
1258 873 1341 952 sigil-

84 962 167 1024 lum
189 962 256 1043 ipse
279 963 424 1026 dicendus
447 962 500 1036 sit,
524 981 579 1025 nec
601 956 738 1025 similiter
759 963 866 1043 aliquis
890 982 925 1024 ex
948 962 1010 1040 his‚,
1028 964 1078 1045 qui
1102 979 1261 1050 unguntur,
1284 991 1341 1034 un-

85 1071 251 1144 guentum
274 1064 353 1126 idem
376 1065 442 1126 erit.
486 1064 546 1126 Sed
568 1063 598 1126 id
620 1064 776 1144 proprium
798 1073 844 1126 est
865 1065 1003 1145 ungentis
1027 1075 1056 1128 ct
1078 1067 1224 1148 signantis
1244 1071 1342 1136 Verbi:

84 1165 300 1246 Unguentum
322 1165 441 1246 quidem
464 1167 602 1254 ungeptis
626 1166 802 1241 suauitatem
825 1174 854 1228 et
876 1167 1001 1229 odorem
1023 1169 1141 1242 retinet,
1164 1171 1249 1232 cuius
1271 1191 1342 1252 par-

86 1267 214 1347 ticipes
236 1265 305 1330 lacti
328 1269 379 1347 qui
401 1275 553 1348 unguntur
574 1269 689 1330 dicunt:
725 1269 841 1331 Cimoli
872 1270 968 1332 ternu
993 1271 1208 1334 odoroumus.
1252 1273 1342 1354 Sign-

86 1370 167 1432 lum
192 1387 264 1431 rero
286 1367 432 1449 signantis
455 1369 565 1432 Christi
587 1369 714 1448 effigiem
737 1379 852 1443 servat,
886 1371 970 1444 cuius
991 1372 1048 1458 ‘qui
1072 1373 1228 1452 signantur
1247 1375 1344 1454 parti-

88 1471 190 1552 cipes
215 1471 313 1534 elleeti
336 1470 371 1532 ad
396 1490 459 1532 eam
482 1473 716 1546 conformantur,
740 1478 772 1533 ut
794 1471 833 1532 ait
850 1472 1029 1552 Apostolus:
1054 1473 1159 1536 Filioli
1178 1480 1244 1548 mn,
1268 1496 1343 1559 quos

87 1577 221 1636 iterum
240 1578 399 1654 parturio,
423 1573 514 1636 donec
535 1574 693 1653 formetur
710 1573 850 1636 Coriolos
866 1577 898 1634 in
922 1575 1015 1636 codic
1060 1574 1125 1636 lloc
1139 1583 1236 1656 autem
1252 1578 1341 1639 modo

88 1672 217 1754 signati
238 1673 451 1736 convenienter
472 1673 588 1736 divinae
610 1682 733 1735 naturae
755 1683 913 1736 consortes
935 1675 1098 1749 reddimur,
1121 1677 1165 1739 uti
1181 1677 1269 1740 docet
1283 1679 1341 1740 Pe·

90 1786 179 1848 trus,
205 1782 304 1855 atque«
317 1775 357 1836 its
378 1775 535 1838 universae
563 1793 613 1836 res
634 1783 750 1836 creatae
773 1775 858 1836 Verbi
883 1775 913 1836 in
935 1776 1046 1868 Spiritu
1075 1778 1150 1839 liunt
1171 1779 1341 1859 participes.

192 1880 246 1940 nt.
294 1876 406 1938 Omnes
430 1875 566 1938 similiter
587 1894 642 1955 per
664 1874 806 1956 Spiritum
828 1875 888 1937 nei
919 1876 1078 1956 participes
1101 1877 1235 1942 dicimur.
1281 1879 1343 1943 Ne-

92 1983 207 2051 scitis,
238 1977 350 2057 inquit,
379 1983 450 2058 poio
473 1976 614 2057 templum
635 1977 694 2040 Dei
714 1982 786 2038 estis
808 1985 838 2038 et
859 1975 995 2057 Spiritus
1018 1977 1077 2042 Dei
1096 1979 1211 2043 liolitot
1231 1986 1265 2043 in
1287 2001 1342 2044 oo-

92 2079 177 2145 dr'si'
222 2078 258 2140 Si
287 2082 354 2160 puis
379 2079 522 2158 templum
543 2079 603 2142 Dei
622 2078 798 2150 violaverit,
830 2079 982 2157 disperdet
1009 2077 1096 2141 illum
1118 2079 1211 2142 Deus.
1258 2081 1341 2144 Tem-

92 2181 191 2264 plum
214 2185 295 2243 entim
317 2179 376 2242 Dei
395 2191 534 2242 sonetum
556 2189 608 2250 eat,
632 2181 803 2260 prodestis
826 2197 892 2240 oos.
937 2179 995 2240 Sed
1018 2179 1044 2242 si
1067 2180 1197 2260 Spiritus
1220 2191 1340 2244 sanctus

93 2303 151 2346 res
177 2291 277 2344 creata
302 2289 402 2354 esset,
435 2279 514 2342 nulla
542 2300 614 2342 sarie
636 2279 689 2341 Dei
719 2279 947 2342 communicatio
976 2281 1064 2342 nobis
1093 2283 1218 2363 inipso
1249 2294 1340 2358 esset,

94 2385 156 2447 sed
179 2385 225 2446 rei
250 2391 368 2444 creatae
390 2382 653 2461 coniungerentur,-
672 2390 702 2442 et
723 2380 839 2442 divinae
861 2391 984 2444 naturae
1006 2383 1092 2444 alieni
1102 2403 1266 2459 essemus,
1289 2397 1339 2448 ut-

94 2495 174 2566 pote
200 2483 280 2547 nulla
314 2484 345 2544 in
369 2491 453 2563 parte
477 2482 542 2544 cius
565 2481 632 2543 iacti
654 2481 824 2562 participes.
868 2481 952 2542 Nunc
980 2501 1050 2544 vero
1080 2503 1146 2546 cum
1175 2485 1284 2548 Christi
1312 2494 1341 2548 et

95 2587 155 2650 Dei
178 2586 343 2667 participes
366 2584 508 2656 dicamur,
531 2583 633 2662 utique
655 2591 782 2656 constat,
804 2591 986 2662 unguentum
1002 2591 1032 2645 et
1053 2571 1192 2666 sigillum,
1213 2589 1293 2667 quod
1308 2588 1358 2650 in·

95 2689 191 2752 nobis
215 2695 272 2762 est,
297 2704 359 2748 non
382 2685 417 2748 ad
440 2702 541 2746 rerum
564 2686 706 2747 laetarum
728 2685 781 2746 sed
803 2685 841 2746 ad
862 2683 925 2748 Filii
948 2693 1083 2748 naturam
1104 2689 1265 2769 pertinere,
1289 2687 1338 2770 qui

96 2809 160 2852 nos
183 2787 420 2872 perspiritum,
443 2785 548 2865 quiin
570 2785 637 2865 ipso
661 2793 717 2862 cst,
739 2785 818 2848 Patri
841 2787 1002 2866 coniungit.
1043 2772 1078 2850 'td
1099 2789 1199 2870 ipsum
1214 2808 1271 2852 uos
1286 2791 1338 2851 lo·

98 2911 213 2966 annes,
240 2890 285 2954 nti
308 2907 399 2970 supra
422 2889 533 2950 dictum
557 2895 618 2960 est,
648 2887 694 2948 his
717 2887 816 2948 verbis
839 2887 940 2949 docet:
970 2889 1009 2952 ln
1038 2889 1095 2952 itoc
1122 2897 1338 2973 eopnoscimus,

13 2997 15 3030 ³
98 2999 174 3076 puio
191 2975 228 3056 in
251 2993 317 3056 Deo
339 3009 497 3054 monemus
519 2993 635 3070 etipse
658 2993 690 3053 iu
711 2989 806 3060 nolis,
830 2994 971 3071 purnium
994 2992 1028 3053 de
1040 2991 1162 3074 Spiritu
1184 2994 1338 3058 suodedit

99 3097 201 3160 nodis.
247 3095 279 3158 Si
308 3112 403 3174 porro
426 3090 558 3176 Spiritus
589 3089 855 3152 communicatione
883 3090 999 3152 divinae
1026 3100 1149 3156 naturae
1178 3101 1337 3157 consortes

100 3198 258 3270 efficimur,
283 3214 373 3258 nemo
397 3201 478 3256 certe
500 3190 560 3253 nisi
582 3191 705 3254 insanus
721 3183 835 3265 dixerit,
859 3191 1002 3271 Spiritum
1020 3212 1081 3255 non
1096 3194 1160 3269 liei,
1181 3196 1236 3258 sed
1251 3215 1337 3258 orea-

101 3307 150 3362 tne
173 3317 240 3360 esse
264 3305 400 3374 naturpe.
423 3293 508 3355 'Neo
530 3291 610 3354 enirn
632 3291 687 3354 alia
710 3292 746 3354 de
768 3311 855 3354 eausa
878 3293 910 3354 hi
917 3340 925 3368 ‚
952 3295 981 3356 in
1005 3295 1111 3374 quibus
1133 3295 1184 3359 illc
1206 3305 1267 3372 est,
1290 3296 1337 3359 nii

101 3401 282 3463 efficiuntur.
329 3396 419 3470 Quod
442 3395 469 3456 si
492 3395 567 3456 deos
590 3393 692 3468 cilicii,
721 3393 843 3456 dubium
865 3411 925 3455 non
949 3405 1012 3470 est,
1040 3397 1111 3475 quin
1140 3397 1204 3460 cius
1232 3405 1337 3460 natura

101 3651 242 3704 Goblerian.
262 3659 286 3699 et
303 3649 446 3698 Feltini.
467 3639 541 3712 ἡμῖν.
581 3641 699 3726 Sospite
751 3637 821 3711 ἡμᾶς
849 3647 940 3714 πατρί.
977 3647 1050 3698 lidem
1078 3649 1209 3712 inplicans
1237 3661 1336 3717 excepto

101 3735 171 3784 sequ.
190 3721 259 3768 deest
277 3719 301 3768 in
320 3718 423 3777 Segner.
460 3715 568 3764 loidis
587 3713 625 3761 lic.
644 3704 698 3760 αλλ’
751 3721 795 3764 art.
815 3705 829 3760 ri
848 3723 902 3763 ante
918 3705 1044 3776 Ἰωάννης·
1061 3719 1156 3767 habent.
1195 3721 1250 3769 tte.
1272 3720 1293 3768 1,
1313 3727 1338 3769 01

101 3781 117 3848 ἢ
136 3783 194 3854 ‘id‘
210 3798 258 3836 ²¹⁶·
293 3785 338 3836 ⁵¹⁵5
359 3791 383 3833 ⁰¹
401 3783 459 3832 “¹¹¹⁵
478 3772 532 3828 ‘m’
552 3729 585 3828 ‘f
594 3772 658 3845 ἄρα·
750 3781 821 3842 ⁸⁰8⁰·
840 3773 945 3847 εἴρηται
962 3785 1073 3836 omittunt
1092 3787 1337 3852 ethabeuteypope.

135 3891 225 3952 elleg
244 3886 266 3937 1.
286 3886 430 3947 etSepner.
450 3873 544 3930 adron.
581 3881 699 3942 lloxlteg.
751 3847 1011 3900 G⁰b¹⁰¹·⁰²F‘¹⁶k¹¹¹·
1033 3846 1337 3904 ¹·ssisslltbeniz'1wrir·

105 3959 126 4008 t.
144 3959 242 4020 suun.
263 3955 336 4004 casn.
356 3953 428 4003 cour.
448 3959 473 4002 u
491 3950 596 4000 rateto.
610 3947 631 3997 1.
643 3939 696 3998 tre.
749 3907 1338 4066 iiirispiwiicastigiii',i¹f{÷1,po¹iii.f⁰{{

749 4051 851 4107 teuto.
874 4053 896 4102 i.
915 4045 998 4107 critic
1014 4067 1044 4104 εν
1061 4049 1134 4122 ἡμῖν.
1170 4057 1233 4107 Editi
1251 4065 1275 4107 et
1294 4058 1335 4108 alii

14 4155 15 4160 =
136 4127 152 4176 i.
170 4128 209 4178 Sic
227 4127 283 4188 lieg.
306 4126 329 4174 l.
347 4125 450 4186 Segnior.
470 4119 543 4170 Basil.
563 4127 587 4168 et
605 4117 696 4180 tugttc.
748 4110 762 4164 ὁ
781 4113 844 4172 θεὸς·
861 4113 890 4169 ἓν
908 4115 981 4186 ἡμῖν.

13 4185 15 4198 ⁵
107 4193 147 4244 tlii
165 4203 188 4246 et
203 4195 260 4245 editi
283 4194 354 4244 urtic.
378 4189 428 4250 τῆς
445 4189 569 4239 omittant.
605 4187 696 4235 ibidem
781 4202 803 4249 g.
823 4189 855 4238 lta
874 4190 961 4251 Regius
982 4193 1003 4241 l.
1023 4193 1123 4254 Segoor.
1142 4192 1216 4242 Basil.
1235 4193 1346 4258 contar.

108 4261 191 4323 liepl.
209 4263 352 4326 Segnerian.
372 4269 396 4310 ct
413 4259 489 4308 Sosii.
509 4271 555 4322 pro
573 4247 604 4303 tr
622 4245 696 4316 αὐτῷ
722 4313 727 4326 ¹
748 4261 770 4304 et
788 4255 892 4306 Felsina.
915 4259 935 4308 l.
970 4260 1011 4309 Slc
1035 4269 1115 4310 nutem
1138 4262 1229 4323 duplic.
1249 4262 1335 4311 habet:

13 4325 15 4332 ’
109 4325 189 4380 lolem
205 4325 235 4380 ἐν
252 4322 330 4396 αὐτῇ.
366 4329 427 4378 ltem
447 4327 505 4387 neg.
518 4325 540 4374 l.
559 4331 583 4372 et
596 4324 696 4384 Seguer.
746 4316 793 4402 xci
815 4318 845 4372 ἐν
862 4313 1021 4404 ἄνιξρῶποις
1036 4322 1159 4390 γίνεται,
1184 4322 1231 4376 καὶ
1248 4323 1278 4376 ἐν
1295 4313 1336 4381 oie

23 4451 26 4458 Ι
111 4407 182 4448 rocem
203 4392 360 4466 πνεύματος
383 4396 510 4446 abiiciunt.
546 4391 600 4442 tior
625 4391 697 4440 iidem
746 4403 862 4456 ytrerct,
882 4393 1178 4444 norcomannorum
1215 4397 1293 4446 Ceteri
1312 4402 1336 4444 et

114 4469 134 4510 et
148 4465 197 4530 θος,
208 4467 231 4517 2.
251 4467 324 4517 lircil.
343 4475 367 4516 et
385 4463 479 4526 duplic
499 4454 573 4528 ἡμᾶς
590 4457 629 4523 τῷ
646 4471 697 4505 nc·
747 4461 821 4510 editio
839 4462 957 4511 commui.
979 4457 1025 4511 καὶ
1043 4455 1072 4512 ἐν
1089 4454 1249 4528 ἀνθρώποις
1264 4458 1334 4528 rire·

116 4525 157 4596 spi.
188 4535 267 4586 ouon,
288 4533 327 4600 ιῷ
343 4527 489 4600 πνεύματι.
526 4530 572 4578 dlii
598 4535 623 4577 et
640 4527 698 4576 editi
747 4539 803 4582 ται,
822 4520 918 4578 araldi
939 4521 1246 4582 adratiocinarentur.
