3110 5064
662 367 837 412 rsssrarso.
1329 353 1367 416 13

135 527 250 599 quana,
274 516 412 596 Gregorii
433 515 522 597 Nysa.
545 517 640 580 oratio
672 516 865 592 catechedca,
894 517 1021 597 deniqne
1050 535 1085 580 ex
1106 517 1230 580 ioannis
1260 519 1367 582 lisma-

139 619 223 682 aceni
245 637 339 698 opere
362 617 530 696 dogmatico
551 617 660 679 selecta
682 617 777 697 capita
799 618 837 678 de
858 617 915 679 deo
937 625 968 682 et
987 617 1060 680 Jesu
1083 617 1212 681 Christo.
1255 619 1288 680 ln
1310 637 1369 699 po·

137 721 270 782 steriore
291 719 384 782 latino
407 726 567 798 occurrunt
588 717 774 792 Tertulliani,
797 717 944 797 Cypriani,
966 717 1121 794 Lactantii,
1146 719 1317 799 Hieronymi
1340 730 1377 792 et,

135 819 295 900 Augustini
318 819 431 882 delecta
452 817 595 897 quaedam
619 819 772 898 opuscula.
817 817 947 900 Utraque
968 827 999 882 ct
1019 837 1124 898 gruem
1145 829 1175 882 et
1196 819 1302 894 latina,
1336 829 1370 884 ut

136 921 237 984 editor
256 919 288 982 in
320 917 555 999 praefationibus
583 936 667 982 more
691 937 752 982 suo
782 920 856 982 satis
879 919 1016 992 ‚verbose
1048 920 1215 994 declararit,
1247 921 1369 984 collecta

138 1030 213 1086 sunt
230 1039 270 1082 eo
291 1019 429 1092 consilio,
451 1027 484 1080 ut
505 1037 616 1099 corpus
637 1021 786 1100 quoddam
807 1019 961 1082 doctrinae
981 1020 1159 1084 christime
1174 1023 1218 1084 uel
1234 1039 1369 1084 summa·

140 1123 218 1186 riam
233 1120 401 1199 theologiae
416 1129 477 1182 tum
488 1137 668 1199 graecorum
683 1130 745 1184 tum
760 1121 920 1184 latinorum
936 1130 1051 1202 patrum
1068 1141 1103 1184 ox
1118 1123 1177 1186 illia
1192 1125 1368 1186 efficeretur.

141 1223 293 1286 liastiuata
314 1228 413 1284 autem
435 1229 482 1284 eat
502 1221 731 1286 chrestomathia
754 1223 881 1284 maxime
903 1222 1071 1296 iuvenibus,
1093 1228 1146 1306 pai
1158 1225 1198 1286 ud
1213 1225 1371 1288 littorium

141 1325 314 1405 dogmatum
335 1322 574 1386 clrs'stshaoruaa
595 1331 676 1386 reete
698 1323 868 1386 disceaduos
886 1323 982 1404 poulo
1003 1322 1145 1396 ultanus,
1167 1342 1257 1406 peon
1275 1341 1371 1406 proa-

142 1425 323 1489 loctiomhaa
345 1424 521 1488 crudentate
541 1423 615 1504 ficri
630 1434 740 1505 potest,
762 1425 910 1505 progredi
928 1436 959 1487 ot
980 1428 1060 1487 uiuos
1081 1425 1122 1488 ud
1139 1428 1302 1508 proprioru
1314 1443 1373 1508 pa.-

141 1537 227 1590 mss
254 1524 526 1588 eutimiusticcruau
554 1523 711 1590 tectim
738 1525 798 1588 oili
820 1543 1013 1606 prosperare
1042 1529 1179 1608 cupiisset.
1222 1525 1310 1588 Hunc
1335 1525 1372 1588 ad

141 1643 231 1689 nsum
253 1625 387 1688 suemus
409 1625 600 1706 scriptorum,
623 1643 710 1704 quem
725 1625 794 1688 lecit
807 1625 980 1706 Augustius,
1003 1625 1160 1690 maximam
1182 1635 1297 1708 partem
1319 1645 1372 1690 ac·

141 1727 349 1790 commodatus
371 1725 487 1788 uidetur
508 1733 538 1788 et
558 1725 649 1798 liber,
672 1725 722 1806 qui
745 1743 806 1788 non
828 1725 948 1788 raritate
969 1743 1112 1805 mamone
1133 1728 1230 1806 pretio
1253 1727 1372 1790 studio-

143 1847 249 1892 sorum
271 1825 468 1890 demonibus
491 1826 652 1901 excutitur,
676 1826 713 1888 sb
736 1826 885 1888 obliuione
906 1843 963 1906 qua
986 1827 1043 1889 iam
1066 1827 1254 1908 intercipitur
1274 1828 1373 1890 vindi·

147 1930 259 1992 candus
282 1937 364 1990 esset
385 1938 414 1990 et
436 1926 687 1990 commendandus
709 1927 786 2001 illis,
808 1927 834 1990 si
857 1927 981 1990 liberior
1001 1945 1017 1988 a
1039 1928 1156 1990 mandis
1178 1928 1372 2009 typographi-

148 2031 192 2094 cis
212 2030 296 2110 prelo
319 2028 442 2090 exisset
487 2027 598 2092 Eorum
621 2028 699 2090 enim
722 2036 822 2090 tantus
845 2037 893 2090 est
913 2045 1072 2102 numerus,
1095 2039 1128 2091 ut
1148 2047 1242 2109 paene
1264 2047 1372 2094 necea·

145 2133 259 2194 serium
283 2131 323 2195 sit
344 2128 460 2208 singula
482 2129 609 2208 scripta,
632 2137 789 2208 antequam
812 2129 909 2207 legas,
932 2130 968 2191 ad
992 2129 1170 2209 exemplaria
1193 2131 1372 2210 optimarum

144 2233 308 2296 editionum
331 2245 549 2307 recognoscere
570 2239 601 2291 ct
622 2229 796 2292 emendare:
819 2229 849 2291 id
871 2230 951 2310 quod
967 2229 1031 2309 ipso
1047 2229 1118 2293 olim
1139 2240 1278 2310 expertus
1295 2249 1373 2304 sum,

144 2353 237 2414 mum
254 2330 388 2410 Gregorii
404 2330 570 2394 orationem
586 2329 794 2392 cateohctieam
810 2329 841 2390 in
858 2329 1032 2392 collectione
1048 2330 1095 2392 illa
1117 2331 1295 2410 descriptam
1318 2350 1373 2394 so-

143 2434 263 2496 dalibus
297 2431 449 2494 seminarii
481 2429 639 2509 theologici
672 2430 899 2510 proposuissem
932 2430 1143 2510 explicandam.
1185 2431 1374 2496 Promissum

143 2535 228 2598 tertii
249 2531 425 2604 uoluminis,
458 2531 488 2592 in
510 2549 570 2610 qno
594 2530 676 2594 iocor
699 2549 868 2594 communes
889 2549 930 2594 cc
947 2533 1091 2613 putridus
1111 2535 1266 2596 universis
1288 2533 1373 2595 exhi·

144 2635 220 2698 ltere
241 2629 369 2706 uolehm,
389 2631 551 2711 Augustius
573 2649 633 2692 non
656 2631 791 2694 exsolvit.
835 2632 919 2704 Quae
939 2640 1058 2710 praeter
1078 2632 1289 2712 Augustiansm
1320 2652 1374 2695 ex·

148 2743 231 2796 sunt
251 2731 507 2797 Chrestomathiae
529 2732 713 2811 patristicac,
742 2749 844 2792 earum
865 2731 973 2811 partim
996 2732 1104 2792 selecta
1126 2741 1241 2812 patrum
1265 2733 1375 2812 scripta

149 2835 198 2896 rei
219 2834 311 2914 capita
334 2835 369 2896 ad
391 2833 463 2894 alias
484 2833 627 2912 quasdam
649 2831 820 2911 disciplinas
843 2831 1024 2910 theologicas
1046 2831 1235 2894 illustrandas
1257 2831 1373 2894 studio-

149 2937 195 2998 ais
222 2934 430 3015 suppeditant,
459 2934 564 3014 partim
595 2935 689 2996 tactae
711 2940 782 2994 sunt
804 2932 909 2994 usibus
937 2950 1057 3006 eorum,
1085 2932 1135 3012 qui
1158 2932 1215 2994 sibi
1240 2933 1375 2996 notitiam

146 3035 448 3116 aliquameariorum
469 3042 586 3114 patrum
608 3050 790 3112 comparare,
813 3033 872 3096 huc
893 3042 940 3096 cst
961 3051 1064 3094 eorum
1080 3033 1240 3113 ingenium,
1263 3035 1375 3098 dochi-

147 3155 231 3209 nam,
254 3135 422 3216 disputandi
445 3134 601 3206 rationem,
624 3134 789 3214 scripturae
809 3151 912 3196 morae
926 3133 1209 3213 interpretationem,
1231 3135 1376 3215 eloquen-

36 3233 38 3236 ’
148 3239 222 3300 ham
256 3253 438 3316 cognoscere
470 3235 602 3322 cupiunt
646 3234 727 3297 illius
758 3234 879 3314 generis
907 3242 978 3295 sunt
1011 3234 1172 3296 flecmanni
1207 3234 1375 3300 Olsbausen

147 3339 311 3402 Historiue
341 3337 560 3400 ecclesiasticus
590 3339 702 3398 ceteras
731 3340 901 3416 proscipau
932 3347 1141 3409 monumento,
1179 3335 1227 3398 Jo.
1257 3335 1377 3416 Caspari

149 3438 246 3501 Orelli
267 3437 385 3500 Selectu
404 3447 529 3515 potrum
551 3440 650 3517 capitu
670 3437 710 3498 ud
731 3429 937 3520 εἰσηγηταὴν
955 3453 1075 3498 sucrum
1093 3440 1291 3517 pertbsastio,
1313 3436 1377 3500 Lu-

149 3539 249 3602 dorics'
271 3537 335 3598 Pelt
362 3549 392 3598 et
413 3535 533 3598 ilenrici
554 3536 725 3598 Rheinwald
746 3535 961 3600 Hcras'b'uraitm
979 3541 1184 3616 potrs'aticuat.
1226 3537 1270 3599 dd
1302 3537 1377 3600 alte·

150 3659 219 3702 rum
241 3655 337 3716 mous
358 3639 528 3700 referuntur
550 3637 582 3698 C.
604 3637 636 3698 F.
659 3636 797 3698 llatthaei
824 3636 929 3700 Nouus
955 3655 994 3699 ec
1021 3637 1140 3700 donuae
1163 3637 1378 3717 chrysostom

151 3739 291 3819 Bolupuc,
313 3739 438 3800 loannis
460 3756 514 3798 van
527 3737 757 3808 Vorstleuaoia
774 3737 983 3816 Chrysustumi
1001 3738 1120 3812 seledo,
1143 3737 1378 3819 liuttoysards

152 3839 397 3903 Chrestomnthio
418 3842 594 3918 patriotico,
628 3838 702 3900 Lud.
725 3838 762 3898 de
785 3837 895 3900 Siuner
917 3837 1022 3901 Novas
1045 3857 1085 3902 ss.
1105 3851 1233 3920 putreat
1253 3857 1403 3918 graecum

152 3959 225 4004 raus
253 3939 369 4002 saeculi
395 3943 501 4020 quarti
526 3938 667 4001 delectus.
711 3937 790 3998 Sunt
816 3938 903 4000 etiam
934 3939 966 4000 in
992 3939 1099 4019 quibua
1127 3939 1236 4002 selecta
1262 3946 1377 4017 patrum

151 4058 328 4121 graecum
351 4040 496 4113 mumius,
525 4037 695 4110 orationes,
718 4037 860 4118 epistolae
883 4057 948 4101 cum
970 4040 1036 4103 aliis
1058 4039 1160 4120 poesia
1183 4045 1214 4099 et
1235 4039 1378 4120 eloquen-

152 4143 214 4204 tiae
235 4159 359 4220 graecae
380 4139 596 4222 exemplaribus
619 4148 853 4220 componuntur,
881 4141 960 4204 uelut
980 4139 1234 4222 praestantissima
1254 4140 1379 4204 ioannis

151 4243 281 4306 Patusae
299 4233 596 4324 ’Erauslonuudsio
615 4233 823 4326 φιλολογική.
854 4241 924 4304 illas
945 4250 1043 4304 sutem
1066 4242 1323 4315 chrestomathias,
1349 4241 1379 4303 in

153 4343 264 4423 quihus
290 4342 351 4404 loci
377 4341 525 4416 illustres,
557 4345 723 4406 sententiae
750 4344 950 4423 dogmaticae,
981 4343 1225 4424 apophthegmata
1259 4339 1380 4404 moralia

153 4452 353 4523 excerptaquc
373 4443 410 4504 ad
432 4443 571 4524 pictatem
595 4445 785 4508 christianam
806 4443 943 4507 facientia
965 4461 1001 4506 ex
1022 4453 1138 4526 patrum
1159 4443 1279 4524 scriptia
1294 4439 1380 4504 colli·

152 4555 275 4626 guntur,
296 4544 386 4606 huius
407 4545 469 4620 loci¹
487 4563 549 4608 nou
570 4555 617 4610 cst
637 4546 792 4626 attingere.
