3048 5052
425 377 431 384 .
477 349 587 394 enarro
602 351 625 395 1.
641 351 757 396 consu
770 352 907 399 imos.
1233 339 1296 404 223

77 499 158 562 idde
180 517 215 562 ee
236 507 390 562 asseverat
411 507 441 562 et
463 519 498 562 se
519 501 585 582 ipse
607 501 819 564 immutabile·
841 511 968 566 testatur
989 521 1066 578 esce,
1082 501 1226 586 'idemque
1248 505 1384 568 dinuo

74 600 205 664 dicerunt
225 609 257 663 et
277 602 454 666 confirmant
475 601 586 678 saocb,
614 602 675 666 imo
705 603 772 685 ipsa
792 603 846 666 llei
875 603 960 668 notio
981 604 1163 686 boe-pietali
1183 624 1296 670 conso-
1370 591 1382 608 '

73 721 138 764 num
160 721 230 765 esse
251 702 364 778 innuit,
398 703 477 766 unde
505 723 617 784 qrueso
645 704 703 768 ista
731 706 891 768 commenti
918 713 990 770 suat
1009 704 1117 786 impii?
1159 707 1297 772 Proiecto

13 883 17 888 ¹
74 805 116 866 illa
136 823 173 868 ex
196 804 288 868 corde
308 813 448 885 tanqrsm
470 823 506 868 cx
527 805 720 888 corruptione
741 815 929 870 vomuerunt.

151 1111 206 1176 37.
251 1109 378 1184 Quando
399 1127 470 1172 vero
492 1107 599 1172 divinis
622 1110 750 1174 orsculis
767 1110 929 1176 abutuntur
950 1129 1044 1191 eaque
1058 1111 1096 1174 ad
1111 1129 1195 1176 suam
1210 1131 1297 1176 men·

72 1223 125 1275 tero
146 1212 313 1276 adulterare
335 1211 406 1274 totio
427 1203 591 1274 miduotur
610 1211 733 1287 urion,
756 1231 882 1276 neceam
895 1222 944 1278 est
961 1213 1019 1276 illis
1041 1215 1081 1277 ita
1103 1214 1297 1295 respondere,

73 1325 102 1376 at
120 1315 292 1395 Sffipturac
320 1313 503 1378 vindicemus
531 1314 621 1376 acrba
648 1315 802 1394 palamque
823 1315 981 1390 iaciamus,
1009 1316 1190 1397 ecquidem
1218 1324 1298 1380 recte

72 1433 158 1496 posse
180 1415 316 1496 intelligi,
338 1415 391 1478 ced
412 1415 481 1478 illos
503 1433 593 1496 prave
615 1415 738 1479 sentire.
780 1416 870 1480 diunt
891 1417 980 1504 igitur
1001 1418 1038 1480 ab
1052 1417 1197 1500 llpostolo
1219 1417 1297 1482 sori-

72 1527 151 1599 ptum
172 1536 258 1582 esse:
280 1513 415 1599 Propter
435 1517 516 1600 pso'd
536 1527 566 1580 et
586 1517 843 1584 lleus'nooltooit
863 1519 952 1584 illusa
972 1531 1001 1584 et
1024 1521 1152 1587 donooit
1171 1521 1222 1584 illi
1239 1540 1298 1586 rao-

71 1639 147 1692 nnn.
177 1620 261 1703 pood
286 1630 333 1684 ert
353 1639 450 1701 super
470 1605 558 1684 orsae
584 1637 708 1692 nomm,
737 1632 775 1685 st
801 1625 834 1684 ait
860 1626 981 1686 nonme
1007 1622 1078 1686 lecu
1106 1641 1192 1688 once
1219 1641 1299 1705 pnes

69 1725 214 1802 timetur
235 1721 417 1794 calentium,
439 1725 638 1786 tcrreetrionn
659 1732 690 1787 et
709 1721 915 1802 infernorum,
938 1731 969 1786 et
989 1725 1067 1804 epod
1088 1723 1195 1798 llarid;
1218 1724 1299 1789 Pro·

67 1838 171 1905 pterea
193 1827 286 1887 uenit
307 1835 336 1888 te
357 1823 448 1895 Deus,
471 1823 554 1888 lleue
578 1837 659 1896 tuus,
682 1823 749 1888 oleo
773 1824 905 1889 loetitiae
919 1843 998 1908 prce
1017 1829 1210 1892 consortibus
1225 1831 1297 1891 tatia.

69 1925 179 1988 Deinde
203 1934 238 1988 ut
257 1933 373 1988 acuurm
394 1925 504 2006 aliquid
525 1932 697 1990 assumunt:
721 1925 775 2001 „Si
796 1926 907 1990 idcirco
923 1927 1067 1992 entitatos
1087 1935 1136 1991 est
1155 1928 1298 2009 grauun·

70 2049 149 2108 ‚,qne
174 2027 290 2108 occepit
309 2036 340 2089 et
359 2036 467 2092 nodus
490 2035 552 2102 est,
582 2027 751 2090 mercedem
777 2026 867 2109 igitur
894 2029 1008 2110 recepit
1032 2049 1105 2094 suae
1126 2030 1297 2094 voluntatis.

69 2131 183 2202 „Quod
210 2128 236 2190 si
259 2128 409 2191 voluntate
429 2129 501 2208 egit,
523 2147 597 2191 sane
618 2129 768 2194 mnubilis
791 2139 838 2192 est
859 2137 1015 2194 naturas.“
1058 2131 1139 2196 Haeo
1159 2149 1221 2194 oon
1242 2150 1297 2196 so-

68 2231 124 2292 lom
146 2229 326 2294 diceresed
348 2229 437 2292 etiarn
461 2228 593 2294 scribere
614 2232 679 2293 ausi
701 2239 773 2293 suut
793 2231 940 2294 Eusebius
962 2239 993 2294 et
1014 2231 1112 2309 Anus,
1136 2233 1298 2315 adeatque

69 2353 119 2412 per
139 2332 275 2396 medium
296 2333 395 2395 lorum
416 2330 567 2411 divulgare
588 2349 650 2394 noo
672 2341 812 2394 verentur
833 2351 938 2396 corona
959 2334 1101 2407 essedae,
1124 2352 1185 2397 noo
1199 2341 1297 2400 atno-

69 2436 171 2498 dentes
194 2441 334 2514 quonum
355 2432 491 2496 redoleat
516 2432 663 2496 insoniam
684 2433 857 2496 huiusmodi
879 2433 999 2496 illorum
1020 2453 1132 2498 sermo.
1176 2435 1250 2498 Nom
1270 2436 1297 2497 si

68 2537 145 2616 ipsa,
176 2555 254 2616 qnae
275 2535 394 2618 babuit,
425 2553 540 2598 merces
569 2543 616 2598 eet
636 2555 709 2598 suae
730 2535 908 2610 voluntatis,
938 2555 1031 2615 eaque
1052 2555 1113 2599 noo
1135 2536 1297 2610 habuisset,

67 2639 120 2700 nisi
142 2637 306 2718 indigentis
329 2643 406 2716 opus
429 2637 628 2714 exhibuissem
651 2636 828 2716 igiturquia
852 2636 890 2698 ob
911 2655 995 2700 suam
1011 2638 1149 2700 virtutem
1165 2639 1298 2720 vitaeque

66 2739 292 2802 sancumoniam
313 2739 362 2801 illa
383 2747 432 2802 est
452 2749 650 2812 consccutos,
673 2755 708 2800 ea
728 2747 853 2818 propter
873 2747 903 2810 et
923 2737 1016 2800 Pilius
1038 2745 1069 2799 et
1088 2737 1169 2800 lleus
1189 2737 1383 2808 meritoniae.

66 2840 158 2903 dictos
182 2849 241 2910 est,
264 2858 325 2902 noo
346 2847 445 2902 eutem
466 2859 554 2904 ruas
577 2847 625 2902 est
645 2838 737 2904 lleus.
782 2839 870 2912 Quod
894 2837 975 2901 enim
997 2847 1045 2900 est
1065 2857 1101 2902 ex
1123 2837 1222 2920 aliquo
1244 2857 1297 2901 se·

67 2942 194 3004 niodum
217 2949 369 3016 oemunt,
396 2959 486 3004 veruo
514 2948 561 3004 est
581 2943 669 3004 letus.
714 2940 764 3003 Sic
784 2941 868 3003 lseac
887 2939 1039 3016 thracae,
1067 2941 1178 3022 loseph
1199 2939 1300 3004 incubi

66 3051 95 3103 et
115 3042 264 3123 splendor
285 3041 359 3104 solis
381 3051 430 3104 est
450 3044 540 3106 letus.
586 3042 644 3116 Qui
666 3061 736 3106 sero
760 3041 799 3104 ob
820 3042 959 3105 virtulem
981 3052 1012 3106 et
1037 3043 1160 3122 patiam
1188 3061 1300 3106 nomen
1354 3081 1358 3090 .

66 3143 115 3206 lilii
138 3153 380 3224 mosequuntur,
409 3161 471 3206 oon
498 3149 604 3207 natura
632 3145 686 3207 sed
715 3145 919 3208 tantummodo
941 3146 1035 3224 gratit
1062 3146 1138 3208 banc
1159 3163 1300 3225 accepere

66 3245 257 3325 dgnitaoem,
284 3245 393 3326 aliique
415 3246 539 3308 omnino
561 3247 689 3310 suntab
711 3265 766 3320 co,
794 3245 874 3327 quod
896 3245 971 3328 ipsis
1001 3247 1103 3320 dature
1131 3241 1300 3310 wuorandi
1397 3256 1405 3277 ⁸

66 3356 135 3409 sont
156 3347 307 3422 homines,
330 3349 381 3427 qui
396 3347 525 3428 Spiritus
548 3348 642 3410 saneti
664 3349 825 3429 participes
848 3350 1011 3422 laetiensi,
1035 3346 1195 3427 dequibus
1211 3349 1300 3410 ctiam

67 3447 152 3508 dicit:
174 3448 270 3512 Filios
282 3454 385 3530 penui
404 3459 433 3512 et
454 3449 599 3522 waltoni,
623 3453 686 3532 ipsi
704 3460 804 3514 nutem
824 3467 871 3512 ote
892 3450 1085 3532 repulerunt.
1129 3449 1217 3512 Certe
1231 3447 1301 3530 quia

67 3565 128 3609 ooo
149 3553 253 3612 natort
275 3549 328 3611 lilii
351 3559 445 3640 erant,
468 3550 579 3613 ideireo
601 3551 633 3612 in
653 3551 741 3632 peius
763 3550 883 3614 mutatis
905 3549 1020 3614 ablatus
1043 3557 1090 3614 est
1106 3550 1247 3630 Spiritus,
1270 3559 1301 3612 et

69 3648 192 3712 abdicati
219 3659 306 3728 sunt3
339 3669 418 3732 qnos
447 3661 545 3716 tamen
574 3653 669 3728 idem,
703 3652 753 3733 qui
780 3651 866 3714 initio
895 3651 953 3715 illis
981 3651 1153 3716 huiusmodi
1175 3651 1301 3733 gretiam

67 3750 189 3830 largitos
211 3753 363 3828 opilione,
386 3753 574 3835 poenitentes
596 3754 703 3818 iterum
726 3753 870 3835 suscipiet
890 3754 1015 3834 luceque
1030 3753 1179 3834 impertito
1193 3767 1300 3814 rurstas

67 3851 145 3916 lilios
168 3873 221 3916 eos
244 3853 412 3936 appellabit.

98 3972 122 4022 s.
143 3973 184 4022 sn
201 3974 300 4036 segnes.
337 3975 366 4026 ao
389 3977 429 4028 sin
454 3983 478 4028 o
502 3977 558 4028 earu
582 3969 658 4043 nepe
743 3976 768 4026 s.
793 3976 892 4038 segue.
917 3964 987 4022 alst
1004 3959 1046 4034 ἢν.
1084 3973 1144 4023 nn.
1163 3970 1227 4020 laem
1244 3983 1301 4020 eun

65 4037 103 4102 ’ᾗ
123 4029 277 4107 ‘imilit-
711 4044 857 4096 Gobleriano
877 4051 900 4092 et
918 4042 1023 4092 Felctm.
1035 4043 1057 4090 t.
1076 4037 1126 4088 soii
1145 4032 1299 4103 διδομένου.

98 4123 119 4155 n
142 4109 246 4160 Ftlclro.
267 4111 290 4160 l.
315 4100 404 4169 'reond
421 4109 547 4180 χριστοῦ.
584 4111 658 4162 Paulo
710 4113 767 4175 lleg.
786 4109 836 4159 τοῦ
852 4103 1012 4176 tceptvooa
1353 4150 1356 4156 ,

64 4183 121 4236 post
147 4177 244 4228 Gobler.
269 4187 293 4228 et
317 4178 422 4229 hieira.
442 4181 464 4229 l.
490 4173 537 4228 dot
562 4173 592 4230 δὲ
608 4178 658 4230 rori
744 4179 760 4230 i.
789 4179 830 4228 Sic
850 4181 949 4239 Sepuer.
970 4174 1042 4226 ussit.
1059 4172 1183 4235 basileon.
1202 4171 1300 4224 Goblar.

63 4235 165 4305 Ααρωι
184 4237 229 4292 θίᾶ
247 4243 337 4296 ῐῠῧῐθ.
428 4291 437 4300 .
710 4248 767 4309 liep.
785 4255 810 4296 et
826 4245 932 4295 Felclm.
950 4243 974 4294 b.
1010 4243 1038 4291 lt
1055 4242 1111 4292 editi
1129 4233 1231 4306 ἔσχηκε.

98 4311 116 4357 l.
143 4311 242 4373 sepner.
262 4313 361 4364 Gobler.
385 4321 409 4364 et
432 4315 537 4365 l'elclrm.
559 4313 581 4364 l.
599 4306 659 4364 iure
743 4315 766 4366 lo.
785 4312 882 4364 Gobler.
906 4319 930 4361 et
953 4309 1058 4360 Felclm.
1079 4309 1102 4359 l.
1119 4304 1189 4374 περί.
1225 4307 1301 4359 Panlo

65 4369 180 4430 πάντας
196 4389 218 4430 et
236 4395 290 4432 mor
309 4372 376 4430 but
392 4375 438 4430 arai
468 4375 567 4462 pisper.
595 4383 656 4434 Editi
710 4369 766 4446 §ht
783 4381 876 4442 Sepuer
903 4369 931 4426 oi
948 4367 1094 4444 ἄνθρωποι
1109 4370 1180 4425 κατά
1198 4385 1243 4428 eto
1272 4377 1304 4427 lit·

65 4397 659 4517 reroetalitioriainuseteizioxoinpdfoc.
712 4463 768 4499 mos
783 4441 847 4515 περὶ
864 4417 904 4494 aiv
919 4439 967 4494 aral
982 4438 1079 4510 ἔλεγεν.
1121 4446 1183 4498 Editi
1209 4453 1234 4497 et
1260 4443 1299 4470 *¹²²

98 4527 121 4572 g.
149 4512 247 4575 sepner.
308 4529 360 4580 capr
376 4511 429 4579 τὴν
446 4505 560 4588 oiyoprir.
596 4519 658 4570 Editi
710 4511 775 4586 περὶ
791 4499 831 4564 uir
848 4509 946 4580 ἔλεγεν.

68 4587 89 4626 ⁶²
106 4581 151 4630 ³¹51
170 4577 260 4646 iiim·
307 4577 384 4653 wiv-
745 4583 762 4636 l.
780 4587 880 4649 sepner.
898 4575 974 4638 nicias
992 4574 1097 4635 nitoris.
