3106 5056
493 345 604 390 ουτω
618 345 662 390 ιιι.
679 345 795 390 courel
809 345 946 392 amenus.
1249 331 1313 396 479

95 493 183 558 uero?
205 495 280 558 cum
300 495 390 575 igilur
410 513 445 558 ee
467 513 534 559 eum
548 497 636 558 Patre
657 496 854 568 eoniunxerit.
875 498 978 578 ulique
1000 498 1058 560 hoe
1079 499 1156 559 laeto
1179 498 1401 562 declara-rma:

94 597 131 660 rit
151 617 184 659 se
204 605 327 660 naturae
347 597 444 660 Patris
467 615 551 673 esse,
579 617 696 678 nosque
718 598 819 662 doouit
840 615 909 660 rere
931 617 966 660 se
987 617 1021 659 er
1043 617 1114 660 vero
1136 600 1223 661 Patre
1245 617 1315 664 esse

93 699 228 778 genitam.
272 698 354 761 ldem
377 698 479 762 doeuit
505 699 650 772 loannes,
684 706 716 761 ut
744 710 774 762 et
800 699 869 780 lpse
891 718 1009 779 quoque
1030 700 1187 784 delineret,
1217 702 1262 764 sie
1282 702 1315 764 in

92 799 221 879 Epistola
252 799 405 864 seribere:
443 801 482 864 m
511 820 616 863 sumne
645 805 678 862 r'n
706 820 796 873 nere,
830 807 863 864 in
892 801 968 864 Filio
991 805 1055 865 eius
1079 802 1150 864 lesu
1174 803 1312 878 domator

91 905 150 981 ipse
179 912 225 964 est
250 919 344 964 uerno
366 902 450 966 Deua
472 913 502 966 et
523 906 588 966 nito
610 911 745 964 aeterno.
791 901 863 964 Cum
892 903 963 964 item
991 903 1140 982 Propheta
1169 904 1206 966 de
1227 923 1314 966 erea-

91 1002 167 1064 tioue
194 1002 281 1065 dioit:
317 1004 380 1078 Qus
404 1004 491 1066 solur
517 1004 652 1066 extendit
680 1003 795 1074 ennius,
824 1021 950 1083 errorque
971 1004 1050 1066 Deus
1073 1003 1139 1083 ipse
1161 1005 1217 1066 ait:
1251 1000 1313 1086 nge

89 1103 169 1168 eolus
190 1105 290 1168 melos
320 1107 458 1180 enitendi,
486 1105 678 1187 perspicuum
708 1122 780 1166 sano
803 1105 942 1166 omnibus
971 1113 1034 1179 est,
1068 1106 1098 1166 in
1129 1105 1195 1167 solo
1216 1107 1314 1168 solius

89 1221 203 1286 quoque
224 1207 363 1281 Verbum,
386 1208 417 1270 in
439 1225 499 1288 quo
521 1207 621 1270 omnia
643 1207 717 1268 laeta
740 1213 812 1268 sunt
832 1215 863 1268 et
883 1206 948 1268 sine
970 1225 1029 1286 quo
1044 1209 1152 1270 laetum
1168 1215 1216 1269 est
1229 1206 1314 1281 nihil,
1430 1237 1435 1245 ·

90 1306 255 1386 signilieari.
299 1309 394 1388 Igitur
420 1309 447 1370 si
469 1307 673 1390 perverbum
698 1309 765 1370 laeti
788 1317 859 1370 sunt
880 1307 970 1382 eseli,
999 1309 1072 1370 dieit
1096 1316 1195 1370 umen
1217 1309 1315 1372 Deus:

87 1407 145 1486 Ego
167 1410 262 1482 solus,
286 1410 340 1484 sed
361 1429 429 1472 eum
451 1410 517 1474 solo
540 1409 714 1489 intelligitur
727 1409 833 1483 Filius,
856 1427 1019 1490 perquem
1043 1411 1110 1472 laeti
1133 1420 1204 1472 sunt
1224 1411 1316 1487 caelia

87 1509 221 1572 similiter
243 1529 315 1590 ergo
337 1510 453 1574 etimnsi
475 1511 604 1574 illuster:
631 1511 716 1574 Urius
730 1511 815 1574 Deus
833 1519 864 1574 et
878 1511 942 1591 Ego
956 1511 1042 1574 solue
1058 1518 1088 1572 et
1102 1512 1164 1592 lige
1182 1517 1314 1594 pueros,

86 1608 114 1670 in
138 1629 209 1686 uno,
232 1611 297 1674 solo
320 1621 350 1676 et
370 1614 467 1693 prium
490 1614 580 1675 simul
601 1632 671 1675 esse
687 1613 815 1675 Verbum
831 1623 865 1676 ut
886 1615 917 1674 in
938 1613 1005 1675 luee
1024 1605 1214 1693 splendorem
1238 1613 1317 1678 haud

85 1711 173 1774 dubie
203 1721 251 1776 est
276 1713 516 1795 intelligendum
552 1709 632 1794 quod
660 1716 780 1796 quidem
808 1716 845 1778 de
867 1715 948 1778 nullo
969 1714 1028 1780 alio
1049 1723 1256 1796 praeterquam
1279 1716 1316 1778 de

82 1814 181 1877 Verbo
204 1815 327 1896 intelligi
349 1826 459 1896 potest
492 1819 624 1900 Namque
645 1835 697 1879 res
720 1825 836 1880 eeterae
858 1835 964 1880 omnes
985 1835 1041 1897 per
1060 1817 1168 1882 Filium
1189 1816 1315 1880 enihilo

84 1925 152 1978 sunt
173 1918 279 1992 laetae,
301 1919 486 2000 multumque
508 1920 544 1981 ab
567 1920 617 1982 illo
639 1923 745 1982 natura
768 1919 918 1993 dillerunt,
938 1921 1007 1999 ipse
1024 1927 1123 1980 autern
1138 1919 1231 1982 Filios
1245 1935 1317 1982 rere

83 2025 112 2077 et
132 2019 309 2082 natarraliter
330 2029 378 2082 est
398 2040 435 2084 ex
457 2022 544 2084 Patre
566 2021 693 2101 genitus.
738 2022 819 2082 llaee
838 2020 966 2101 proinde
988 2021 1075 2082 verbo
1098 2019 1161 2101 Epo
1178 2025 1315 2101 paeone,

82 2137 156 2196 quoe
188 2119 287 2182 slrrltis
315 2121 457 2184 adbibere
485 2123 582 2186 risum
610 2132 659 2184 est
684 2141 756 2185 suae
788 2121 923 2184 haeresis
956 2121 1188 2202 propugnandae
1215 2137 1315 2196 eausa,

80 2219 219 2298 ipsorum
241 2221 423 2302 impietatem
446 2223 540 2302 magis
563 2224 753 2304 redarguunt.
797 2224 874 2303 ligo,
904 2223 1001 2303 iuquit
1021 2223 1117 2295 Deus,
1144 2227 1263 2304 primus
1286 2232 1316 2286 et

81 2340 131 2402 epe
150 2333 273 2402 posteo.
319 2323 407 2395 Quod
437 2325 465 2384 si
493 2323 581 2404 igitur
610 2325 701 2388 velint
729 2344 797 2386 enm
819 2326 898 2387 iuter
916 2333 968 2386 'res
990 2343 1024 2386 se
1043 2325 1232 2405 posteriores
1254 2341 1315 2388 ou·

78 2423 193 2485 merari
216 2443 377 2505 earumque
397 2425 525 2506 primum
549 2425 624 2501 diei,
654 2434 687 2487 ut
709 2437 739 2488 et
759 2426 826 2488 illae
847 2427 914 2506 ipso
937 2424 999 2486 sint
1019 2419 1232 2505 posteriores,'
1245 2425 1316 2486 inde
1413 2417 1417 2424 ’

80 2531 160 2585 eerle
185 2525 346 2600 efficietur,
376 2535 410 2588 ut
431 2526 499 2607 ipse
521 2545 613 2606 opera
635 2527 700 2588 solo
724 2535 858 2606 tempore
886 2524 1056 2600 antecedata
1087 2526 1166 2605 qnod
1196 2525 1316 2605 quidem

76 2644 172 2688 unum
199 2645 318 2704 omnem
341 2639 462 2709 superat
482 2629 674 2710 impietatem.
712 2627 766 2688 Sin
787 2636 884 2690 antem
907 2628 982 2688 haee
1002 2627 1090 2688 rerba
1113 2627 1174 2706 Epo
1194 2631 1316 2706 primus

75 2729 217 2807 protulit,
242 2737 276 2792 ut
295 2749 330 2792 se
353 2749 413 2794 non
435 2751 504 2794 esse
525 2751 562 2794 ex
584 2730 682 2810 aliquo
706 2747 762 2792 neo
783 2729 909 2808 aliquem
932 2735 1001 2788 ante
1024 2746 1061 2790 re,
1079 2727 1183 2800 luisse,
1205 2727 1258 2788 sed
1281 2745 1318 2790 se

77 2831 218 2894 omnium
242 2849 312 2894 esse
339 2833 518 2915 principium
547 2842 588 2894 et·
603 2849 722 2894 eausam
755 2831 942 2902 ostenderet,
975 2837 1065 2908 alque
1092 2837 1126 2890 ul
1154 2827 1402 2897 sermionem.

76 2933 259 3014 exploderet
280 2933 409 3018 laliulas3
431 2935 619 3015 perspicuum
643 2949 760 3013 qnoque
783 2941 830 2994 est
843 2931 951 2994 Filium
965 2929 1196 3010 primogenitum
1211 2929 1315 3009 appel-

74 3033 142 3106 lari,
167 3053 235 3096 non
258 3035 337 3114 quod
358 3036 436 3098 inter
457 3055 506 3098 res
523 3044 636 3098 oreatus
652 3043 835 3107 numeretur,
857 3033 911 3094 sed
926 3025 962 3094 ad
978 3032 1167 3094 indicandum
1183 3031 1317 3094 omnium

74 3136 268 3200 creationem
292 3145 322 3198 et
343 3137 532 3216 adoptionem
554 3155 609 3217 per
623 3137 729 3199 Filium
746 3155 814 3198 esse
829 3136 974 3198 elleotam.
1003 3133 1156 3214 Siquidem
1170 3134 1316 3214 quemad-

73 3238 207 3300 modum
229 3237 318 3299 Pater
338 3237 452 3318 primus
473 3250 536 3316 est,
568 3239 609 3302 ita
638 3247 667 3300 el
694 3238 760 3318 ipse
782 3237 896 3318 primus
919 3245 980 3310 est,
1008 3247 1154 3316 quatenus
1176 3236 1316 3298 nimirum

71 3337 179 3419 imago
205 3338 295 3419 primi
318 3347 379 3411 est,
409 3347 439 3400 el
459 3339 490 3400 in
514 3358 550 3401 eo
574 3348 621 3402 est
641 3340 776 3420 primus,
803 3339 928 3420 ipseque
950 3355 986 3400 ex
1008 3338 1095 3400 Patre
1118 3345 1166 3398 est
1187 3337 1316 3416 genitus,

72 3441 104 3500 iu
128 3460 197 3521 quo
221 3440 292 3502 item
315 3441 414 3502 omnis
437 3450 540 3503 natura
562 3451 659 3504 ereata
681 3461 748 3504 eum
771 3449 887 3504 urentur
908 3447 970 3502 tum
993 3440 1159 3520 adoptatur.

71 3771 143 3825 ptum
172 3763 264 3812 lueret
300 3761 391 3812 ibidem
410 3762 466 3822 lleg.
487 3761 508 3810 l.
535 3771 559 3812 et
576 3763 675 3824 Segoer.
761 3777 783 3812 e.
801 3761 942 3824 Segnerlon.
959 3749 999 3809 ἐπ’
1020 3751 1114 3814 ἄλλον,
1132 3759 1195 3808 lorle
1212 3769 1257 3822 pro
1275 3745 1314 3805 id

69 3825 119 3876 καὶ
145 3823 208 3888 ζωὴ
234 3821 352 3881 αἰώνιος.
391 3829 452 3878 llditi
476 3836 501 3878 et
525 3831 565 3879 alii
589 3823 634 3876 καὶ
660 3823 674 3888 ἦ
728 3821 824 3880 ἄλλων.

69 3891 127 4008 {mig
158 3890 176 3957 ἦ
205 3889 325 3975 ammi·
370 3895 421 4010 Μεθ’
446 3898 503 3958 ¹¹⁰⁸·
525 3897 588 3976 ¹:⁰²
606 3895 630 3947 ²·
653 3905 679 3976 ,ᾳ
763 3931 779 3979 l.
805 3931 862 3992 lleg.
885 3930 905 3978 l.
925 3919 1022 3991 τούτῳ.
1058 3927 1158 3987 Segner.
1177 3925 1275 3976 Gobler.
1295 3932 1319 3974 et

68 3977 332 4044 “⁸¹3⁶‘2m9‘11'7‘
348 3977 469 4017 ''ww‘'
507 3967 551 4015 ΜΗ
578 3975 602 4015 ⁸¹
620 3967 677 4015 ‘dm
728 3997 832 4048 l'elclm.
855 3998 875 4046 l.
900 3987 1014 4043 τούτων.
1052 3994 1143 4042 ibidem
1169 3994 1225 4054 llog.
1246 3993 1268 4040 l.
1295 4001 1319 4042 et

68 4047 136 4097 περι
156 4047 215 4094 ¹¹¹⁶
230 4043 360 4092 ‘'qm‘'
381 4035 505 4082 Mam·
728 4068 828 4127 Seguer.
853 4051 1008 4140 inru'xnd'
1028 4052 1105 4140 ipsein.
1142 4059 1193 4138 lion
1218 4060 1274 4136 llog.
1296 4059 1317 4112 l.

103 4153 125 4186 c.
148 4135 216 4196 fleg.
237 4135 258 4184 l.
284 4135 384 4194 Segner.
410 4133 508 4186 Gobler.
528 4143 551 4184 et
569 4133 676 4186 Felrlrm.
729 4140 752 4183 et
776 4135 876 4194 Seguer.
900 4143 989 4197 μονον
1011 4141 1050 4192 τῳ
1074 4126 1197 4195 Χριστῳ.
1241 4128 1318 4178 lnlem

70 4201 233 4284 [μυεῖται
251 4195 280 4250 δὲ
299 4195 350 4252 σὺν
368 4201 406 4267 τῷ
422 4195 501 4282 μξνῳ
518 4197 564 4282 ani
583 4195 675 4282 derides
727 4201 816 4251 ibidem
835 4191 900 4247 ἀλλὰ
920 4195 1000 4246 τοῦτο
1015 4193 1116 4246 πᾶσαν.

68 4265 97 4317 δ’
126 4287 165 4319 ⁰⁹
185 4261 481 4349 νέκονενῦοὖρανος·
521 4273 564 4320 ΑΙἸ
584 4273 676 4320 ‘mm'
762 4317 785 4363 g.
804 4301 925 4363 liegiusl.
945 4309 969 4348 et
987 4299 1010 4348 2.
1030 4306 1053 4348 et
1071 4297 1175 4348 Felelm.
1194 4297 1219 4348 5.
1237 4291 1319 4356 δῆλον

67 4339 187 4388 νθέῖῑᾱῑ
216 4351 266 4386 ⁰¹²⁹
288 4337 328 4416 ,ῖῷ
350 4335 429 4418 ‘¹⁶⁹5’
447 4332 493 4387 καὶ
511 4331 525 4386 ὃ
544 4331 616 4396 ”355¹
637 4329 674 4386 δι’
729 4361 780 4422 ὅτι.
816 4369 896 4418 aluei
909 4367 967 4416 editi
978 4357 1111 4426 δηλονότι.
1147 4365 1317 4428 Sepernilrid.

67 4393 101 4455 οὗ
119 4405 234 4472 γέγονε
250 4421 296 4456 ‘a‘
314 4399 438 4471 ⁰¹³³W⁰5⁸
729 4434 857 4502 λέγεσθαι
865 4429 911 4484 καὶ
921 4429 976 4486 τόν.
1003 4437 1030 4485 ln
1050 4435 1105 4484 aliis
1122 4445 1146 4485 et
1162 4434 1233 4484 editis
1251 4433 1320 4482 deest

102 4509 129 4559 d.
151 4507 222 4568 neg.
242 4509 263 4558 l.
289 4515 312 4557 et
336 4501 615 4573 Segeer.eetlv1g3.
650 4509 677 4558 ln
728 4502 783 4554 reni.
820 4508 870 4556 llos
898 4506 953 4565 ling.
973 4508 996 4554 l.
1022 4511 1047 4552 et
1069 4505 1170 4564 Segner.
1189 4499 1308 4564 serapt?

66 4576 125 4626 aliis
147 4585 177 4628 et
199 4575 271 4628 edilia
289 4572 429 4628 deretani.
728 4573 852 4640 μεῖσθαι.
888 4573 949 4623 uerri
967 4581 991 4624 et
1009 4571 1050 4622 alii
1067 4567 1262 4636 συναριθμῆσα
