3032 5048
485 305 632 352 nrrsrona
646 307 683 350 aa
698 305 876 350 immaturi.
1216 291 1278 356 ute

10 472 88 516 um
137 473 234 518 ease
265 455 396 518 medam
431 453 513 542 'Nam
542 456 569 518 si
591 455 762 530 crederent,
791 475 824 518 ea
846 475 919 521 sane
941 459 1031 522 lourti
1053 460 1363 540 nou-luissentrsm.

10 575 82 618 rao
118 563 194 622 tua
220 556 318 636 pietas
340 557 483 620 adversus
505 558 591 638 ipsos
614 558 745 638 scripsit.

96 661 146 724 2.
209 659 258 720 'l'u
280 658 378 739 igitur,
400 659 506 722 dilecte
528 669 559 720 et
580 678 648 722 vere
671 659 866 740 optatissime,
890 679 953 724 rem
975 663 1193 726 ecclesiastieae
1216 673 1278 726 tra-

9 761 133 822 itioni
179 769 216 822 et
240 759 352 823 Christi
378 759 515 840 religioni
543 761 627 824 valde
654 769 883 824 consentaneam
904 763 1058 843 peregisti,
1081 785 1147 828 cum
1169 765 1277 828 buius-

9 863 101 926 iodi
146 861 304 926 homines
332 862 488 935 refutasti,
522 861 669 936 invitasti,
699 861 875 943 obiurgasti.
919 864 1044 937 Quando
1066 883 1136 927 rero
1158 867 1277 931 diabolo

9 983 180 1044 usurum
206 971 293 1044 patre
315 962 485 1043 impellente
505 967 681 1028 nerer'erant
702 983 796 1045 nepm
817 965 1047 1040 intellexerant,
1071 967 1115 1029 uti
1135 969 1277 1049 seriptum

8 1077 69 1140 est,
99 1065 177 1128 sed
203 1070 239 1128 a'ra
262 1065 392 1130 tenebrat
415 1064 580 1138 ambulant,
604 1065 755 1128 discente
780 1076 828 1130 tua
850 1066 959 1147 pietate
980 1085 1099 1148 pravam
1122 1087 1186 1154 eam
1208 1070 1277 1131 illo-

8 1187 83 1230 ’um
122 1165 322 1230 senteutiam
346 1165 504 1240 Valentini,
531 1165 690 1230 llareionis
719 1176 750 1228 et
770 1167 931 1232 lleniebaei
965 1187 1049 1243 esse,
1079 1187 1209 1250 quorum
1228 1171 1278 1234 alii

8 1287 77 1349 pro
113 1267 261 1332 veritate
287 1285 400 1330 meram
427 1266 559 1347 speeiem
588 1268 749 1344 induxere,
778 1269 827 1332 alii
848 1269 997 1334 individua
1021 1269 1185 1334 dividentes
1207 1272 1277 1335 illud

8 1371 222 1451 Scriptum
251 1387 412 1448 negavere:
446 1355 573 1459 Verbum
599 1389 671 1433 coro
699 1372 818 1451 [actum
839 1381 935 1435 estet
958 1373 1159 1436 badr'tuur'tin
1180 1375 1278 1440 nobie

9 1473 137 1545 Quare
165 1472 264 1552 igitur
285 1489 353 1534 oum
375 1471 479 1534 eadem
500 1489 576 1550 qnae
598 1471 641 1534 illi
662 1471 806 1546 sentiant,
840 1474 1005 1536 eorundem
1027 1473 1181 1538 nominum
1204 1475 1278 1536 bae-

7 1575 118 1637 redes
147 1589 221 1636 non
242 1569 342 1634 liunt?
386 1570 539 1652 Siquidem
561 1591 688 1652 aequum
710 1581 757 1636 est
777 1573 846 1636 illos
867 1573 1002 1656 ipsorum
1024 1575 1124 1638 vocari
1146 1575 1279 1650 nomine,

14 1693 173 1755 quorum
198 1691 371 1754 perversam
394 1682 562 1753 sequuntur
583 1675 772 1751 senteutiam,
795 1685 828 1738 ιιι
848 1677 908 1738 iam
918 1678 1060 1758 deinceps
1072 1676 1278 1752 Valentiniani,

11 1776 256 1840 Marcionistae
285 1782 316 1837 et
335 1773 498 1837 llaniebaei
527 1769 703 1838 renitenter.
747 1777 837 1840 Forte
864 1778 944 1840 enirn
976 1778 1015 1841 ob
1037 1779 1155 1841 illenim
1178 1780 1279 1840 nomi-

19 1897 108 1940 num
142 1875 302 1940 inlamlam
325 1875 537 1940 erubescentes
559 1877 793 1940 animadvertere
814 1887 971 1960 potentat,
1002 1879 1032 1940 iu
1055 1889 1196 1959 quantum
1219 1880 1277 1942 im-

20 1977 166 2060 pietatis
200 1979 382 2058 protundum
417 1977 588 2042 reciderint.
636 1979 695 2040 Par
729 1997 800 2042 sane
829 1979 935 2042 luisset
962 1979 1036 2042 nibil
1065 1981 1190 2062 amplius
1219 1981 1278 2044 illis

24 2077 244 2160 respondere,
267 2079 310 2142 uti
324 2079 486 2159 Apostolus
509 2078 557 2141 bis
579 2078 680 2141 verbis
696 2089 816 2142 monet:
838 2079 1032 2146 Haeren'cam
1048 2082 1195 2145 buniam
1206 2093 1279 2162 port

23 2199 135 2244 unone
167 2193 199 2244 et
226 2181 389 2244 amadeus
418 2183 640 2262 correptionem
662 2182 779 2256 deuito,
808 2186 908 2246 remor
939 2187 1011 2264 pato
1033 2183 1200 2246 subuersae
1222 2193 1277 2256 ert,

33 2288 92 2364 qur·
114 2282 270 2345 eirremoda'
289 2293 343 2352 eet,
366 2291 395 2372 et
417 2269 572 2366 delinquit,
597 2300 663 2344 eom
686 2287 727 2345 rit
749 2303 782 2346 ee
804 2287 870 2364 ipro
893 2283 1127 2355 condensantur,
1150 2285 1278 2346 maxime

32 2403 113 2446 curm
135 2382 229 2446 etiam
249 2381 400 2462 Propheta
422 2381 460 2444 de
481 2382 589 2446 iisdem
612 2383 704 2446 dieat:
727 2383 850 2450 Stultus
874 2383 971 2460 stulta
994 2384 1146 2466 loquetur,
1171 2395 1201 2446 et
1222 2401 1278 2446 eor

36 2489 106 2548 ea‘arr
130 2501 216 2549 onon
238 2484 388 2564 cogitabit.
433 2483 541 2547 Verum
563 2502 653 2564 quum
674 2482 716 2546 illl
738 2483 823 2546 ducis
845 2485 894 2546 sui
916 2486 1051 2566 exemplo
1072 2485 1154 2548 relut
1174 2485 1278 2548 leones

37 2587 233 2650 circumeant
253 2592 428 2665 quaerentes
451 2603 539 2665 quem
562 2603 579 2647 e
600 2585 835 2666 simplicioribus'
857 2577 1144 2661 devorent‘idcirco
1168 2603 1276 2648 neces-

41 2689 160 2752 sariam
190 2685 279 2748 nobis
306 2686 377 2759 luit,
411 2695 479 2748 tuae
500 2682 604 2766 pietati
626 2686 809 2761 rescribere,
839 2697 872 2750 ut
893 2689 1002 2750 tratres
1024 2695 1075 2749 tua
1099 2687 1207 2752 uarum
1229 2685 1278 2745 in-

41 2789 153 2854 structi
177 2787 380 2852 admonitione
402 2806 507 2852 eorum
529 2781 696 2852 lutilitutem
719 2789 813 2868 magio
834 2788 988 2869 magisque
1003 2785 1235 2868 deprehendant

139 3199 170 3262 3.
211 3194 314 3275 ltaque
335 3213 399 3256 rem
421 3201 548 3262 uenum
572 3213 633 3256 non
655 3193 832 3270 adoramus3
855 3192 943 3256 absit.
987 3191 1181 3256 Etbnicorum
1198 3191 1278 3254 enirn
1315 3255 1320 3264 ,

57 3306 87 3359 et
107 3297 281 3360 drianarum
308 3304 356 3358 est
382 3295 556 3358 huiusmodi
585 3314 679 3360 error.
724 3295 783 3359 Sed
806 3313 908 3358 rerum
930 3303 1096 3357 creatarum
1119 3293 1278 3358 Dominum

55 3417 171 3462 earnem
191 3399 309 3471 lactum,
330 3397 384 3460 llei
398 3395 527 3460 Verbum
550 3397 719 3460 adoramus.
762 3397 801 3459 Et
822 3397 849 3460 oi
872 3397 952 3459 enim
973 3397 1038 3477 ipsa
1053 3414 1123 3460 caro
1138 3397 1293 3484 seorsum*

63 3507 186 3581 spectata
204 3517 276 3579 pars
298 3498 339 3559 sit
359 3517 460 3562 rerum
483 3505 658 3574 creatarum,
682 3506 810 3562 attamen
833 3497 887 3562 Dei
909 3499 984 3560 lactu
1006 3505 1053 3558 est
1067 3515 1188 3576 eorpus.
1215 3497 1277 3558 Ne-

62 3619 116 3678 que
137 3618 203 3660 reru
224 3598 397 3660 huiusmodi
419 3619 528 3680 eorpus
549 3619 566 3662 a
587 3600 685 3664 Verbo
708 3601 874 3662 dividentes
897 3599 1066 3670 adoramus,
1089 3615 1187 3676 neque
1209 3613 1276 3658 cum

63 3699 182 3762 Verbum
201 3697 337 3762 volumus
359 3699 495 3775 adorare,
517 3703 614 3782 ipsum
637 3721 654 3764 a
677 3719 770 3764 corne
779 3717 981 3780 removemus,
1005 3699 1069 3772 sed,
1092 3706 1125 3759 ut
1140 3697 1278 3777 superius

64 3801 192 3875 diximus,
213 3799 301 3862 baec:
328 3799 452 3864 Verbum
476 3821 548 3866 coro
571 3805 764 3884 factumest,
786 3819 848 3864 non
870 3800 1043 3880 ignorantes
1058 3798 1136 3860 idem
1147 3794 1277 3858 Verbum

65 3903 94 3964 iu
114 3920 193 3965 carue
212 3901 344 3964 existens
365 3901 459 3966 Deum
481 3905 682 3984 agnoscimus.
727 3901 805 3975 Quis
832 3917 903 3980 ergo
926 3900 1001 3962 adeo
1024 3899 1147 3962 demens
1169 3897 1223 3970 sit,
1246 3901 1363 3963 otram.

99 4055 120 4105 d.
137 4055 224 4118 Segaer.
243 4054 307 4104 addit
326 4047 377 4114 τὴν
392 4049 534 4118 λέγουσαν.
723 4054 748 4103 b.
767 4053 807 4104 Sic
824 4052 924 4115 Seguer.
942 4050 1016 4100 basil.
1035 4059 1058 4100 et
1075 4049 1168 4112 Anglie.
1186 4048 1281 4128 ⁸Editio

99 4137 118 4172 e.
135 4124 223 4185 Segner.
241 4115 287 4168 καὶ
306 4112 349 4168 ὅτι
366 4117 413 4169 καί
431 4130 476 4172 ete.
689 4136 745 4172 aero
765 4121 882 4171 Commel.
902 4118 972 4172 Gobl.
992 4126 1015 4168 et
1029 4117 1135 4168 Felelm.
1148 4117 1195 4175 bn
1213 4129 1277 4182 γαρ.

99 4191 114 4239 l.
131 4190 167 4240 Sir
182 4189 276 4252 Seguer.
296 4189 367 4237 ltasil.
386 4197 410 4238 ot
426 4189 517 4251 bogllc
552 4188 598 4238 dlii
617 4195 641 4239 et
724 4189 738 4238 i.
759 4188 800 4238 Sir
818 4187 918 4248 Seguer.
953 4185 999 4236 dlii
1024 4193 1047 4234 et
1065 4175 1122 4234 editi
1141 4178 1196 4231 deal.

73 4257 122 4306 edit.
139 4255 245 4308 commel.
264 4249 295 4303 dt
312 4257 432 4304 omittant.
724 4256 745 4303 lr.
766 4255 807 4304 Sto
824 4255 923 4315 Seguer.
942 4252 1015 4301 basil.
1027 4251 1118 4314 anglie.
1138 4237 1276 4302 Goblerlan.

102 4339 121 4385 g.
137 4325 223 4386 Segocr.
242 4317 383 4374 συνέσεως.
420 4323 453 4372 Ex
477 4321 562 4371 eodem
581 4323 641 4371 ibid.
690 4323 771 4373 Ceteri
788 4329 812 4370 et
830 4323 886 4370 edit.
906 4321 999 4371 Corum.
1019 4311 1055 4372 ὥς
1071 4314 1166 4383 λέγων.
1205 4317 1279 4368 Panlo

73 4405 144 4440 rosan
161 4389 210 4450 cir.
229 4403 291 4454 qnae
310 4392 333 4438 in
352 4389 407 4438 aliis
425 4398 448 4438 et
466 4389 537 4438 editis
561 4389 639 4450 deest,
689 4397 746 4452 post
763 4403 845 4438 rocem
865 4378 1002 4453 ἀφρόνων
1018 4385 1280 4448 segnenllosillngl.

76 4460 209 4509 restituimur.
245 4457 517 4520 lloxSegaer.atliasil.
536 4446 578 4505 ἔτι
595 4457 639 4508 ba·
691 4456 794 4514 babent,
820 4455 860 4504 olii
884 4465 907 4505 et
924 4456 982 4504 editi
1000 4453 1120 4505 omittunt.
1156 4454 1215 4504 lbid.
1234 4443 1281 4499 sas

76 4523 125 4574 beot
140 4541 177 4590 pro
192 4517 240 4574 ἐπι.
690 4516 724 4573 τὸ
745 4521 826 4589 σῶμα
843 4523 944 4586 Seguar.
962 4523 1060 4574 Gobler.
1079 4523 1185 4574 l'elelrm.
1197 4520 1219 4570 l.
1237 4517 1281 4568 ad·

108 4611 215 4656 trnarrnr
227 4623 278 4656 arr.
292 4623 365 4674 νοις.
376 4622 427 4655 ιιι.
1043 4604 1077 4656 bd
