3110 5064
638 371 823 436 enarrare(
1299 379 1338 441 ld

105 543 275 604 ammaum
290 542 469 615 naturarum,
491 551 525 604 nt
539 539 724 622 Epiphanius
739 550 770 604 et
784 541 1010 617 'theodoretum
1032 551 1082 604 aut
1103 549 1206 606 contra
1228 543 1337 634 singn-

104 643 148 704 las
171 642 317 723 maedam
332 643 474 705 haereses
489 643 725 723 disputaverunt,
749 661 825 724 quae
845 661 935 706 ansas
956 661 1018 706 non
1034 643 1142 706 dabant
1163 643 1199 706 ad
1221 653 1337 726 myste-

104 745 147 806 ria
162 743 233 804 bdei
257 743 400 806 subtilius
414 743 593 823 explicanda,
616 745 865 824 quenadmodum
880 745 999 808 saeculo
1021 753 1125 824 quarto
1139 745 1337 809 Alexandrum

101 845 326 926 breapolitam
347 845 502 926 Didymum
524 845 763 920 Alexandrinum,
786 847 886 909 'litum
908 847 1118 920 bostrensem,
1141 845 1338 928 Serapionem

102 947 262 1008 Tinneos
286 946 461 1027 episcopum
483 947 514 1009 in
534 947 724 1010 llanicbaeos
746 948 889 1010 calamum
911 947 1069 1010 strinxisse
1091 947 1235 1010 ridemus.

189 1047 298 1128 Neque
311 1057 421 1122 umen,
436 1056 471 1110 nt
484 1047 681 1128 significatum
697 1058 752 1122 est,
769 1049 868 1112 omnia
883 1050 993 1130 scripta
1015 1049 1171 1112 doctorum
1193 1049 1338 1112 ecclesiae

104 1149 277 1228 domurn
299 1161 330 1211 et
347 1149 495 1230 polentiae
516 1150 548 1210 in
569 1145 778 1214 bibliothecam
807 1150 977 1230 recipienda
1004 1149 1084 1213 duxi.
1128 1150 1337 1213 Commemoro

104 1269 140 1311 er
162 1249 213 1311 bis
235 1249 466 1330 praetermissas
488 1270 505 1312 a
528 1269 575 1312 me
598 1251 697 1331 Cprilli
723 1251 983 1332 llierosolymitoni
1006 1251 1184 1314 catecheses
1213 1253 1338 1314 octode-

102 1351 161 1412 cim
183 1351 223 1412 ad
257 1359 461 1430 competentes
495 1351 559 1414 sire
590 1353 838 1426 catechumenos,
871 1353 901 1414 in
935 1351 1041 1432 quibus
1064 1351 1090 1414 is
1113 1351 1244 1432 quidem,
1277 1371 1338 1433 quo

104 1461 246 1531 tempore
266 1451 432 1532 presbyteri
448 1469 571 1515 manere
594 1453 779 1532 iungebam,
802 1472 907 1516 omnes
921 1453 1062 1516 articulos
1085 1454 1211 1534 symboli
1226 1454 1338 1516 lliero·

103 1553 278 1632 solymitani
301 1553 474 1634 copiosiore
496 1571 646 1627 sermone,
670 1563 703 1616 ut
723 1553 849 1628 ridetur,
871 1553 1061 1635 extemporali
1085 1555 1223 1634 exposuit
1244 1573 1340 1636 eaque

103 1656 227 1716 mone
248 1655 406 1734 praecipuo
428 1655 580 1717 doctrinae
602 1656 780 1718 maisilinae
800 1657 894 1738 capita
917 1665 1092 1736 persecutus
1108 1666 1164 1718 est.
1209 1657 1337 1718 Verum-

104 1767 208 1818 tan·
240 1773 304 1817 non
336 1765 396 1818 tam
419 1765 521 1819 exacte
541 1767 572 1820 et
604 1775 725 1838 messe,
759 1777 846 1838 qnam
869 1758 899 1819 in
928 1757 1051 1820 eruditio
1084 1756 1338 1836 disputationibus

104 1857 171 1919 lieri
205 1857 302 1930 solet,
335 1857 373 1920 de
393 1859 582 1938 dogmatibus
615 1859 790 1940 theologicis
822 1859 984 1933 disseruit,
1012 1858 1066 1920 sed
1088 1866 1122 1920 ut
1143 1875 1193 1921 res
1215 1857 1338 1932 serebat,

108 1977 203 2038 mum
222 1957 407 2038 explanatius
435 1968 496 2022 tum
525 1961 614 2024 etiem
644 1960 739 2024 lunius
760 1969 791 2022 ct
812 1959 848 2022 ed
870 1977 1027 2022 commune
1048 1957 1189 2022 iudicium
1209 1960 1338 2040 popula·

105 2078 233 2139 nmque
255 2051 478 2140 intelligentiam
507 2061 775 2135 accommodatius,
806 2069 895 2142 atque
921 2061 1015 2124 multo
1037 2062 1126 2123 etiam
1146 2059 1246 2124 minus
1267 2062 1338 2123 uni·
1423 2103 1432 2114 -

105 2179 228 2223 msam
267 2162 419 2224 doetrinae
453 2162 633 2225 christianae
664 2164 789 2226 immam
828 2173 907 2226 certa
946 2163 1062 2224 ratione
1092 2171 1121 2224 et
1158 2171 1220 2224 arte
1253 2178 1338 2224 eom-

104 2262 217 2342 plexus
247 2269 303 2324 est
359 2263 560 2336 Quamobrem
586 2275 811 2328 monumentum
840 2265 899 2326 boe
924 2263 1034 2327 veteris
1064 2263 1208 2325 ecclesiae
1227 2263 1258 2324 in
1281 2281 1337 2326 suo

103 2381 221 2444 genere
243 2363 363 2426 unicum
386 2383 554 2445 quanquam
567 2365 644 2428 lectu
659 2367 868 2446 dignissimum
891 2375 946 2440 est,
968 2375 1002 2427 ut
1015 2383 1093 2445 quae
1112 2364 1227 2445 publiea
1249 2365 1340 2428 luerit

104 2485 145 2528 eo
167 2475 307 2546 ternpore
328 2465 403 2528 tides
425 2475 455 2529 et
475 2466 570 2547 qualis
593 2466 740 2530 institutio
754 2467 942 2538 catecbetica,
965 2467 1035 2528 inde
1050 2467 1210 2539 discamus,
1233 2483 1339 2548 pamm

104 2581 210 2630 tmen
231 2565 418 2630 monath
441 2577 471 2629 et
491 2585 566 2630 usus
588 2567 693 2642 babet,
721 2569 771 2631 ubi
794 2569 831 2632 de
854 2567 1009 2630 subtiliore
1032 2569 1202 2648 dogmatum
1224 2567 1339 2630 enoda-

105 2669 193 2730 tione
214 2676 245 2728 et
272 2666 444 2730 delinitione
470 2669 518 2730 vel
539 2669 576 2730 de
603 2669 747 2732 ortiiicieli
777 2687 881 2732 eorum
911 2669 1084 2730 tractatione
1112 2677 1142 2728 et
1162 2668 1340 2748 probatione

108 2769 274 2848 qnaeritm.
318 2767 380 2830 Nec
401 2769 528 2832 dubitari
549 2779 661 2850 potest,
683 2769 753 2850 quin
775 2778 894 2850 praeter
915 2767 1280 2847 auetorisprocliritatem
1302 2767 1341 2830 ad

57 2867 67 2876 '
107 2871 288 2934 sententiam
312 2870 588 2933 Semi-brianornm
611 2869 657 2932 vel
691 2881 771 2933 certe
803 2869 947 2950 quasdam
980 2851 1050 2930 eius'
1082 2867 1269 2948 suspiciones
1291 2869 1340 2932 illa

106 2973 208 3053 ipsius
230 2971 549 3061 operislconlormatio
571 2971 768 3051 prohibuerit,
791 2989 850 3052 quo
872 2971 971 3032 minus
993 2969 1023 3030 id
1038 2977 1176 3049 unquam
1199 2970 1341 3033 arbutiae

104 3075 245 3152 artisqm
276 3073 463 3152 theologicae
495 3074 647 3153 specimen
685 3073 797 3153 pariter
833 3071 1034 3134 celebraretur
1066 3079 1154 3152 etque
1181 3071 1340 3152 praecipue

103 3173 279 3247 Adranasii,
300 3173 417 3252 Basilii,
440 3174 574 3254 Gregorii
597 3174 771 3236 Nazianzeni
793 3173 902 3253 scripta
930 3172 1095 3250 dogmatica
1118 3172 1175 3234 iam
1197 3171 1234 3234 ab
1256 3173 1340 3236 eius·

104 3278 182 3338 deun
210 3283 243 3336 et
268 3275 404 3354 proxime
436 3276 588 3356 Quantis
621 3273 726 3338 aetatis
759 3274 908 3353 theologis
941 3273 1087 3336 celebrata
1120 3291 1190 3336 esse
1212 3281 1339 3337 constet.

104 3377 252 3440 Ceterum
279 3375 360 3455 quod
383 3375 529 3440 editiones
551 3375 648 3456 Cprilli
669 3375 831 3438 llillesiana
854 3383 884 3436 et
905 3375 1086 3438 'l'oottaeana
1107 3392 1188 3438 nunc
1208 3377 1340 3438 rariores

107 3488 203 3548 srrnt.
240 3495 313 3538 saue
346 3479 508 3559 optandum
538 3487 600 3546 est,
647 3485 680 3540 ut
713 3495 787 3538 nova
828 3475 1028 3538 catecheseon
1062 3475 1166 3538 xxttt.
1200 3476 1290 3539 editio
1322 3493 1340 3537 a

107 3581 177 3642 siro
200 3578 289 3640 docto
312 3578 348 3640 ad
371 3579 429 3642 boc
455 3597 566 3642 munus
593 3579 665 3641 satis
694 3579 840 3640 instructo
863 3587 893 3638 et
914 3577 1023 3638 idoneo
1045 3577 1222 3651 adornetur,
1250 3595 1340 3656 quum

109 3699 189 3759 quae
215 3678 317 3742 studio
347 3679 424 3742 Guil.
452 3679 549 3744 Caroli
577 3679 695 3742 llelscbl
723 3679 837 3741 benaci
865 3697 880 3739 a
906 3680 997 3743 1848.
1021 3678 1120 3740 minus
1148 3677 1343 3757 probabiliter

110 3781 249 3843 inchoata
278 3787 340 3852 est,
368 3799 428 3842 nen
458 3780 571 3844 absolvi
599 3781 742 3843 videatur.
786 3780 909 3843 Praeter
931 3778 1027 3858 Cyrilli
1056 3779 1233 3840 Catecbeses
1255 3780 1341 3858 plura

109 3881 312 3963 εεΙῲήοηιω
327 3881 520 3963 scriptorem,
541 3883 591 3963 qni
613 3882 768 3946 emlesim
791 3880 923 3944 Orientis
944 3879 1062 3942 sacculo
1084 3880 1340 3959 quarto'illustra-

109 3991 194 4054 reat,
216 3983 254 4044 ad
275 4001 333 4046 nos
356 3983 451 4046 deletu
473 3994 545 4046 sunt
566 3984 707 4064 opuscula
736 3983 900 4063 dogmatica
929 3999 1020 4061 eaque
1042 3981 1077 4042 ad
1105 3979 1203 4040 locum
1224 3979 1262 4040 de
1284 3979 1340 4040 tri-

109 4085 205 4148 nitate
225 4085 415 4164 panthenus,
438 4103 514 4165 qnae
535 4087 664 4148 fortasse
687 4093 774 4148 arunt
803 4084 852 4166 qui
875 4085 931 4146 bac
958 4085 988 4145 iu
1011 4079 1190 4142 Bibliotheca
1218 4078 1341 4142 deside-

108 4197 191 4250 rent.
234 4187 327 4249 Coins
349 4187 467 4265 generis
490 4196 559 4250 eunt
580 4185 701 4250 Eusebii
718 4187 927 4249 caesareensis
950 4183 1018 4245 libri
1040 4181 1099 4242 duo
1123 4181 1235 4242 eontro'
1253 4180 1343 4244 llor-

106 4287 221 4352 uuas
244 4298 274 4349 et
295 4295 358 4350 tres
383 4287 417 4351 do
439 4289 641 4352 ecclaarhatioo
663 4288 822 4370 tholegia,
845 4285 959 4366 Didymi
981 4281 1169 4344 Alexandrini
1191 4283 1227 4344 de
1248 4286 1343 4343 trini-

108 4401 174 4454 tus
189 4389 258 4452 libri
273 4397 335 4452 tres
352 4407 457 4469 graece
473 4389 509 4452 eb
524 4391 566 4453 le.
582 4389 701 4471 blepsio
716 4387 878 4468 llingorelli
893 4384 1045 4448 bononiae
1060 4403 1086 4445 a.
1104 4385 1196 4447 1769.
1212 4382 1340 4461 primum

105 4492 181 4556 editi
204 4501 237 4554 et
265 4491 401 4556 amum
429 4494 465 4556 de
486 4495 600 4573 spirits
629 4499 734 4554 anneto
762 4493 963 4553 omnnem
986 4485 1233 4566 interpretatione
1254 4481 1343 4544 latino

108 4593 298 4674 ulmoy-i,
313 4591 471 4674 Epiphanii
487 4593 670 4666 Ascurum,
692 4591 813 4656 loannis
828 4589 1035 4671 llbrysostomi
1051 4597 1160 4650 contro
1175 4583 1344 4644 Aaronom

1101 4699 1141 4754 B*
