3072 5056
228 311 268 375 82
629 327 656 370 s.
671 327 1064 374 ιτσικιευιεαωεοιεοοει

138 493 215 537 αντε.
227 473 400 560 στομάχων
421 469 599 559 Ἀρειανιῦν
620 477 675 541 καὶ
697 478 763 542 τῶν
784 481 935 560 ματαίων
956 475 1162 564 προφάσεων
1184 473 1302 560 αύτιῦν,
1325 480 1442 569 ’άςτῆς
1525 540 1528 557 ,

226 573 367 662 ἀσεβοῦς
396 575 521 643 ἑαυτῶν
531 547 637 660 γάριν
658 577 817 663 αἱρέσεως
839 571 1063 646 ἀναπλάττειν
1085 578 1119 647 έν
1142 574 1257 659 αὐτοῖς
1277 583 1443 670 μεμελετή
1526 584 1528 637 3

224 698 337 745 κασιν·
361 672 414 744 ὅτι
435 679 481 762 τῷ
503 679 575 762 θεῷ
598 681 652 743 καί
674 680 777 763 πατρὶ
801 684 926 764 πρέπει
948 677 1038 760 δόξα,
1061 681 1140 768 τιμή
1155 684 1208 748 καί
1224 682 1440 771 προςκύνηοις,

225 778 284 846 σὺν
317 781 363 865 τῷ
392 777 581 865 συνανάρχιμ
610 771 711 844 αύτοῦ
739 779 800 864 υἱῷ
830 781 884 846 καί
919 780 1022 867 λόγῳ,
1057 776 1126 865 ἅμα
1155 784 1202 868 τῷ
1224 791 1375 871 παναγίφ
1396 788 1442 852 καί

226 881 381 965 ζωοποιῷ
413 877 592 963 πνεύματι,
626 882 683 946 νῦν
710 881 765 946 καὶ
794 878 841 957 είς
875 879 953 959 τούς
984 875 1218 970 άτελευτήτους
1241 884 1363 964 αἰῶνας
1383 890 1441 952 τῶν

226 979 363 1048 αἰώνων.
389 973 482 1066 άμήν.
602 980 605 984 ’
1186 980 1198 998 “

587 1169 615 1227 Ε
621 1165 811 1230 ΥΣΕΒΙΟΥ
822 1117 1090 1230 ΚΑΙΣΑΡΕίίΣ

514 1279 659 1346 1’ἐπιστολή
677 1281 747 1353 πρὸς
764 1282 828 1342 τοῦς
844 1287 893 1348 τῆς
907 1284 1053 1354 παροινίας
1070 1282 1162 1341 αὐτοῦ.

311 1429 337 1487 1.
386 1418 437 1485 Τὰ
458 1421 535 1504 περὶ
551 1421 609 1506 τῆς
621 1417 886 1506 έκκλησιαστικής
896 1427 1043 1501 πίστεως
1053 1426 1353 1507 πραγματευθέντα
1369 1423 1444 1490 κατά

221 1521 280 1609 τὴν
309 1519 451 1606 μεγάλην
481 1517 619 1585 σύνοδον
648 1519 706 1607 τήν
735 1520 769 1588 ἐν
791 1527 917 1610 Νικαίᾳ
947 1528 1243 1610 συγκροτηθείσαν,
1274 1523 1361 1602 εἰκὸς
1390 1527 1443 1609 μὲν
1529 1595 1530 1598 ¹

222 1619 333 1706 οῦμῦις,
358 1617 533 1708 ἀγαπητοί,
556 1623 609 1688 καὶ
633 1620 777 1689 άλλοθεν
798 1629 1037 1712 μεμαθηκέναι,
1060 1627 1119 1710 τῆς
1134 1623 1244 1712 φήμης
1259 1631 1444 1711 προτρέχειν

223 1723 383 1802 εἰωθυίας
404 1721 461 1789 τὸν
484 1726 649 1810 περὶτῶν
672 1725 928 1810 ἆπραττομίνων
951 1720 1067 1812 άκριβή
1090 1724 1197 1810 λόγον.
1242 1719 1310 1791 άλλ’
1335 1727 1393 1792 ἵνα
1406 1727 1444 1812 μή
1529 1777 1530 1792 i

221 1826 274 1892 ’έκ
296 1824 450 1912 τοιαύτης
473 1820 572 1910 δικοής
593 1819 713 1910 τὰτής
736 1819 898 1912 άληθείας
920 1826 1072 1913 έτεροίως
1095 1821 1172 1911 ύμῖν
1194 1821 1443 1915 άπαγγέλλητοι,
1529 1887 1530 1890 ,

223 1921 406 2012 άναγααίως
434 1925 700 2010 διεπεμψάμεθα
729 1922 807 2010 ύμῒν
836 1931 970 2014 πρῶτον
991 1929 1052 2012 μέν
1074 1927 1132 2014 τήν
1154 1923 1209 2015 ὕφ’
1235 1924 1327 2016 ήμῶν
1347 1931 1445 2016 ’προ-
1529 1989 1530 2006 ,

221 2033 386 2094 ταθεῒοαν
408 2030 484 2112 περὶ
508 2030 566 2113 τῆς
588 2035 733 2106 πίστεως
754 2028 893 2116 γραφήν,
917 2028 1034 2096 ἔπειτα
1054 2028 1113 2115 τὴν
1135 2029 1298 2117 δευτέραν,
1321 2030 1361 2120 ήν
1377 2041 1446 2110 ταῖς
1529 2077 1530 2108 2

222 2123 395 2214 ἡμετέραις
417 2137 547 2216 φωναῖς
568 2128 763 2217 προςθήκας
786 2129 1002 2215 ἐπιβαλόντες
1024 2129 1231 2198 ἒκδεδώκασι.
1263 2131 1302 2197 τὸ
1316 2135 1378 2216 μέν
1393 2122 1445 2199 οῦν
1529 2203 1530 2210 ¹

221 2223 299 2315 παρ’
310 2224 402 2314 ἡμῶν
413 2227 547 2314 γράμμα
562 2229 618 2296 ἐπὶ
631 2237 801 2318 παρουσίᾳ
813 2231 1078 2319 θεοφιλεστάτου
1090 2229 1182 2320 ἡμῶν
1193 2235 1358 2318 βασιλέως
1370 2229 1445 2301 άνα-

219 2336 380 2416 γνωσθέν,
390 2320 425 2396 ei
436 2355 472 2397 τε
485 2330 630 2414 ἔχεινκαὶ
645 2332 787 2417 δοκίμως
799 2328 1136 2421 άποφανθέν,“τοῦτον
1150 2335 1216 2417 ἔχει
1229 2333 1287 2400 τὸν
1297 2335 1444 2422 τρόπον.ς

305 2438 335 2499 2.
380 2431 509 2510 Καθὼς
531 2433 762 2519 παρελάβομεν
784 2434 878 2520 παρὰ
899 2438 965 2501 τῶν
981 2433 1049 2521 πρὸ
1063 2432 1156 2522 ήμῶν
1173 2435 1378 2516 ἐπισκόπων,
1395 2439 1444 2503 καί

221 2533 255 2600 έν
277 2536 316 2621 τῇ
339 2533 475 2622 Ιιπρώτη
498 2535 681 2622 κατηχήσει,
705 2538 759 2602 καὶ
783 2532 839 2602 ὅτε
852 2534 891 2601 τὸ
908 2534 1045 2622 λουτρὸν
1061 2535 1296 2622 ἐλαμβάνομεν,
1321 2541 1375 2604 καὶ
1390 2565 1446 2604 κα·
1529 2579 1530 2606 ι

218 2635 293 2715 θεός
321 2630 391 2703 άπὸ
424 2639 490 2702 τιῦν
518 2641 623 2704 θείων
652 2640 790 2726 γραφῶν
811 2637 1065 2725 μεμαθήκαμεν,
1096 2641 1149 2704 καί
1174 2634 1218 2718 τός
1241 2639 1274 2706 ἕν
1296 2643 1343 2726 τῷ
1366 2665 1447 2726 πρε-

219 2745 380 2826 οβυτερίφ
393 2741 446 2806 καὶ
470 2737 504 2806 ἒν
527 2732 608 2826 αὐτῇ
632 2742 672 2826 τῇ
695 2737 864 2826 ἐπισκοπῇ
886 2737 1118 2824 ἰἐπιστεύομεν
1139 2743 1176 2806 ’τε
1197 2742 1251 2806 καὶ
1276 2739 1447 2808 ἐδιδάσκο-

217 2865 287 2924 μεν,
311 2837 416 2918 οῦτως
437 2843 490 2907 καὶ
514 2843 571 2906 νῦν
592 2839 806 2918 πιστεύοντες
827 2839 886 2927 τήν
907 2836 1066 2927 ἡμετέραν
1087 2847 1203 2907 πίστιν
1225 2837 1322 2925 11ύμῖν
1343 2866 1446 2924 προς-

219 2947 442 3026 αναφέρομεν·
466 2941 537 3007 ἔστι
560 2942 596 3006 δὲ
619 2937 710 3028 αῦτη.

305 3045 333 3104 3.
379 3039 601 3125 ΙΠιστεύομεν
625 3041 672 3120 είς
694 3043 751 3108 ἕνα
772 3040 855 3106 θεὸν
877 3046 1006 3126 πατέρα
1021 3041 1283 3128 παντοκράτορα,
1306 3041 1369 3118 τὸν
1381 3047 1445 3110 τῶν

219 3133 377 3204 άπάντων
401 3134 528 3224 ὁρατῶν
550 3144 662 3208 τεκαὶ
686 3135 837 3227 δοράτων
861 3140 1012 3229 ποιητήν,
1036 3145 1089 3209 καὶ
1114 3142 1161 3221 εἷς
1184 3143 1245 3209 ἕνα
1262 3139 1445 3232 κύριονἸη-

219 3240 300 3303 σοῦν
311 3239 468 3325 Χριστόν,
491 3240 550 3306 τὸν
570 3245 630 3306 τοῦ
652 3246 735 3310 θεοῦ
758 3241 864 3329 λόγον,
888 3242 971 3309 θεὸν
995 3242 1029 3310 ἐκ
1049 3246 1144 3324 θεοῦ,
1170 3247 1243 3332 φῶς
1265 3243 1299 3311 ἐκ
1322 3246 1444 3332 φωτός,

219 3337 303 3426 ζωήν
333 3339 366 3406 ἐκ
396 3339 493 3430 ζωῆς,
528 3340 600 3408 υἱὸν
622 3347 796 3431 μονογενῆ,
831 3343 1045 3431 πρωτότοκον
1068 3344 1180 3432 πάσης
1201 3350 1353 3426 κτίσεως,
1378 3346 1446 3432 πρὸ

216 3438 353 3506 πάντων
374 3444 441 3508 τῶν
464 3441 594 3509 αἰώνων
617 3443 652 3510 έν
673 3448 731 3510 τοῦ
753 3444 882 3531 πατρὸς
902 3452 1142 3534 γεγεννημένον,
1166 3441 1213 3513 δι’
1239 3436 1278 3512 οῦ
1300 3449 1355 3514 καὶ
1377 3447 1447 3532 dyd-

217 3565 291 3609 νετο
319 3540 361 3608 τά
390 3541 516 3624 πάντα,
546 3543 604 3610 τόν
627 3545 683 3611 διὰ
704 3545 762 3632 τήν
783 3542 942 3634 ἡμετέραν
964 3554 1130 3634 σωτηρίαν
1153 3553 1370 3632 σαρκωθέντα
1391 3552 1446 3615 καί

132 3669 156 3712 1³.
164 3667 210 3713 του.
219 3643 253 3712 έν
276 3638 473 3730 άνθρώποις
487 3645 768 3730 πολιτευσάμενον
782 3650 836 3712 καὶ
852 3647 1010 3714 παθόντα
1025 3651 1078 3715 καὶ
1095 3644 1283 3715 ἀναστάντα
1297 3653 1336 3737 τῇ
1351 3657 1444 3737 τρίτῃ

215 3740 321 3833 ἡμέρᾳ
343 3747 398 3811 καὶ
421 3740 607 3814 άνελθύντα
631 3747 717 3834 πρὸς
737 3746 795 3814 τόν
818 3754 946 3833 πατέρα
968 3751 1022 3815 καὶ
1045 3746 1165 3836 ἥξοντα
1187 3749 1292 3816 πάλιν
1316 3749 1349 3816 έν
1365 3751 1444 3836 δόξῃ

215 3856 325 3936 κρῒναι
358 3845 481 3930 ζῶντας
512 3850 565 3914 καί
589 3849 728 3935 νεκρούς.
774 3849 973 3933 πιστεύομεν
996 3851 1061 3917 ’δὲ
1089 3853 1142 3917 καλ
1174 3851 1221 3930 εἷς
1249 3853 1283 3918 ἓν
1313 3854 1447 3935 πνεῦμα

249 4083 270 4117 ι.
289 4069 330 4120 Sic
349 4071 404 4133 Reg.
418 4080 441 4122 ει
451 4071 534 4130 dasii,
552 4087 613 4136 qnae
633 4081 656 4121 ει
673 4071 731 4134 legii
747 4075 804 4121 ‚im-
891 4073 912 4121 d.
932 4071 1010 4122 Editio
1024 4071 1140 4124 Commii.
1159 4068 1359 4142 πραττομένων
1375 4086 1446 4142 πρα-

213 4134 280 4184 Ιντοε.
300 4137 407 4188 camald.
445 4139 509 4189 naec
533 4154 589 4190 vero
614 4141 740 4203 usquead
759 4131 802 4187 ότι
852 4132 977 4204 γμάτων.
1015 4140 1181 4192 Theodoreius
1196 4142 1446 4193 Histondeciemib.

214 4200 302 4252 dosunt
321 4205 344 4252 iu
363 4206 417 4254 aliis
436 4215 460 4256 ει
477 4207 534 4256 edii.
554 4207 672 4258 eommd.
692 4217 696 4228 '
853 4208 872 4256 Ι,
891 4223 912 4256 ε.
926 4206 964 4257 12.
983 4223 1010 4258 ετ
1020 4209 1125 4260 editione
1134 4209 1220 4260 valesii
1230 4204 1443 4276 πεπραγμένων.

248 4267 272 4319 b.
299 4269 325 4318 in
356 4272 461 4322 editione
486 4274 676 4324 commeliniana
705 4289 732 4323 ex
756 4289 802 4324 ms.
854 4273 964 4324 Geiasius
983 4275 1112 4339 Cyzicenus
1131 4277 1445 4340 historineSynodiNicae-

213 4333 340 4386 Busiliensi
359 4339 457 4388 additur
474 4338 524 4387 τοῦ
543 4332 772 4408 άρετανάφρονος.
854 4355 899 4390 σιτ
918 4342 961 4392 lib.
979 4343 1008 4392 ΙΙ.
1028 4357 1048 4393 ε.
1068 4343 1108 4393 34.
1127 4352 1238 4395 extumo
1259 4343 1282 4394 2.
1308 4344 1444 4394 Conciliat.

247 4419 267 4453 ε.
287 4404 400 4454 Socrates
418 4405 509 4456 Ηίειοτ,
530 4409 622 4460 decies.
642 4410 683 4459 lib.
703 4409 720 4458 Ι.
740 4425 762 4458 ε,
775 4409 798 4460 8.
852 4403 940 4474 [iiansi
959 4424 1026 4460 conc.
1046 4425 1104 4460 nova
1124 4411 1180 4460 εοΙΙ.
1199 4413 1267 4461 Tem.
1287 4412 1317 4460 li.
1337 4408 1446 4478 p.914.]

213 4483 242 4520 τι
259 4472 474 4522 ediiiouevdesii:
491 4468 538 4522 καὶ
555 4467 633 4540 ῦμάς.
668 4477 720 4526 diox
739 4477 802 4527 idom
851 4473 1051 4543 πραττομένων
1067 4471 1241 4543 πραγμάτων
1251 4469 1341 4537 dandi}
1350 4474 1445 4543 λόγον.

214 4539 302 4590 omittit
318 4533 364 4588 καὶ
382 4534 505 4592 ἄλλοθεν.
886 4559 909 4594 ε.
927 4544 1039 4596 Socrates
1058 4537 1087 4596 ίνι
1102 4537 1190 4612 μόνης
1207 4539 1343 4606 τοιαύτης.
