3048 5052
177 306 182 314 ’
235 331 300 396 281
474 341 487 380 «·
573 376 578 386 .
637 347 664 390 ε.
679 345 834 406 numu
848 314 1075 392 ειιαειενιισυει
1141 329 1144 339 ’

147 513 225 559 m
320 499 373 564 88.
417 491 460 560 El
489 488 602 560 τοίνυν
631 488 719 560 οὑτω
748 491 805 560 καί
831 490 890 558 τόν
913 493 1046 578 σωτῆρα
1067 491 1231 577 ·λίγοοσι,
1254 489 1468 575 δειχθήσεται

233 594 318 681 μήτε
338 589 501 682 ἀληθινός
521 592 604 680 μήτε
623 592 707 672 θεὸς
727 592 811 682 μήτε
832 591 913 673 οίός,
935 593 1018 682 μήτε
1041 589 1158 677 ὅμοιος
1178 595 1226 679 τῷ
1248 599 1362 680 πατρί,
1383 591 1456 681 μήτε

199 745 202 762 ,
235 691 322 776 ὑλως
351 698 411 762 τοὺ
440 690 525 764 εἶναι
552 689 621 762 κατ’
646 689 763 762 οὑοίαν
784 694 954 781 πατίρα”
937 720 1026 777 εχων
1040 692 1099 760 τὸν
1120 692 1204 760 θεὸν
1224 688 1369 762 άλλὰ“
1330 719 1387 781 της
1407 695 1457 760 δο

234 803 355 885 θείσης
378 791 467 883 αὐτῷ
489 796 592 884 μόνης
612 795 757 882 χάριτος,
779 799 840 870 τοῦ,
863 795 899 863 δέ
921 790 1007 862 εἶναι
1028 788 1096 862 κατ’
1121 790 1239 862 οὑσίαν
1259 801 1390 882 κτίστην
1404 794 1456 862 τόν

234 897 318 966 θεον
329 893 437 965 καθ
422 921 603 986 ομοιοτητα
613 923 679 966 των
690 923 828 965 παντων
839 899 930 982 ἔχων
960 893 1213 986 τοιοῦτοςδέ”
1184 921 1239 977 ων,
1255 891 1329 962 οίον
1350 883 1456 964 b6666

235 999 376 1085 λέγουσι,
401 1000 586 1088 φανήσεται
606 999 733 1084 μᾶλλον
754 998 838 1087 μηδὲ
860 997 935 1079 ἐ’ξ
860 1001 1017 1086 εαρχῆς
1038 996 1235 1086 ἐσχηκὼς
1201 1021 1241 1064 το
1262 994 1369 1082 όνομα
1382 997 1456 1078 οἶός,

234 1101 304 1186 είγε
330 1104 438 1168 τοῦτο
457 1104 526 1169 τῶν
547 1101 650 1189 ἔργων
673 1099 868 1168 ἐπαθλον”
851 1123 924 1184 εσχε
944 1101 1000 1168 καί
1022 1101 1214 1187 προκοπῆς,
1242 1093 1302 1166 οὑκ
1322 1093 1457 1186 αλλης
1443 1126 1456 1184 η

234 1205 293 1290 τῆς
315 1198 372 1272 ότε
392 1208 523 1290 γίγονεν
546 1199 730 1289 ἅνθρωπος
743 1205 799 1270 καί
813 1201 873 1289 τὴν
887 1205 946 1268 τοῦ
962 1200 1082 1268 δούλου
1096 1199 1228 1290 μορφὴν
1250 1194 1455 1286 “branam

233 1303 311 1372 τότε
330 1303 393 1391 γάρ
416 1303 516 1385 ἐστιν,
541 1299 597 1373 ότι
617 1302 792 1391 γενόμενος
813 1299 959 1391 ὑπήκοος
972 1310 1067 1390 μέχρι
1080 1302 1262 1384 θανάτου’)
1283 1297 1456 1387 ὑπερυψιῖν

161 1419 163 1425 “
234 1411 321 1474 σθαι
354 1406 484 1491 λέγεται
513 1408 568 1474 καί
594 1405 692 1493 χάριν
721 1405 893 1493 εἰληφέναι
912 1404 952 1472 τὸ
975 1403 1095 1491 ὄνομα,
1124 1405 1180 1472 ἵνα
1201 1403 1236 1472 ἐν
1256 1405 1304 1490 τῷ
1327 1397 1457 1486 όνόμαιι

230 1501 335 1594 ’ίηροῦ
364 1506 481 1596 κάμψῃ
509 1511 579 1576 πᾶν
600 1506 719 1594 γόνυ1).
763 1514 797 1574 τί
819 1497 877 1574 σόν
897 1496 937 1594 ἦν
959 1506 1028 1594 πρὸ
1049 1505 1185 1587 τούτου,
1209 1505 1239 1574 εἰ
1259 1507 1317 1572 νῦν
1337 1499 1456 1592 ὑψώθη

233 1611 287 1676 καὶ
311 1611 368 1677 νόν
390 1606 512 1696 ἤρξατο
534 1614 799 1695 πρσςκυνείσθαι
820 1607 897 1676 ΙΙκαί
924 1611 982 1677 νῦν
1005 1608 1077 1687 υίὸς
1098 1607 1234 1695 ἐλέχθη,
1258 1602 1316 1674 ὅτε
1335 1611 1456 1692 γέγονα

234 1707 437 1798 όνθρωποςς
466 1705 622 1800 φαίνεται
641 1710 704 1798 γὰρ
725 1711 829 1797 μηδὲν
873 1709 1034 1790 ελτιώσας
1056 1703 1155 1789 αὑτὸς
1169 1704 1228 1795 τὴν
1243 1707 1358 1794 σάρκα,
1380 1702 1457 1775 ἄλλά

184 1824 194 1838 “
233 1814 360 1898 μάλλον
383 1811 484 1893 αὐτὸς
504 1808 553 1881 δι’
578 1809 679 1901 αὐτῆς
699 1813 914 1900 βελτιωθείς,
938 1813 1005 1900 εἴγε
1026 1810 1110 1879 κατὰ
1129 1809 1189 1898 τὴν
1209 1809 1383 1878 κακόνοιαν
1405 1803 1458 1876 αὑ

227 1917 300 1982 τῶν
319 1914 399 1982 τότε
420 1910 547 2002 ὑψώθη
569 1917 624 1982 καί
646 1912 719 1994 υίὸς
741 1913 872 2002 ἐίέχθη,
896 1909 953 1981 ὅτε
973 1920 1104 2000 γέγονεν
1126 1909 1321 2000 ἄνθρωπος.
1350 1916 1384 1978 τί
1405 1901 1457 1977 οὖν

233 2005 273 2102 ἢν
295 2015 363 2102 πρὸ
385 2015 524 2097 τούτους
556 2015 660 2083 πάλιν
681 2015 743 2103 γὰρ
766 2009 887 2094 αὑτοὺς
909 2014 1035 2103 ἐρωτᾷν
1058 2009 1189 2102 ἀνάγκη,
1212 2013 1270 2082 ίνα
1290 2015 1345 2100 καί
1358 2010 1398 2079 τὸ
1412 2017 1458 2080 τί·

234 2115 293 2195 λος
319 2118 379 2205 τῆς
404 2110 560 2202 ἀσεβείας
588 2111 696 2184 αὑτῶν
722 2119 897 2204 θεωρηθῇ.
943 2116 973 2183 εἰ
1001 2115 1063 2203 γάρ
1087 2115 1178 2184 ἐστιν
1200 2112 1219 2182 6
1240 2114 1352 2202 κόριος
1372 2113 1456 2192 θεός,

228 2214 314 2297 οίός,
338 2216 445 2303 λόγος,
469 2212 528 2285 οὐκ
549 2208 588 2304 ἦν
612 2219 648 2285 66
669 2220 775 2286 ταῦτα
796 2215 865 2304 πρὸ
886 2221 950 2286 τοῦ.
968 2223 1102 2306 γίνηται
1122 2215 1326 2303 ἄνθρωπος·
1348 2210 1457 2302 ἢάλλο

229 2345 268 2387 τι
288 2308 327 2406 ἦν
348 2317 442 2406 παρὰ
463 2321 568 2386 ταῦτα
588 2321 643 2386 καί
666 2314 803 2406 ὕστερον
824 2318 951 2387 τούτων
974 2319 1010 2399 ἐξ
1031 2315 1149 2408 ἀρετῆς
1168 2324 1332 2404 μετέσχεν,
1355 2313 1457 2400 ὥςπερ

232 2421 410 2505 ἐίπαμεν,
442 2413 464 2507 ἢ
490 2419 530 2486 τὸ
560 2421 686 2507 ἕτερον,
721 2417 806 2507 όπερ
834 2421 884 2500 είς
910 2419 971 2500 τὰς
992 2419 1124 2490 ἐκείνων
1145 2419 1293 2509 κεφαλάς
1314 2427 1457 2506 τραπείη,

232 2515 355 2610 άνάγκη
377 2523 482 2608 λέγειν
505 2517 634 2604 αὐτούς,
657 2523 740 2610 μηδὲ
763 2517 850 2590 ελυαι
871 2519 940 2608 πρὸ
961 2521 1081 2590 τούτου
1100 2518 1211 2603 αὐτόν,
1233 2517 1319 2589 ἀλλὰ
1332 2519 1372 2586 τὸ
1386 2515 1457 2586 ὅλον

230 2620 434 2710 ’δίνθρωπον
457 2617 543 2692 εἶναι
565 2622 666 2712 φύσει
687 2627 742 2691 καί
763 2625 866 2713 μηδὲν
888 2625 1000 2690 πλέον.
1032 2619 1102 2691 ἀλλ’
1120 2618 1179 2691 οὐκ
1200 2624 1273 2692 ἐστι
1293 2625 1391 2690 τοῦτο
1406 2624 1458 2706 τῆς

232 2723 413 2814 ἐυοίλησίας,
436 2729 495 2793 τοῦ
518 2726 553 2794 δὲ
568 2731 791 2812 Σαμόσατέως
812 2723 884 2793 ἐστὶ
903 2729 959 2792 καί
982 2727 1049 2793 τῶν
1071 2729 1127 2792 νῦν
1145 2723 1312 2817 Ἰουδαίων
1326 2723 1366 2789 τὸ
1380 2721 1457 2811 φρό-

160 2827 163 2836 '
232 2853 327 2916 νημα.
364 2827 455 2896 διατί
476 2818 534 2896 οόν
554 2826 597 2895 τά
619 2827 972 2916 ἐκείνωνφρονοῦντες
987 2821 1057 2910 οόχί
1072 2827 1128 2894 καί
1143 2821 1355 2906 ὡς’ίουδαῖοι
1368 2848 1457 2908 περι-

146 2951 223 2994 ms
231 2935 423 3013 τέμνονται,
458 2924 527 2996 ἀλλ’
550 2925 787 3016 ὑποκρίνονται
808 2927 866 2995 τὸν
886 2927 1155 3052 Χριστιανισμὸν
1176 2927 1341 3013 καὶπρὸς
1363 2919 1456 2992 αὑτὸν

234 3028 346 3111 ἐχουσι
367 3028 426 3114 τὴν
447 3028 570 3116 μάχηνς
594 3027 681 3097 εί
644 3055 706 3117 γαρ
730 3025 788 3098 οὑκ
809 3057 858 3117 ην,
880 3024 963 3117 ἢήν
977 3036 1047 3114 μέν,
1065 3028 1249 3151 ἐβελτιώθη
1265 3025 1337 3096 66⁰
1317 3049 1457 3112 υστερον,

232 3131 309 3207 πῶς
330 3123 372 3196 δι’
398 3124 500 3199 αὑτοῦ
520 3131 667 3217 γέγονε
652 3131 695 3198 τά
715 3131 836 3213 πάντα,
859 3158 881 3253 η
903 3135 980 3210 πῶς
999 3131 1033 3198 ἐν
1043 3155 1160 3217 ταυτην,
1176 3131 1229 3198 Ιει
1237 3154 1274 3217 γε
1282 3155 1328 3219 μη
1315 3129 1458 3204 τέλειος

115 3233 129 3268 ’
233 3254 289 3315 ην,
317 3227 578 3350 προςίχαιρέν“
561 3229 732 3318 οπαιήρς
764 3235 819 3300 καί
841 3227 984 3313 αὑτδςδ
985 3233 1112 3300 λέί
1075 3257 1153 3299 νυν
1154 3232 1356 3352 ἐβελτιώθη,
1387 3232 1458 3304 πῶς

232 3329 301 3416 πρὸ
329 3329 449 3398 τούτου
476 3326 676 3419 ἠυφραίνετο
705 3331 740 3400 ἐν
768 3333 939 3422 προςώπῳ
961 3335 1053 3402 1τοὺ
1068 3333 1245 3420 nm96c⁴);
1277 3337 1354 3412 πῶς
1373 3331 1409 3396 δε
1431 3327 1458 3394 εί

152 3497 154 3507 ,
232 3428 318 3516 μετά
344 3430 402 3499 τὸν
429 3431 580 3500 θάνατον
609 3432 767 3520 ἐλάβετο
788 3442 1067 3522 προςκυνεῖσθαι,
1069 3441 1164 3604 ἒίφα
1161 3461 1252 3502 νεται
1274 3429 1293 3501 6
1312 3428 1458 3549 Ἀβραὰμ

233 3529 334 3600 αὐτὸν
356 3532 452 3600 ἐν
412 3559 452 3622 τη
475 3536 574 3622 σκηνῇ
596 3537 788 3620 προςκυνῶν
795 3540 817 3612 )
838 3539 893 3604 καί
915 3533 1103 3625 Μωσῆςέν
1085 3540 1164 3624 ντῇ
1185 3535 1318 3624 βάτῳ1),
1341 3536 1394 3602 καί
1416 3525 1458 3606 ὦς

234 3630 302 3706 εἶδε
322 3634 467 3722 Δανιήλ,
501 3634 619 3722 μόριαι
633 3635 822 3758 μυριάδες
837 3635 894 3702 καί
922 3638 1028 3718 χίλιαι
1057 3637 1204 3738 χιλιάδες
1237 3635 1458 3722 ἐλειτούργουν

233 3733 324 3824 αὑτῷ
330 3741 371 3821 7),·
404 3741 479 3817 πῶς
501 3738 537 3806 δὲ
560 3737 650 3805 εί”
611 3763 668 3804 νυν
689 3730 758 3804 κατ’
783 3732 903 3818 αὑτοὺς
925 3736 999 3822 ἐσχε
1019 3739 1078 3827 τὴν
1099 3731 1291 3826 βελτίωσιν,
1315 3741 1371 3825 τῆς
1389 3753 1455 3817 προ

178 3879 182 3885 -
231 3840 357 3926 κόσμου
378 3842 432 3908 καί
454 3841 526 3925 ἰτῆς
547 3834 772 3925 ὑπερκοσμίου
795 3837 893 3928 δόξης
914 3839 1033 3908 ἑαυτοῦ
1053 3839 1266 3929 μνημονεύων
1282 3840 1384 3926 ἔλεγεν
1400 3827 1457 3900 αὑ·

148 4009 151 4018 ,
231 3939 328 4024 τός’
312 3968 330 4010 ο
352 3941 439 4094 υίὸς·
463 3939 604 4022 δόξασόν
625 3965 667 4025 με
689 3938 739 4020 σά,
764 3937 880 4027 πάτερ,
903 3945 943 4029 τῇ
963 3939 1056 4029 δόξη,
1079 3931 1209 4030 ᾗείχον
1231 3940 1300 4028 πρὸ
1322 3941 1377 4006 τοῦ
1399 3931 1457 3999 τὸν

303 4151 326 4209 1)
352 4151 438 4215 Philip.
456 4149 524 4211 Ἣ
611 4145 836 4212 21Ρ1111μ2,8.
924 4141 1159 4213 3)Ρ11ι2,10
1246 4149 1273 4210 1)
1291 4149 1357 4198 Pro!
1373 4143 1398 4202 8,
1416 4139 1459 4188 30

232 4213 259 4274 51
277 4218 364 4268 Gen
385 4218 424 4278 18,
443 4217 467 4268 2.
538 4215 563 4278 6)
582 4215 656 4266 ίιτοδ
676 4215 699 4265 θ.
771 4213 797 4276 1)
814 4213 873 4264 Dan
894 4215 918 4276 1,
940 4216 979 4265 10.

244 4373 287 4415 τ.
306 4367 406 4426 δαισιν.
428 4363 547 4417 θέλουσι
758 4336 815 4446 ff
908 4367 1046 4428 ε..8ερυει
1053 4359 1151 4431 ἔλαβε.

265 4432 524 4514 1ι.8εςυετ.ίιο.ίιΙευ
543 4435 683 4486 etFelckm.
696 4435 718 4484 1.
734 4447 768 4481 αυ
770 4428 821 4482 τοί.
907 4384 930 4484 6.
948 4435 1047 4495 Seguer.
1061 4436 1137 4486 Goble
1125 4449 1159 4486 ει·
1169 4433 1308 4486 ιῑΕεΙιΙιαι.
1320 4435 1340 4486 1.
1351 4423 1464 4480 „aire-r

230 4499 293 4552 8δίιί
312 4507 335 4549 εί
353 4500 393 4551 ani
412 4485 496 4551 οὑτοι
532 4503 623 4553 Ibidem
640 4497 745 4568 μᾶλλον
728 4503 822 4552 nabent
871 4493 1181 4556 υίότ.Ει1111ιιαίοίός.

230 4570 362 4634 asamar.
908 4585 928 4620 ε.
948 4569 1046 4633 Seguer.
1066 4561 1187 4636 εἴπομεν
