3158 5050
547 295 658 342 omrto
674 297 713 340 rr.
729 297 845 344 courm
859 299 993 346 annuos.
1310 293 1371 358 dit

132 459 268 524 nnntur,
290 467 383 512 unum
404 467 475 512 vero
498 456 580 522 sunt,
602 457 748 529 quatenus
768 451 914 531 splendor
935 451 971 516 ab
993 451 1062 534 igne
1077 461 1195 520 estnec
1215 457 1252 520 ab
1274 477 1310 522 eo
1326 461 1460 524 dianus

133 551 206 615 vidi
228 560 338 636 potest.

233 661 284 720 11.
329 653 408 717 Sane
430 653 471 715 illi
494 652 524 714 in
547 653 672 716 eandem
693 654 871 718 dementiam
894 657 1028 720 incidunt
1048 677 1082 722 ac
1096 659 1204 724 Ariani.
1249 661 1323 726 Nam
1345 673 1374 727 et

130 757 204 840 ipsi
226 757 356 820 Verbum
378 755 460 818 aiunt
480 763 605 836 propter
626 767 684 818 nos
707 766 838 820 creatum
860 775 940 832 esse,
962 768 997 822 ut
1018 779 1073 824 nos
1094 763 1231 826 videlicet
1248 773 1373 842 mearet,

130 857 228 940 quasi
248 859 328 920 Dens
356 865 491 920 nostram
520 865 723 938 exspectasset
750 859 946 936 creationem,
979 871 1012 924 nt
1038 863 1084 925 vel
1114 867 1277 931 secundum
1303 867 1372 931 iilos

128 959 242 1042 ipsum
266 959 429 1030 emitteret,
461 957 508 1020 vel
530 960 692 1022 secundum
721 961 799 1022 istos
821 971 944 1024 crearet.
988 963 1058 1026 Plus
1086 965 1178 1045 igitur
1205 967 1293 1030 nobis
1315 969 1371 1032 tri-

128 1061 238 1126 buunt
259 1061 357 1124 Ariani
380 1079 468 1141 quam
489 1061 575 1122 Filio.
619 1062 681 1124 Nec
702 1063 780 1125 enim
802 1081 859 1126 nos
882 1075 1005 1145 propter
1025 1065 1117 1140 illum,
1142 1068 1294 1147 inquiunt,
1317 1070 1371 1134 sod

127 1163 191 1226 ille
212 1171 335 1245 propter
356 1165 529 1238 nos-laetus
552 1172 609 1238 est,
633 1164 659 1225 si
681 1183 789 1246 nempe
810 1165 921 1228 ideirco
944 1174 1062 1228 creams
1079 1177 1170 1232 estet
1191 1172 1312 1246 exstitit,
1335 1181 1368 1236 ut

127 1283 199 1328 nos
220 1262 300 1328 Dens
321 1284 377 1347 per
399 1283 466 1328 euro
489 1274 613 1328 crearet.
657 1267 695 1328 Hi
717 1277 815 1330 autem
837 1268 900 1347 pari
924 1268 970 1330 vel
992 1269 1079 1330 etiam
1097 1271 1203 1332 maiori
1218 1271 1370 1352 impietate

127 1367 240 1430 minus
261 1368 325 1430 lieo
347 1387 435 1448 quam
463 1368 550 1430 nobis
573 1367 749 1430 concedunt.
802 1367 865 1432 Nos
894 1370 973 1432 enim
1004 1389 1093 1450 saepe
1120 1371 1165 1432 vel
1193 1373 1319 1442 silentes¹
1339 1383 1370 1456 et

126 1470 237 1534 solnm
259 1471 422 1550 cogitantes
445 1471 571 1550 aginus,
594 1472 634 1533 ita
656 1481 690 1534 ut
711 1491 754 1542 oa,
777 1490 852 1551 quae
875 1472 1056 1552 cogitamus,
1080 1474 1168 1536 etiam
1190 1473 1368 1556 imaginibus

126 1579 164 1636 et
190 1571 356 1636 simulante
379 1573 589 1654 exprimantur,
613 1572 643 1636 ni
666 1591 737 1636 vero
751 1574 846 1638 Deum
861 1573 999 1640 silentem
1013 1575 1087 1640 nihil
1107 1593 1205 1656 egere,
1230 1579 1283 1639 sed
1299 1585 1367 1640 tan-

124 1683 199 1739 tum
220 1675 391 1756 loquentem
413 1675 471 1737 vim
493 1675 604 1738 habere
625 1676 738 1750 volunt,
762 1677 788 1740 si
811 1677 912 1756 utique
935 1677 1028 1740 silens
1051 1677 1124 1742 mnu
1145 1680 1279 1758 potuerit
1299 1679 1366 1748 etti·-

124 1795 219 1851 cere,
253 1778 306 1839 sed
333 1777 458 1858 loquens
488 1795 590 1838 oreore
617 1777 791 1858 incoeperit.
835 1779 995 1842 Enimvero
1024 1797 1149 1860 aequom
1180 1789 1228 1841 est
1252 1779 1366 1842 nesab

123 1869 191 1940 inii
212 1895 370 1959 quaerere,
393 1896 464 1940 num
486 1879 632 1954 Verbum,
662 1897 728 1942 cum
751 1889 834 1943 esset
856 1881 886 1942 in
908 1877 989 1955 Deo,
1011 1885 1175 1962 perlectum
1196 1882 1302 1955 luerit,
1325 1882 1366 1944 ita

123 1989 162 2043 ut
186 1988 295 2061 posset
320 1999 417 2060 agere.
462 1979 492 2042 Si
521 1981 726 2061 imperfectum
755 1989 834 2055 erat,
864 2001 931 2044 oum
960 1985 990 2044 in
1013 1983 1075 2043 ileo
1105 1992 1202 2054 esset,
1235 1991 1366 2062 tonoque

121 2084 297 2164 perfectum
320 2091 376 2156 est,
398 2101 467 2145 cum
488 2091 536 2145 est
556 2083 707 2164 genitum
729 2100 786 2144 nos
810 2100 882 2162 ergo
904 2084 969 2146 eius
991 2083 1183 2163 perfeetionis
1207 2101 1365 2148 causacu-

120 2204 217 2258 mus‚
245 2185 272 2248 si
298 2203 405 2265 nempe
431 2193 555 2265 propter
582 2203 640 2248 nos
668 2185 799 2264 genitum
827 2184 925 2248 luerit.
969 2185 1014 2246 lta
1043 2183 1123 2246 enim
1152 2191 1277 2265 propter
1306 2201 1364 2246 noa

119 2273 238 2368 'agendi
266 2293 445 2368 potestatem
472 2285 628 2367 acceperit.
673 2287 704 2348 Si
726 2305 797 2348 vero
826 2287 991 2366 perlectum
1021 2293 1099 2362 erat,
1128 2303 1196 2348 cum
1223 2287 1254 2348 in
1276 2286 1365 2350 Petne

121 2395 224 2463 esset,
246 2389 286 2450 ita
309 2399 341 2454 ut
363 2389 451 2452 etiam
473 2390 605 2470 potnerit
626 2407 724 2468 agere,
746 2389 857 2452 frustra
881 2396 962 2454 certe
985 2388 1115 2467 genitum
1135 2395 1192 2462 est,
1216 2387 1364 2468 siquidem
1405 2427 1408 2432 -

123 2507 235 2552 ereare
256 2499 384 2574 poterat,
403 2510 470 2553 eum
493 2492 589 2554 adhue
609 2491 640 2553 in
664 2491 750 2554 Patre
772 2499 862 2564 esset,
885 2509 921 2552 ac
938 2491 1067 2570 proinde
1084 2490 1131 2550 vol
1146 2509 1206 2552 non
1229 2489 1362 2569 genitum

123 2591 185 2670 est,
209 2592 258 2655 vel
279 2611 340 2657 non
360 2602 486 2675 propter
511 2613 567 2655 nos
590 2593 723 2674 genitum
745 2597 801 2666 est,
826 2592 880 2654 sed
902 2591 970 2672 quia
993 2607 1113 2671 semper
1136 2601 1182 2653 est
1205 2609 1240 2654 ex
1262 2591 1361 2655 noue

123 2691 202 2757 Eius
225 2693 305 2758 enim
327 2705 411 2760 ortus
435 2715 497 2758 non
518 2695 617 2756 nostri
639 2693 830 2765 creationem,
853 2691 908 2754 sed
928 2693 1028 2772 ipsum
1050 2711 1087 2753 ex
1101 2692 1164 2754 Deo
1181 2711 1251 2754 esse
1264 2693 1444 2772 signi-nem

121 2795 204 2872 neat,
228 2807 293 2864 eret
312 2797 460 2878 siquidem
482 2797 571 2860 etiam
594 2804 751 2876 antequem
777 2811 957 2858 crearemur.

215 2901 265 2962 12.
311 2899 390 2973 Quin
419 2899 507 2962 etiam
535 2899 614 2961 idern
643 2900 776 2978 prolecto
799 2896 951 2960 audebunt
978 2895 1015 2958 de
1037 2897 1126 2958 Patro
1157 2897 1225 2978 ipso
1247 2895 1358 2962 dicere.

120 2997 260 3081 Namque
288 3001 313 3063 si
342 3001 435 3064 silens
462 3019 549 3080 agere
578 3017 638 3062 non
668 2999 783 3080 potuit,
812 3015 936 3062 necesse
965 3005 1013 3060 est
1034 3005 1067 3060 ut
1088 2999 1236 3079 gignendo
1258 2999 1287 3060 id
1311 2992 1366 3062 ιιι

121 3103 276 3184 loquendo
298 3104 436 3167 virtutem
460 3103 615 3182 acceperit.
659 3103 697 3164 tt
718 3101 798 3166 unde
820 3108 851 3163 et
871 3117 927 3181 per
948 3101 1019 3180 quid
1041 3099 1178 3181 aceepit?
1223 3097 1358 3173 Quodsi

121 3203 255 3266 Ve'rbum
277 3205 307 3266 in
331 3224 365 3269 se
386 3203 500 3268 habens
522 3205 621 3284 potuit
642 3221 743 3284 egere,
773 3201 918 3265 inutiliter
940 3221 1011 3282 ergo
1033 3203 1142 3283 gignit,
1172 3221 1239 3264 curn
1261 3201 1354 3264 silens

119 3309 224 3386 possit
244 3325 341 3388 agere.
384 3305 497 3369 Deinde
519 3307 545 3368 si
561 3305 700 3380 Verbum,
721 3303 896 3385 priusquam
912 3306 1044 3384 genitum
1068 3313 1122 3378 est,
1146 3305 1177 3366 in
1192 3304 1255 3366 [leo
1278 3312 1356 3380 erat,

120 3407 213 3487 igitur
235 3409 365 3490 genitum
393 3407 468 3470 loris
491 3413 521 3470 et
543 3415 624 3470 extra
646 3407 741 3470 Deum
763 3413 820 3470 est.
866 3406 955 3482 Quod
982 3407 1008 3469 si
1038 3422 1143 3470 verum
1173 3415 1235 3482 est,
1264 3423 1356 3486 quare

122 3527 195 3590 ergo
218 3530 298 3574 nunc
319 3511 404 3573 dicit:
433 3509 493 3589 Epo
522 3513 556 3572 io
577 3509 670 3573 Potre
698 3519 728 3573 et
748 3509 842 3572 Pater
868 3513 902 3572 tit
922 3527 970 3572 noe
992 3505 1065 3572 eet?-
1104 3506 1137 3568 Si
1159 3526 1252 3588 porro
1275 3522 1356 3571 nunc

123 3621 170 3673 est
190 3613 222 3675 in
243 3611 341 3688 Patre,
365 3629 437 3692 ergo
451 3628 570 3692 semper
583 3609 641 3674 tuit
662 3609 694 3672 in
709 3609 806 3682 Patre,
831 3609 874 3672 oti
896 3624 978 3674 nune
992 3627 1110 3690 quoque
1133 3619 1189 3685 est,
1212 3609 1354 3692 lutileqne
1455 3633 1460 3642 ·

122 3711 201 3776 dictu
224 3721 272 3776 est
292 3715 391 3794 ipsum
413 3721 538 3794 propter
558 3731 616 3774 nos
639 3712 771 3792 genitum
799 3711 909 3787 fuisse,
940 3731 975 3774 ao
1001 3719 1074 3792 post
1100 3731 1158 3773 nos
1186 3729 1352 3785 recurrere,

122 3821 154 3874 nt
176 3814 216 3877 sit
237 3815 486 3896 quemadmodum
509 3824 582 3878 erat.
626 3815 688 3876 Nec
718 3813 796 3876 enim
825 3822 890 3876 erat
915 3815 995 3894 quod
1023 3833 1102 3878 nunc
1122 3833 1184 3876 non
1207 3823 1268 3894 ost,
1297 3832 1355 3886 nec

122 3931 202 3978 nune
229 3918 377 4002 estquod
398 3933 460 3980 nou
482 3925 560 3994 erat3
589 3915 643 3978 sed
666 3923 712 3978 est
733 3915 982 3997 quemadmodum
1006 3925 1069 3979 erat
1090 3935 1225 3997 semper,
1254 3917 1350 3979 idem-

122 4057 257 4130 βάλληται.
796 4085 818 4132 g.
837 4070 893 4132 mg.
912 4079 936 4121 et
954 4071 1053 4133 Seguer.
1072 4061 1105 4117 δι’
1127 4061 1198 4135 ἡμᾶς
1219 4062 1275 4135 γὰρ
1292 4063 1347 4118 καί.

154 4151 175 4185 o.
198 4137 255 4201 fleg.
299 4147 370 4200 quw.
408 4135 483 4188 Panlo
508 4144 565 4202 post
586 4136 710 4200 dnglicon.
761 4137 805 4188 dlii
824 4145 848 4188 et
864 4139 921 4188 editi
940 4129 973 4186 δι’
993 4132 1065 4204 ἡμᾶς
1082 4131 1113 4185 di
1128 4132 1181 4185 καί.
1211 4136 1351 4202 Ponlopott
1446 4173 1452 4192 1

124 4191 150 4254 ii
165 4195 225 4254 icoo
240 4150 443 4274 mipstcdrwc.
760 4205 833 4256 dasii.
860 4214 884 4254 et
900 4205 991 4274 lpglic.
1010 4192 1044 4266 ἦν
1060 4199 1090 4254 ἐν
1107 4204 1146 4269 τῷ
1164 4203 1230 4269 θεῷ.

155 4269 178 4319 d.
194 4272 235 4324 Sic
251 4273 308 4338 lteg.
327 4282 350 4324 et
368 4275 469 4336 Seguer.
510 4274 537 4324 tt
561 4273 585 4324 in
612 4271 666 4322 aliis
684 4278 709 4322 et
795 4274 818 4322 ta.
838 4274 894 4337 Reg.
913 4282 936 4324 et
953 4275 1053 4336 Segner.
1069 4269 1198 4337 ysvnqtts.

126 4333 191 4387 etti·
209 4337 346 4394 elmundi.
621 4379 625 4390 .
793 4342 809 4390 i.
837 4341 893 4406 lieg.
920 4349 943 4391 et
961 4341 1059 4403 Segoer.
1085 4335 1140 4404 ἄρα
1164 4287 1202 4393 ei,
1231 4335 1346 4386 mendose

157 4417 180 4481 ⁸⁶,
194 4405 249 4470 Reg.
267 4417 291 4460 et
305 4407 405 4472 Segner.
423 4399 552 4489 iginius,
571 4413 640 4460 acuta
657 4423 704 4474 pe·
758 4420 803 4472 pro
821 4399 864 4472 ἄρ’
888 4399 938 4456 ἀεί.
1301 4462 1305 4472 Ι
1328 4455 1342 4480 ·.

129 4467 227 4524 onoma.
260 4476 305 4528 liii
324 4485 348 4526 et
366 4477 422 4528 editi
440 4475 562 4546 ερεσθαι.
791 4476 814 4524 tr.
833 4477 874 4524 Sic
892 4487 950 4523 mss.
986 4475 1014 4522 tt
1032 4471 1104 4521 editio
1124 4468 1239 4522 damnet.
1259 4465 1333 4511 ow*

157 4535 174 4590 l.
196 4529 243 4592 mir
260 4545 327 4597 abest
345 4561 358 4597 a
375 4543 448 4596 dasii.
467 4553 490 4596 et
506 4543 597 4606 loglie.
757 4533 842 4590 loro.
