3048 5054
466 337 575 384 onnrro
592 339 624 382 ιι.
640 337 757 384 noum
771 339 907 384 nunnus.
1236 327 1299 402 ddi

152 487 203 554 58.
246 488 281 550 id
303 489 395 568 igiter
416 490 495 551 inter
516 507 594 565 eum,
617 490 808 580 unigenitus
831 501 887 566 est,
911 500 941 555 et
962 509 1012 556 res
1033 493 1123 556 inuias
1137 493 1386 560 disniuenrsso

83 591 152 656 uerit
171 590 270 656 dirius
291 589 456 670 seripturis,
479 609 556 671 quse
577 601 608 654 et
630 609 707 666 eum,
731 591 781 672 qui
803 593 923 673 genitus
946 601 1001 666 est,
1024 593 1130 656 Fidium
1153 611 1222 658 esse
1241 613 1300 662 neo

83 693 225 773 abaliquo
248 691 386 773 coepisse
413 692 561 773 principio
584 692 637 756 sed
660 701 814 756 aeteruum
838 713 907 758 esse
934 693 1077 768 declaret,
1109 715 1172 758 rem
1200 707 1299 762 eutem

83 798 184 880 tantun,
207 803 345 874 tauquens
367 811 446 875 opus
469 803 551 858 extre
571 795 743 856 edeetorem
762 795 905 868 existens,
927 793 993 856 fieri
1018 793 1187 876 incoepisse
1202 800 1300 864 dooot.

84 895 146 960 ilino
166 896 247 959 eninr
262 897 390 960 loannes
407 897 444 959 de
459 897 534 958 Fiiio
548 897 704 958 disserens
721 915 777 958 neo
791 897 898 960 hornus
921 897 1132 961 vocabulorum
1155 901 1297 980 ignorans

81 999 266 1062 differentiam
294 1015 356 1062 uon
384 997 471 1060 dixit:
506 999 540 1061 Ιιι
562 998 711 1079 principio
733 1000 828 1062 iaetus
851 1007 901 1062 sut
921 1001 1069 1062 formatus
1093 1011 1155 1072 est,
1184 1003 1239 1064 sed
1261 1003 1300 1067 Ιιι

79 1105 219 1183 prineipis
242 1109 311 1162 erut
335 1099 477 1174 Veniens,
507 1109 541 1162 ut
567 1118 623 1180 per
645 1100 721 1162 bnne
742 1119 843 1163 aorem
867 1113 934 1165 ersi
963 1101 1081 1181 genitus
1110 1119 1179 1164 esse
1204 1119 1299 1184 agno·

83 1212 221 1276 sonetur,
254 1201 412 1281 uultusque
433 1211 601 1282 temporum
631 1203 756 1282 tingeret
785 1200 954 1277 intervalia,
988 1203 1042 1266 sed
1071 1221 1191 1285 semper
1213 1214 1243 1267 et
1263 1206 1301 1268 eb

82 1305 242 1366 aeternitate
263 1303 370 1366 Filium
392 1304 528 1368 extitisse
550 1305 750 1368 crederemus.
796 1304 881 1377 Quae
903 1323 969 1367 oum
992 1305 1031 1368 ita
1054 1323 1123 1368 esse
1143 1306 1301 1386 probatum

84 1407 127 1480 uit,
145 1411 195 1487 pn
217 1407 266 1480 iit,
290 1424 308 1466 o
329 1406 442 1480 Anioni,
464 1414 498 1490 ut
519 1405 578 1479 his,
603 1423 679 1486 quse
701 1407 731 1469 in
748 1407 980 1468 Deuteronomio
996 1407 1152 1482 nubentur,
1175 1427 1236 1470 non
1250 1409 1300 1470 in·

82 1507 208 1577 telieotis.
244 1525 349 1570 rursus
379 1506 463 1587 impii
490 1506 522 1568 in
542 1505 702 1568 dominum
725 1525 795 1573 esse
824 1507 972 1582 audentis,
1006 1525 1073 1572 oum
1099 1509 1197 1571 dicitis
1217 1509 1301 1572 disan
1363 1551 1367 1561 ·

81 1611 174 1674 istiu·
198 1610 246 1672 vot
269 1617 399 1672 ereetum
422 1609 484 1672 sive
507 1609 639 1688 genitum
663 1607 756 1672 esse?
779 1607 966 1674 contenditis
982 1610 1071 1681 euim,
1093 1629 1157 1672 rom
1173 1609 1303 1688 genitsan

80 1719 105 1772 st
127 1731 188 1774 rem
216 1713 322 1776 iaotnur
355 1709 434 1774 idem
468 1710 644 1791 significare.
689 1711 727 1773 dt
754 1709 848 1774 nihilo
882 1710 982 1774 senius
1009 1731 1047 1774 en
1066 1711 1126 1773 hoo
1147 1712 1213 1792 ipso
1236 1711 1302 1776 loon

82 1813 237 1894 inperitiae
259 1822 288 1876 et
308 1812 467 1894 impietatis
489 1813 715 1878 eonvineemini.
758 1813 861 1893 ltaque
883 1812 932 1874 hio
952 1821 999 1875 est
1020 1813 1151 1892 primus,
1181 1812 1219 1875 de
1241 1831 1301 1894 qao

79 1915 177 1994 egitur,
209 1915 311 1978 inens:
349 1915 501 1997 Nonquia
528 1933 593 1978 non
615 1916 662 1978 dio
683 1920 747 1997 ipss
765 1926 858 1996 puter
880 1927 951 1978 ιιιιιι
971 1917 1108 1996 possedit
1130 1927 1158 1978 te
1177 1926 1211 1978 st
1229 1917 1304 1996 feeit

80 2027 103 2078 ts
120 2028 147 2080 et
166 2021 286 2080 sreuvit
308 2015 361 2080 ιιι)
381 2025 412 2078 et
431 2017 521 2098 poulo
543 2026 614 2097 post
635 2016 667 2078 iu
689 2016 795 2078 eodem
810 2016 949 2080 Conduo:
972 2017 1068 2080 disum
1090 2021 1142 2098 qui
1155 2025 1183 2079 te
1197 2021 1302 2098 perunit

79 2117 266 2202 ineman,
289 2129 318 2182 et
339 2117 452 2182 odlitsss
475 2137 507 2182 es
530 2117 589 2206 Dei
609 2129 637 2181 te
650 2123 828 2184 nutrientis.
858 2119 993 2192 Quorum
1006 2106 1127 2198 pridem
1144 2117 1302 2182 verborum

77 2222 210 2284 sententio
235 2219 416 2283 admirabilis
439 2219 526 2300 plene
548 2228 603 2282 est
648 2220 710 2282 Nee
731 2221 811 2282 onim
833 2221 961 2301 primirm
984 2220 1058 2284 dixit
1077 2225 1188 2300 pennit,
1212 2239 1249 2282 ue
1273 2220 1302 2283 id

77 2321 243 2386 verduinus
266 2321 344 2384 idem
365 2329 473 2402 posset
495 2321 663 2402 signideore
685 2340 720 2384 ao
733 2323 818 2402 seuit,
840 2322 968 2402 indeque
984 2339 1086 2384 ensem
1101 2322 1142 2384 illi
1158 2321 1304 2384 heberent

78 2420 112 2482 iia
130 2421 287 2504 loquendi:
309 2424 427 2504 Moyses
449 2423 831 2504 quidem'uarravit-Deurn
847 2423 1025 2504 eprinoipio
1040 2423 1170 2486 dixisse:
1195 2423 1303 2486 Faciu-

76 2542 133 2586 nnn
156 2525 321 2598 Ιιιιιιιιιιιιις
343 2525 422 2588 idem
443 2535 543 2588 nutem
564 2535 636 2606 post
657 2526 730 2588 iseo
745 2526 834 2588 dixit:
856 2526 954 2589 neom
975 2531 1028 2608 qni
1048 2537 1077 2589 te
1097 2530 1201 2605 pendit
1215 2527 1303 2588 ἀπι-
1418 2511 1430 2541 ’“’

77 2623 190 2707 liquisti,
215 2635 253 2689 ut
272 2636 343 2706 pote
365 2645 432 2692 oum
454 2627 621 2690 haerodes
644 2637 803 2707 utrumque
818 2627 989 2706 promisere
1005 2626 1181 2704 significent,
1205 2624 1293 2704 siqui·

75 2725 133 2790 dous
165 2729 249 2792 idem
283 2738 329 2791 est
358 2749 409 2792 res
439 2731 536 2810 genite
564 2747 599 2792 ee
626 2730 711 2792 foeta.
755 2729 864 2790 Verum
897 2731 966 2809 post
998 2727 1087 2788 verba
1115 2725 1250 2806 possedit
1272 2735 1304 2788 et

74 2828 140 2906 seuit
166 2831 284 2892 eddidit
310 2830 433 2894 verbum
461 2835 581 2912 pennis,
614 2837 647 2892 ut
675 2828 770 2892 oratio
794 2847 879 2891 saram
902 2845 1005 2890 seeum
1027 2825 1302 2906 interpretationem

74 2927 197 2995 interm
235 2921 464 3008 Nam'dietioue
486 2935 558 3014 [enit
581 2931 712 3010 veroid,
736 2931 815 3011 quod
838 2939 962 2992 naturae
978 2928 1132 2990 hominum
1147 2927 1303 3008 proprium

75 3041 125 3104 est,
147 3034 307 3115 signifieat,
329 3053 384 3098 eos
406 3035 611 3114 nempejautn
634 3051 704 3096 esee
720 3051 828 3114 opern3
850 3041 881 3094 at
895 3031 1025 3094 dictione
1040 3034 1142 3110 petiuit
1157 3045 1303 3092 summum

72 3131 120 3194 diei
141 3153 212 3216 erga
235 3136 377 3198 homines
400 3136 610 3216 benigriiistem
632 3144 791 3216 postquam
814 3135 883 3198 iilos
903 3134 1014 3196 creavit
1028 3132 1147 3199 indieat.
1170 3131 1200 3191 in
1216 3146 1304 3210 quom

72 3233 135 3313 quia
166 3256 201 3300 se
233 3236 439 3318 praebuerunt
469 3239 617 3316 ingratos,
651 3255 705 3298 eos
735 3237 843 3299 merito
877 3234 1014 3314 obiurgat
1045 3234 1173 3313 Moyses.
1228 3229 1305 3293 Hine

72 3336 161 3412 prium
184 3339 246 3402 eit:
280 3338 428 3402 Haeccine
447 3341 578 3404 Domino
602 3335 792 3420 rependitis?
824 3336 930 3400 deinde
952 3335 1119 3416 subiungit:
1152 3333 1322 3414 Numquid·
1371 3381 1373 3388 ,

73 3455 127 3501 non
149 3439 198 3503 irio
221 3445 293 3525 ipe
309 3453 401 3522 poter
422 3453 493 3504 tons
512 3443 650 3523 possedit
673 3451 717 3514 te,
749 3441 823 3520 serit
852 3453 880 3504 ts
909 3449 939 3501 et
968 3441 1084 3502 oreooit
1106 3434 1160 3500 tei)
1196 3435 1304 3498 Postea

71 3555 134 3603 vero
148 3543 269 3624 pergit:
293 3541 534 3608 immolauerunt
548 3545 712 3606 daemoniis
729 3554 757 3606 et
771 3560 834 3604 nors
849 3543 923 3613 θοι,
946 3541 1003 3603 diis
1019 3557 1093 3620 qnos
1108 3537 1303 3617 ipnorndorst.

99 3761 121 3810 h.
139 3763 181 3815 Sin
199 3765 306 3828 Sepnsr.
326 3763 424 3814 Goider.
444 3763 549 3815 retain.
569 3764 591 3812 i.
604 3763 662 3813 etd.
749 3764 770 3811 k.
789 3761 896 3812 Fulcitur.
913 3760 938 3810 t.
956 3753 1002 3817 spi
1018 3751 1115 3807 tamir
1132 3747 1234 3816 insidii.

70 3829 94 3878 tt
110 3829 166 3882 editi
192 3841 219 3882 et
238 3831 282 3881 etii
299 3825 345 3880 nui
361 3825 474 3894 λέγωσι·
491 3829 595 3891 Μωσῆς
610 3825 663 3896 μὲν
748 3831 765 3879 t.
783 3829 840 3892 Reg.
852 3829 924 3878 Basti.
943 3829 1043 3889 etdupt.
1059 3823 1146 3874 snitu
1159 3821 1199 3888 τῷ
1208 3820 1302 3890 nopip.

70 3890 197 3966 ἔξᾶριῆς
223 3891 313 3952 οὕτως
336 3887 410 3950 εἶπεν
433 3892 574 3968 εἰρηκέναι.
611 3899 663 3949 itur
714 3898 775 3948 ibid.
800 3899 901 3960 Segner.
924 3897 1015 3960 nuptio.
1040 3893 1139 3945 Gobier.
1158 3901 1184 3969 aet¹
1199 3891 1305 3968 F'otetrm.

71 3964 164 4021 Senum.
184 3969 247 4030 dep.
267 3967 366 4018 Gubier.
388 3967 494 4018 isicio.
515 3968 537 4016 1.
554 3967 578 4017 4.
598 3974 622 4016 st
639 3967 662 4017 5.
718 3966 738 4016 l.
765 3973 788 4015 st
811 3965 836 4014 4.
860 3951 920 4020 elsa
944 3955 1052 4026 ἐπάγει·
1081 3954 1128 4008 οὐκ
1152 3971 1236 4012 αυτος
1259 3966 1304 4008 ete.

63 4022 146 4088 «αὐτὸς
164 4027 288 4102 dipsa&
300 4031 395 4083 ταῦτα.
421 4025 664 4086 Editietatiiur'rude
715 4035 743 4082 dt
769 4033 808 4082 eiii
834 4040 857 4082 et
875 4021 953 4080 'editio
979 4030 1096 4080 Commei.
1116 4028 1229 4076 omittunt
1246 4013 1307 4074 sira

69 4096 198 4168 καὶμετὰ
217 4101 317 4152 ταῦτα.
352 4103 452 4166 sepner.
475 4103 563 4152 ibidem
581 4094 664 4150 πάλιν
714 4093 766 4150 ἐπ’
786 4112 817 4148 ει.
847 4099 905 4148 tteru
925 4099 981 4148 ibid.
1001 4098 1100 4148 Gotrter:
1118 4094 1224 4144 retain.
1245 4095 1307 4145 1.ιι

71 4157 158 4234 ipsus.
538 4167 546 4182 ⁶
637 4172 655 4194 ³·
715 4169 738 4219 t.
770 4160 883 4215 κτίσατό
902 4176 939 4215 σε.
967 4165 1025 4224 ibid.
1045 4165 1145 4226 Segurr.
1164 4169 1187 4212 st
1199 4161 1307 4213 Felsina.

98 4239 112 4286 i.
131 4239 241 4306 Seguer.
260 4233 422 4304 τιγένημα.
442 4237 663 4289 (ἱοιιΙιι.1·”ιΙοΙιιιι.
716 4237 740 4286 d.
764 4229 811 4282 καὶ
833 4227 943 4292 ἐποίησέ
967 4243 1010 4282 σε·
1037 4225 1084 4280 καὶ
1107 4223 1234 4348 (insignior
1260 4239 1305 4282 eto.

73 4303 131 4363 l.,ei
147 4301 229 4358 4.·ιό
257 4301 390 4373 γέννημα.
428 4307 534 4356 {nuliis
559 4315 583 4355 et
607 4307 664 4355 edit.
716 4303 821 4354 Feiokur.
840 4302 864 4352 5.
882 4293 993 4360 ἐποίησέ
1011 4311 1054 4349 σε·
1081 4313 1127 4348 και
1148 4311 1181 4348 επ
1200 4293 1249 4348 uui
1266 4311 1305 4350 σε.

72 4371 184 4426 donasset.
204 4375 280 4426 deest
298 4366 338 4422 τό.
376 4375 428 4424 tion
451 4389 496 4439 pro
520 4365 662 4432 ἐκτήσατο,
715 4365 762 4420 esni
778 4359 837 4437 μετ’
859 4361 938 4434 ὀλίγα
956 4361 986 4418 ἒν
1004 4367 1035 4436 τῇ
1055 4357 1122 4436 uiuri
1142 4357 1200 4436 ᾠδῇ
1218 4379 1307 4433 φησιν

74 4449 94 4487 ut
110 4443 201 4494 hebent
219 4443 298 4493 editio
309 4443 426 4493 Continet.
445 4451 468 4493 et
486 4455 544 4491 mss.
563 4443 664 4506 simunt,
714 4431 806 4488 invoa.
843 4438 942 4490 Gobier.
959 4438 991 4488 'et
1018 4438 1124 4489 isicium.
1150 4438 1171 4487 1.
1197 4427 1309 4495 instari

72 4506 165 4569 Segner.
184 4511 260 4574 tupi.
280 4511 351 4562 Gobi.
369 4510 475 4560 Fetoirn.
497 4510 519 4558 t.
540 4509 604 4560 ιιι.
619 4511 663 4557 ιιι-
716 4519 755 4558 ue,
778 4501 823 4555 noi
840 4499 935 4554 nitar·
960 4499 1051 4562 invoa.
1088 4507 1187 4568 sepner.
1207 4504 1264 4553 ibid.
1284 4509 1309 4552 et

74 4573 124 4628 tent
134 4571 280 4630 turriam.
297 4579 423 4642 ibiditeg.
430 4569 547 4644 insopor
559 4567 663 4643 ἐπάγει.
714 4577 841 4641 Scriptum
852 4567 965 4628 ἔθυσαν.
1000 4576 1046 4626 ntit
1065 4582 1089 4626 et
1106 4575 1163 4624 editi
1180 4565 1272 4623 tovos.
