3110 5064
240 300 281 368 22
394 379 400 392 ὑ
643 325 668 368 s.
684 323 837 368 κτιιαιιτιι
852 325 1073 370 ιουυιενιιοονι

150 485 309 549 mosam
337 479 410 549 τοῖς
439 470 595 558 ῥήμασιν,
625 466 676 551 οἶς
704 472 877 542 αἰτιῶνται
898 475 954 542 νύν
977 460 1086 540 οὗτοι·
1116 473 1201 557 λέγω
1223 469 1264 557 δὴ
1286 471 1332 558 τῷ
1355 468 1386 536 ἐκ
1405 473 1453 554 τῆς
1531 546 1533 559 Ι

238 565 354 650 οὐσίας
374 573 428 639 καὶ
450 575 498 657 τῷ
521 569 698 660 όμοσυσέφ,
720 577 775 640 καὶ
797 570 852 642 ότι
872 575 954 662 μίμε
974 581 1096 658 κτίσμα
1118 567 1139 662 ἢ
1159 577 1294 658 ποίημα
1307 571 1385 658 μήτε
1397 575 1452 638 τῶν

237 675 379 760 γενητῶν
402 672 491 740 ἐστιν
515 669 533 740 ό
554 678 612 742 τοῦ
634 678 718 742 θεοῦ
741 675 822 756 υίός,
846 671 930 744 ἀλλὰ
951 681 1093 764 γέννημα
1115 673 1167 742 ’ἐκ
1189 677 1250 760 τῆς
1273 667 1386 752 οάσίας
1404 679 1454 736 τοῦ
1532 668 1535 701 ²

237 775 366 861 πατρός
399 774 490 842 ἐστιν,
521 771 539 841 ὁ
572 776 676 862 λόγος.
721 781 775 844 καὶ
804 777 843 844 τό
865 803 901 864 γε
928 777 1133 863 παράδοξον,
1157 770 1323 861 Εύσέβιος
1351 769 1368 838 ό
1395 767 1453 838 ἀπὸ
1536 797 1537 802 ’

237 881 441 962 Καισαρείας
462 881 520 965 τῆς
541 880 777 966 Παλαιστίνης,
800 885 929 946 καίτοι
951 879 1019 966 πρὸ
1041 882 1121 964 μιᾶς
1143 867 1354 964 ἀρνούμενος,
1378 870 1455 957 όμιυς

236 974 373 1064 λέστερον
395 974 603 1065 ὑπογράψας,
628 979 798 1048 ἐπέστειλε
819 983 858 1066 τῇ
882 978 1034 1067 ἐκκλησίᾳ
1050 980 1177 1058 ἑαυτοῦ,
1202 980 1308 1065 λέγων
1331 974 1455 1060 ι’ταύτην

239 1075 324 1148 εἶναι
350 1084 408 1168 τῆς
435 1080 605 1169 ἐκκλησίας
626 1079 684 1168 τὴν
707 1079 822 1148 πίστιν
845 1083 898 1148 καὶ
920 1085 987 1148 τῶν
1009 1087 1162 1167 πατέριον
1184 1079 1246 1166 τὴν
1268 1077 1455 1164 παράδοσιν,

238 1185 326 1250 πᾶσί
346 1207 383 1249 τε
416 1187 567 1270 φανερῶς
596 1183 731 1263 ἔδειξεν,
767 1179 820 1249 ὅτι
848 1181 1011 1270 πρότερον
1040 1181 1249 1269 ἐσφάλλοντο
1278 1182 1332 1246 καί
1363 1177 1456 1262 μάτην

151 1282 464 1371 ανιιέφιλονείκουν
491 1283 579 1370 πρὸς
605 1284 664 1372 τὴν
693 1279 837 1373 ἀλήθεια
910 1284 939 1351 εί
960 1283 1021 1371 γάρ
1043 1287 1097 1350 καὶ
1120 1278 1271 1370 ᾐσχύνθη
1294 1280 1370 1348 τότε
1389 1275 1458 1372 ταύ-

238 1409 311 1464 ταις
332 1396 407 1464 ταῖς
429 1387 536 1464 λέξεσι
557 1385 700 1470 γράψαι,
724 1389 778 1452 καί
801 1381 847 1464 ῶς
869 1387 1031 1474 ηθέλησεν
1054 1378 1152 1462 αύτὸς
1174 1377 1406 1471 ἀπελογήσατο
1425 1381 1458 1464 τῇ

239 1487 406 1573 ἐκκλησίᾳ,
431 1480 515 1555 ἀλλά
537 1512 573 1571 γε
596 1485 652 1552 διὰ
672 1490 731 1572 τῆς
754 1486 932 1574 ἐπιπολῆς
953 1486 992 1552 τό
1016 1483 1194 1569 δμοούσιον
1215 1489 1271 1552 καὶ
1295 1484 1335 1550 τὸ
1358 1482 1391 1550 ἐκ
1410 1483 1460 1566 τῆς

120 1588 130 1603 “
239 1583 355 1665 οάσέας
382 1585 426 1674 μὴ
456 1583 694 1674 ἀρνησάμενος,
725 1592 877 1676 φανερῶς
903 1592 1001 1654 τοῦτο
1031 1591 1174 1674 σημᾶναι
1202 1586 1369 1670 βούλεται.
1412 1583 1458 1647 καλ

239 1693 397 1756 πέπονθέ
418 1715 451 1755 τι
481 1687 623 1756 δεινόν·ο
653 1685 698 1768 ῶς
726 1690 787 1776 γάρ
817 1687 1099 1775 ἀπολογούμενος,
1122 1688 1328 1776 κατηγόρησε
1349 1683 1459 1752 λοιπὸν

238 1793 304 1858 τῶν
323 1784 522 1876 Ἀρειανῶν,
557 1787 609 1856 ὅτι
642 1791 843 1877 γράψαντες·
874 1785 930 1858 ούκ
958 1779 997 1877 ἦν
1021 1786 1038 1856 ὁ
1061 1789 1132 1869 υίὸς
1154 1793 1235 1876 πρὶν
1257 1789 1459 1875 γεννηθῆναι

239 1885 297 1956 οὐκ
324 1889 448 1976 ἤθελον
472 1886 572 1958 αὐτὸν
595 1886 679 1958 ελναι
702 1887 778 1958 οὐδὲ
799 1893 867 1978 πρὸ
888 1895 946 1980 τῆς
968 1893 1051 1959 κατὰ
1073 1891 1180 1978 σάρκα
1200 1897 1369 1978 γενέσεως.
1412 1891 1459 1952 καί

238 1993 336 2056 τοῦτο
366 1986 436 2058 ολδε
463 1995 516 2058 καί
536 1987 702 2074 Ἀκάκιος,
737 1986 777 2060 ἀν
798 1991 843 2080 μὴ
865 1997 918 2060 καὶ
941 1988 1042 2072 αύτὸς
1064 1995 1229 2081 φοβηθεὶς
1251 1997 1310 2060 νῦν
1334 1989 1391 2059 διὰ
1410 1987 1460 2054 τὸν

238 2090 352 2178 καιρὸν
380 2089 597 2181 ἀποκρίνηται
622 2097 677 2160 καί
701 2088 881 2182 ἀρνήσηται
902 2095 960 2184 τὴν
982 2091 1153 2183 ἀλήθειαν.
1198 2091 1371 2173 ἆὑπέταξα
1391 2089 1461 2176 γοῦν

239 2193 274 2259 έν
295 2195 342 2278 τῷ
364 2195 451 2262 τέλει
472 2195 531 2284 τὴν
554 2196 732 2284 ἐπιστολὴν
754 2191 932 2283 Εύσεβίου,
962 2199 1018 2264 λ’νοι
1040 2197 1075 2268 ἐκ
1095 2196 1216 2284 ταύτης
1237 2199 1325 2282 γνῷς
1346 2196 1411 2260 τῶν
1430 2213 1462 2256 τε

238 2295 466 2380 γριστομάχοιν
494 2299 548 2364 καί
576 2297 659 2365 κατὰ
688 2297 843 2384 περιττὸν
872 2298 930 2383 τὴν
949 2293 1104 2365 Ἀνανίου
1133 2296 1219 2382 πρός
1240 2297 1321 2376 τοὺς
1343 2295 1460 2364 ἑαυτῶν

239 2395 458 2476 διδασκάλους
480 2392 722 2483 ἀγνωμοσύνην.

324 2506 355 2564 4.
399 2501 481 2576 Πῶς
501 2505 612 2566 τοίνυν
635 2495 692 2566 οδκ
716 2495 886 2569 ἀδικοῦσιν
909 2490 1016 2580 οὗτοι,
1040 2494 1101 2587 κᾷν
1123 2497 1369 2583 ἐνθυμούμενοι
1390 2492 1460 2578 ’μά

239 2621 295 2667 νον
317 2593 497 2685 ἀντιλέγειν
519 2604 559 2689 τῇ
581 2602 724 2691 τοσαύτη
748 2605 800 2669 καί
818 2603 1023 2689 οἶκουμενικῇ
1041 2600 1188 2687 συνόδφ,·
1212 2603 1288 2679 πῶς
1303 2595 1343 2670 ού
1358 2621 1462 2681 παρα-

237 2703 377 2785 νομούσι
412 2704 598 2787 τολμῶντες
627 2699 836 2790 ἀντιβλέπειν
864 2713 936 2782 τοῖς
962 2704 1069 2781 καλῶς
1099 2698 1270 2788 δριοθελσι
1299 2700 1384 2770 κατὰ
1410 2700 1462 2782 τῆς

234 2799 407 2890 Ἀριιανῆς
428 2805 586 2891 αλρέσειος
607 2809 661 2871 καὶ
683 2811 963 2892 μαρτυρουμένοις
985 2801 1053 2870 ἀπὸ
1075 2807 1141 2870 τῶν
1163 2797 1283 2880 αὐτοὺς
1304 2799 1464 2887 πρότερον

238 2899 369 2990 ἀσεβεῖν
392 2905 594 2982 διδαξόντων
601 2935 613 2986 ,·
636 2907 666 2971 εί
689 2907 800 2972 δὲκαὶ
822 2903 906 2987 μετὰ
927 2904 966 2969 τὸ
988 2901 1185 2990 ἀπογράψαι
1199 2904 1420 2990 μετεβάλοντο
1435 2897 1464 2964 ολ

185 3045 192 3056 ·
238 3005 316 3086 περὶ
338 2997 515 3087 Εόσέβιον,
544 3007 597 3070 καὶ
627 3000 672 3082 ῶς
700 3004 792 3081 κύνες
821 3004 868 3081 είς
895 3004 933 3069 τὸ
961 3003 1049 3069 ίδιον
1072 3003 1214 3090 ἐξέραμα
1234 3007 1293 3089 τῆς
1315 2997 1464 3090 ἀσεβείας

239 3103 489 3189 ἐπέστρεψαν),
518 3107 592 3181 πῶς
621 3098 690 3186 ούχλ
721 3107 775 3169 καί
803 3103 929 3187 μᾶλλον
953 3100 1041 3182 ἀξιοι
1063 3101 1181 3187 μίσους
1204 3106 1236 3171 σί
1259 3109 1315 3172 νῦν
1340 3101 1464 3172 ἀντιλέ-

237 3226 358 3287 γοντες,
383 3199 435 3269 ότι
457 3203 516 3288 τὴν
540 3203 732 3290 ἐλευθερίαν
754 3207 811 3289 τῆς
833 3203 958 3271 ἑαυτῶν
979 3207 1087 3292 ψυχῆς
1110 3203 1224 3284 ἀλλοις
1245 3213 1465 3291 προπίνοντοΐ

237 3303 374 3382 τούτους
401 3307 455 3372 καί
485 3304 714 3393 καθηγεμόνας
735 3307 794 3391 τῆς
816 3305 973 3390 αἱρέσεως
996 3306 1078 3389 έχειν
1100 3305 1308 3386 λέίίέλοοσιν,
1334 3301 1465 3391 ἀνθρώ·
1536 3351 1537 3378 ,

238 3428 333 3486 πους,
365 3401 410 3484 ῶς
432 3401 524 3474 εἶπεν
548 3401 566 3472 ό
587 3401 750 3490 Ἰάκωβος,
781 3405 944 3492 διψόχους
964 3410 1017 3476 καί
1042 3401 1289 3485 ἀκαταστάτους
1312 3406 1412 3485 όντας
1433 3403 1464 3470 έν
1536 3417 1537 3476 λ

238 3504 366 3584 πάσαις
387 3515 462 3584 ταῖς
485 3503 577 3584 όδοίς
599 3501 745 3586 αύτῶνἿ,
769 3509 822 3574 καί
846 3507 890 3597 μὴ
913 3515 992 3591 μίαν
1014 3508 1074 3592 μὲν
1098 3508 1229 3590 ἔχοντας
1243 3508 1384 3598 γνιόμην,
1409 3505 1465 3573 ἀλ·
1536 3569 1537 3576 ,

237 3608 313 3673 λοτε
343 3607 378 3672 δὲ
407 3605 515 3686 άλλως
541 3609 861 3692 μεταβαλλομένους,
897 3612 950 3675 καί
973 3611 1029 3676 νῦν
1050 3610 1110 3692 μὲν
1133 3607 1352 3688 ἐπαινοῦντας
1375 3609 1393 3675 ὃ
1415 3609 1466 3672 λέ·
1536 3609 1537 3618 ’

235 3729 342 3792 γουσι,
365 3701 433 3791 μετ’
459 3703 569 3793 ἀλίγον
592 3709 628 3774 δὲ
650 3715 813 3794 ψέγοντας
829 3705 911 3794 ὅπερ
928 3709 1084 3796 εἰρήκασι,
1100 3711 1154 3774 καί
1170 3709 1274 3778 πάλιν
1291 3711 1466 3778 ἐπαινούν-

238 3833 298 3888 τας
322 3804 404 3896 άπερ
427 3809 494 3894 πρὸ
516 3812 634 3894 μικροῦ
657 3809 859 3894 διέβαλλον.Ι
894 3815 991 3878 τούτο
1015 3811 1059 3890 δέ,
1085 3806 1130 3888 ῶς
1149 3806 1315 3898 όΠοιμὴν
1331 3814 1464 3898 είρηκεν,
1536 3887 1537 3904 ¹

241 3910 372 3996 ἐ’κγονόν
394 3909 466 3978 έστι
488 3907 655 3994 διαβόλου,
680 3913 732 3977 καί
755 3911 912 3978 καπίλιυν
936 3912 972 3978 δὲ
993 3912 1120 3993 μᾶλλον
1136 3913 1189 3978 καί
1205 3906 1245 3976 ού
1261 3911 1466 3979 διδασκάλων
1536 3951 1537 3960 ¹

312 4135 336 4194 1)
355 4133 378 4184 λ.
398 4135 462 4185 Ρειιί
481 4133 504 4196 2,
524 4132 564 4183 22.
634 4133 659 4194 λ)
677 4133 757 4183 λιιολιὶ
780 4136 802 4194 1,
820 4133 844 4185 8.

276 4281 298 4316 ε.
317 4266 359 4318 Sic
377 4268 432 4330 Reg.
469 4269 496 4318 λι
519 4268 560 4319 alii
585 4276 609 4318 ιι
635 4268 691 4318 editi
708 4263 830 4334 γέννημα
883 4269 921 4318 iici
941 4259 1198 4318 υιιιίιλιουιιέτιιὸ
1217 4257 1467 4346 ἀναθημαηίζεσθητ

242 4329 288 4382 καὶ
307 4333 354 4394 τῆς
370 4333 420 4382 τού
438 4329 543 4400 πατρὸς
561 4327 664 4390 ούσίιις.
883 4330 913 4382 τὸ
938 4329 992 4399 πρὸ
1018 4332 1066 4382 τοῦ
1088 4329 1252 4398 γεννηθίνιιι
1275 4347 1324 4382 ουκ
1346 4349 1394 4392 ην,
1420 4341 1466 4378 ουκ

246 4411 249 4419 ’
275 4402 300 4452 λ).
319 4393 421 4460 ταύτην
438 4395 588 4454 ιιιύιύίαιαε
606 4419 633 4454 ex
651 4418 696 4454 ms.
715 4403 771 4464 neg.
883 4393 988 4450 ἄτοπον
1005 4394 1139 4468 ἐνομίσθη
1157 4399 1198 4466 τῷ
1215 4397 1292 4468 παρὰ
1303 4399 1390 4448 πᾶσιν
1402 4393 1465 4464 ὄμο-

278 4485 299 4518 ο.
318 4469 382 4519 Haec
400 4478 456 4520 εοοι
474 4469 525 4534 ipsa
545 4471 641 4521 Eusebii
660 4471 729 4521 verba
741 4485 767 4520 ex
778 4471 829 4520 eins
881 4465 1024 4534 λογεῖσθαι
1048 4464 1080 4517 τὸ
1098 4457 1168 4518 εἶναι
1186 4462 1235 4516 τὸν
1251 4460 1313 4515 υἱὸν
1329 4465 1379 4515 τοῦ
1398 4461 1466 4515 Θιού

246 4535 364 4599 υρῑτιυίι,
383 4551 454 4602 quam
473 4537 496 4587 i'n
515 4537 562 4587 ίλοα
582 4537 653 4590 huius
672 4539 753 4603 operis
771 4537 830 4588 snb·
881 4530 935 4600 πρὸ
954 4535 1002 4596 τῆς
1018 4530 1089 4586 κατὰ
1099 4529 1188 4604 σάρκα
1199 4529 1357 4600 γεννήσεως.
1380 4535 1465 4585 Ideni:
