3110 5064
143 361 168 404 8.
182 360 330 404 immun
345 357 569 404 sslifflfflffll’i
583 356 728 402 ΙΡΙΙΙΟΙΔ
742 357 781 402 bn
795 357 940 402 ”murts
955 355 1099 402 illum!
1116 359 1233 408 stabnt.
1258 347 1297 412 13

157 501 207 574 111.
253 511 400 584 Qumns
422 521 523 574 caten
546 509 689 572 anecdot
709 507 896 570 dtbonasins
919 510 1063 574 dictiones
1079 529 1116 572 en
1130 511 1384 576 substantiam.

82 625 107 675 et
126 610 380 677 consubstantialis
400 615 435 676 in
455 608 630 691 Scriptnris
651 611 752 670 sacris
772 625 835 672 non
858 607 923 688 leyi,
946 620 1046 674 tanen
1067 629 1133 676 ren
1154 617 1253 694 ipson
1265 618 1298 677 in

19 719 20 724 ’
82 718 117 776 cis
143 717 292 778 contineri
319 712 466 783 ostendit,
493 729 548 774 nea
575 729 627 772 eas
648 729 668 773 o
689 707 812 789 Synodo
831 711 931 790 [nisse
951 714 1107 790 inventas,
1137 716 1189 776 sed
1210 713 1298 796 lonyo

81 827 161 880 anea
186 815 222 877 ab
251 813 477 895 antinoiorrbus
503 821 694 893 usurpans,-
725 809 944 890 Tbeaynostnn
966 816 1044 876 enin
1066 815 1138 878 olim
1160 816 1297 880 docuisse

82 915 267 978 substantiam
281 913 346 976 biiii
370 931 438 976 esse
460 931 496 975 ox
518 911 684 976 substantia
699 909 796 972 Patria
819 909 930 990 absque
952 911 1010 975 ulla
1028 913 1172 978 divisione
1187 925 1296 979 natam.

80 1020 211 1098 ilianysii
223 1035 342 1103 quoqne
357 1014 563 1078 Alexandrini
574 1014 668 1096 affert
682 1018 896 1076 anctoritatem
910 1019 1086 1086 asserentis,
1108 1014 1213 1080 Filium
1228 1037 1299 1083 esso

81 1119 149 1180 Pani
169 1115 465 1180 consubstantialem.
508 1113 585 1178 Nan
610 1131 677 1176 nrm
698 1114 897 1194 ennynidom
913 1119 1297 1200 criminarenturneyaose,

80 1219 177 1282 liban
203 1237 270 1281 esse
298 1217 390 1280 Patri
414 1213 713 1288 consubstantialem,
743 1219 807 1296 ipse
835 1215 985 1296 Dionysio
1007 1216 1118 1281 Romae
1147 1225 1296 1302 episcopo,

81 1325 124 1382 ani
140 1339 171 1383 se
186 1331 315 1402 puryat,
338 1318 445 1382 scribit
466 1336 498 1379 se
521 1326 640 1378 tantam
661 1316 782 1390 dimisse,
807 1317 966 1394 dictionem
979 1317 1066 1379 illam
1080 1336 1229 1400 ansynan
1245 1341 1298 1384 rc-

77 1425 167 1502 periri
185 1427 218 1482 in
232 1425 334 1483 sacris
349 1419 532 1498 Scriptaris,
548 1433 612 1480 non
626 1430 729 1482 auten
741 1434 805 1480 ren
820 1423 918 1498 ipson
932 1420 1109 1500 reprobare,
1127 1421 1180 1484 sed
1190 1427 1297 1502 potin

80 1522 214 1604 amplecti.
248 1522 342 1595 Quot
364 1537 437 1582 sone
460 1517 582 1581 illnstrc
604 1529 813 1598 arynmentnm
830 1533 875 1582 est
891 1520 981 1582 baias
997 1525 1081 1584 cocis
1095 1527 1295 1602 antiquitatis.

150 1624 196 1685 ll.
240 1624 367 1704 lnsiyne
389 1623 479 1682 etiam
500 1620 607 1683 ibidem
627 1633 853 1683 monumentum
876 1621 1039 1684 rotboliaoc
1060 1623 1134 1703 fidei
1147 1623 1296 1687 circoSS.

82 1723 245 1786 lrim'toten
274 1725 420 1792 addiscit,
449 1721 656 1802 traynentnn
685 1721 822 1784 videlieet
845 1721 918 1784 libri
938 1722 1081 1802 Dionysii
1099 1723 1211 1789 lionae
1233 1731 1297 1806 epi-

80 1830 154 1904 scopi
170 1827 323 1888 odoessns
336 1823 537 1908 sabellianos.
566 1822 666 1886 Erant
689 1828 767 1885 enin
789 1823 878 1885 baius
893 1833 990 1886 aetate
1004 1829 1064 1904 yni,
1087 1835 1122 1886 nt
1134 1824 1299 1890 Sabelliam

81 1927 258 2006 refellerent,
291 1925 437 1988 docebant
457 1935 529 2002 ⁸tres
550 1921 584 1984 S.
611 1923 768 1986 Trinitatis
792 1923 970 2004 hypostases
993 1943 1057 1988 esse
1078 1944 1096 1987 a
1119 1931 1298 1991 seinvicem

80 2027 212 2104 libemus,
234 2048 273 2090 aa
293 2029 426 2108 proinde
447 2039 511 2090 tres
534 2029 623 2106 paoni
631 2026 712 2088 Deos
732 2027 967 2106 praedicabant:
991 2027 1295 2103 olt'iontemciebant,

83 2127 194 2192 Verbum
216 2148 298 2211 opas
320 2139 348 2190 et
371 2145 434 2190 ren
455 2129 570 2208 [actam
593 2145 665 2189 esse.
716 2125 864 2212 Utrospue
885 2132 953 2190 inre
976 2131 1114 2208 coorynit
1129 2126 1296 2206 Dionysr'as

81 2231 205 2312 docetque
227 2241 341 2294 eontra
362 2229 443 2300 illos,
467 2241 529 2290 tres
552 2225 608 2288 SS.
635 2227 792 2290 Trinitatis
816 2228 991 2308 hypostases
1013 2247 1075 2292 non
1098 2247 1160 2292 esse
1183 2228 1296 2291 divisos

80 2350 94 2390 a
114 2336 298 2404 seinvicem,
320 2349 375 2394 nec
398 2329 509 2392 Filium
531 2348 593 2391 essa
615 2329 741 2408 facturn,
766 2330 819 2392 sed
837 2334 980 2409 ymitnm.

150 2432 182 2509 Υ.
228 2434 374 2514 Oriyenis
397 2449 512 2514 quoqne
534 2433 705 2492 testimonio
728 2431 828 2492 utitur
846 2431 1031 2494 Atbancst‘sts
1054 2432 1198 2507 docentis,
1221 2431 1295 2494 Ver-

82 2531 138 2594 bum
158 2544 314 2596 aetsanum
337 2552 405 2595 assa
427 2533 620 2611 eiusdemque
642 2550 676 2592 aa
689 2530 806 2592 Patrem
830 2531 1025 2594 substantiae.
1069 2532 1146 2593 llam
1168 2551 1244 2613 puae
1263 2537 1297 2595 in

83 2638 134 2694 eius
160 2637 305 2716 operibns
334 2635 477 2696 videntur
500 2635 568 2696 batia
591 2633 754 2696 corbolien
776 2637 942 2696 sententiae
964 2653 1027 2696 essa
1051 2639 1223 2706 contrario,
1253 2639 1296 2696 ait

82 2735 248 2802 ltbanasius
279 2735 368 2798 illum
397 2755 458 2798 non
487 2755 527 2797 esa
549 2739 682 2816 propria
709 2745 808 2796 mente
826 2751 1016 2814 proponere,
1045 2735 1098 2794 sed
1120 2753 1160 2796 esc
1181 2751 1297 2805 eornm,
1401 2761 1413 2778 .

83 2838 240 2914 postcomm
271 2838 458 2917 disputabat.
503 2836 563 2898 Nec
590 2854 664 2898 cero
694 2834 844 2914 aliquibus
866 2839 981 2898 mirum
1000 2837 1101 2898 sideri
1121 2835 1220 2911 debet,
1250 2854 1296 2907 aa,

81 2957 144 3016 quoe
160 2939 356 3019 postmodnm
378 2939 685 3008 dictitabcurtrtant,
709 2937 756 2999 bic
778 2937 814 2998 ab
830 2935 958 3018 Oriyene
977 2937 1297 3018 operteoondemnori,

83 3035 141 3099 boec
160 3045 306 3102 nimirum
330 3037 440 3102 verba:
463 3038 531 3100 Fuit
552 3037 719 3118 aliquando,
743 3057 809 3100 oum
832 3056 894 3100 nan
917 3046 1000 3100 esset
1019 3037 1128 3112 Filium
1151 3040 1297 3120 siqnidem

80 3140 106 3196 il
130 3145 299 3204 necessario
323 3146 460 3221 sequitur
483 3141 670 3202 suillorum
693 3145 858 3209 sententia,
886 3143 940 3220 qni
959 3138 1071 3202 Filiam
1092 3159 1155 3204 aon
1177 3160 1296 3222 seraper

81 3239 163 3314 laissa
189 3242 437 3306 arbitrabantur.
480 3241 559 3304 Hinc
581 3241 745 3320 Dionysias
767 3240 921 3304 Romanas
950 3245 983 3302 in
1011 3241 1092 3313 loco,
1117 3247 1202 3306 attins
1224 3261 1297 3306 mota

81 3347 263 3413 camisinus,
287 3347 331 3405 sic
355 3343 505 3424 loquitar:
529 3341 562 3402 Si
584 3343 677 3404 iactus
701 3350 747 3402 est
761 3341 864 3414 Filius,
888 3341 943 3403 luit
963 3342 1121 3421 aliquando
1144 3361 1210 3404 cam
1234 3361 1295 3404 non

82 3455 166 3516 essst3
187 3463 277 3526 nam
299 3448 481 3524 impietaten
500 3441 646 3523 Ora‘yenes
669 3443 768 3505 eodem
789 3444 877 3506 modo
893 3461 928 3506 aa
944 3443 996 3504 illc
1011 3447 1175 3526 impaynat.
1209 3445 1298 3518 Ona-

79 3555 195 3623 propter
224 3563 293 3608 cnn
318 3543 458 3625 Oriyenis
487 3546 671 3626 ternporibns
698 3555 817 3616 essent,
844 3549 897 3624 oni
922 3546 999 3608 idem
1021 3549 1185 3616 sentirent,
1216 3548 1295 3627 qnod

82 3656 171 3718 posteo
187 3647 313 3719 Ariani,
337 3647 384 3708 nil
399 3647 543 3728 profecto
565 3649 687 3719 miram,
711 3649 740 3708 si
750 3639 878 3708 'eosdem
898 3665 1013 3728 quoqne
1037 3647 1178 3728 loquendi
1191 3648 1294 3708 modos
1360 3623 1372 3643 ⁶

83 3746 251 3813 adbiberent.
307 3747 368 3810 Sed
400 3766 440 3808 en
467 3748 512 3810 bis
539 3752 616 3812 satis
643 3749 742 3829 [ruerit
770 3748 949 3819 observare,
981 3748 1081 3827 fuisse
1111 3749 1196 3829 loraye
1225 3760 1294 3810 onte

82 3845 174 3910 lrian
194 3851 329 3912 Arianos
351 3852 513 3928 impietatis
532 3867 767 3928 praecursores.

153 3948 198 4012 vt.
242 3951 403 4014 Postremo
425 3949 458 4009 S.
480 3949 668 4014 Athanasius
692 3951 727 4014 tle
748 3969 821 4013 ooce
842 3941 998 4034 ἀγενήτου
1021 3951 1166 4030 disputat.
1207 3947 1294 4010 lianc

82 4047 198 4112 Arianos
225 4072 245 4114 a
268 4053 416 4132 profanis
445 4052 623 4114 anctoribns
645 4062 802 4116 nntnotos
826 4071 891 4116 esse
913 4058 973 4122 ait,
1004 4063 1039 4114 ut
1057 4061 1130 4130 post
1151 4048 1293 4130 enplosos

82 4145 149 4211 alias
175 4171 281 4222 eorum
310 4151 435 4216 notulas
456 4169 551 4216 ,suan
579 4157 760 4233 inpietatem
787 4171 867 4217 noco
898 4155 951 4215 boc
980 4150 1293 4231 vocabalo'teyerent.

83 4245 149 4311 Nan
180 4271 245 4316 ann
276 4254 376 4318 solnm
397 4253 520 4316 Patrem
551 4244 707 4337 ἀγένητον
735 4255 923 4316 nan-iactam
954 4253 1109 4316 dicendam
1137 4272 1201 4316 esse
1227 4254 1294 4317 ncl-

84 4346 148 4424 lent,
176 4354 391 4419 concludebant
411 4355 523 4418 Filium
542 4352 676 4441 pennatis
698 4357 806 4420 iactum
828 4357 933 4418 debore
955 4357 1025 4418 clici.
1068 4355 1178 4420 Veram
1199 4359 1378 4436 fron-mn,

85 4449 137 4512 len
157 4457 244 4518 istam
265 4463 363 4539 aperit
387 4457 559 4538 et.repellit
581 4459 782 4530 Athanasius,
811 4460 950 4540 docetque
973 4456 1069 4520 Deum
1090 4459 1292 4520 uon-laotum

87 4553 229 4632 appellari,
251 4571 398 4640 ynatenns
420 4565 493 4636 τοῖς
512 4567 661 4670 γινητέιῒς
680 4559 771 4622 rebus
785 4558 870 4622 tactis
884 4565 1058 4641 opponitur,
1079 4561 1131 4623 sed
1142 4559 1296 4642 scaettas-p·
