3032 5048
283 1139 769 1218 stttcttPttttts
803 1141 1036 1220 NOSTlll

435 1302 886 1422 ATHANASII

336 1461 662 1518 Attentttetscoet
681 1463 983 1519 Atexsitutttett

70 1583 154 1646 AD
195 1581 531 1646 EPlcTETttlt
566 1581 896 1648 Ellscot’tttt
933 1585 1215 1650 cottltl'rttt

407 1719 528 1772 coneus
548 1717 737 1772 useeeucos
755 1719 910 1773 eersrote.

498 1875 809 1898 m...-

203 2007 307 2058 nentes
326 2021 380 2058 meo
399 2007 486 2058 dilecto
503 2007 578 2058 Austri
597 2015 622 2057 st
639 2009 791 2072 optutissimo
809 2008 982 2062 Commisistro
1001 2010 1110 2078 Epicteto

437 2092 581 2142 Athanasius
598 2093 622 2141 in
642 2092 742 2142 llomiuo
761 2091 872 2144 sulutem.

122 2333 153 2392 1.
200 2323 373 2388 Arbitrebur
401 2327 538 2406 equidem
567 2327 700 2389 omnium
722 2327 922 2408 quiunquam
945 2331 1029 2394 luere
1050 2331 1269 2394 haeretieorum
1280 2357 1356 2403 eser.

26 2449 141 2494 renem
166 2427 372 2509 loquacitatem
396 2447 412 2490 e
434 2428 561 2493 uterere
585 2428 705 2509 syuodo
728 2447 933 2510 compressum
954 2431 1058 2494 luisse.
1103 2431 1177 2496 Nem
1195 2451 1271 2513 quse

28 2533 94 2596 illie
117 2551 134 2594 e
159 2531 299 2594 Petriltns
322 2547 358 2592 ex
380 2529 486 2592 divinis
509 2529 672 2610 Seripuris
695 2531 878 2611 promulqste
900 2533 976 2594 fides
998 2541 1054 2606 set,
1074 2541 1140 2596 tum
1159 2534 1196 2596 etl
1211 2535 1270 2596 inl-

29 2637 182 2717 pietatem
204 2651 321 2694 omnem
345 2631 550 2703 evertentium,
581 2641 643 2696 tum
666 2632 703 2694 etl
725 2631 803 2710 piem
826 2633 856 2694 in
878 2629 998 2696 Christo
1020 2633 1108 2696 fidem
1130 2653 1271 2698 asseren-

32 2737 103 2798 dum
128 2734 251 2798 suffieit.
296 2732 496 2807 Quamobrem
525 2751 591 2796 otum
620 2733 680 2796 hoo
706 2741 841 2814 tempere
868 2735 966 2797 verine
988 2733 1101 2815 Synodi
1123 2753 1178 2816 per
1200 2737 1270 2799 Gel-

32 2839 123 2911 liam,
158 2835 318 2917 Hispanias
358 2843 388 2898 et
426 2852 549 2916 magnes
581 2835 693 2898 Romae
732 2835 896 2898 celebratae
931 2835 1007 2910 siut,
1047 2845 1196 2916 quotquot
1234 2855 1271 2899 eo

37 2957 222 3012 convenere,
251 2957 322 3012 eos,
351 2937 401 3018 qui
432 2936 519 3000 etiem
548 2955 629 3000 nuno
654 2929 781 3000 letintsr
809 2938 946 3002 hsemstn
976 2937 1097 3020 sepiunt
1122 2938 1271 3012 Arionem,

40 3041 215 3104 Auxentium
244 3058 351 3120 nempe
380 3039 645 3114 Mediolanensem,
675 3036 848 3114 Ursesium,
876 3037 1027 3104 linientem
1057 3047 1087 3102 et
1108 3040 1213 3102 Gutum
1236 3057 1272 3102 ex

40 3143 209 3216 Pannonis,
242 3143 393 3204 communi
421 3141 532 3204 uetusto
561 3142 645 3222 quasi
674 3159 735 3204 uno
764 3142 929 3222 eodemque
960 3141 1128 3206 ooneitnnte
1156 3141 1270 3222 Spiritu
1331 3219 1333 3235 Ι

44 3245 225 3308 anathemate
246 3243 434 3306 damnarunt.
482 3243 610 3330 littores
638 3251 737 3306 eutem
766 3243 876 3324 ubique
904 3243 1052 3306 miseruut
1074 3243 1171 3324 (qunti¹
1189 3242 1269 3306 rusie

44 3347 94 3410 inti
116 3345 299 3428 synodorum
320 3344 442 3406 nomine
464 3343 784 3420 comminiscereutun),
807 3343 886 3410 nulle
908 3355 940 3410 ut
963 3345 1105 3427 dsiuoeps
1120 3345 1149 3408 in
1164 3344 1268 3408 noete-

47 3449 90 3510 sie
110 3445 253 3510 Catholiee
276 3445 481 3508 nominaretur
502 3446 640 3526 Synotlus
661 3455 780 3526 praeter
801 3465 890 3511 uttam
912 3447 1081 3519 Niceronem,
1104 3465 1180 3526 quoe
1202 3463 1270 3508 nm-

48 3547 94 3612 eis
115 3548 244 3610 haeresis
265 3547 440 3628 trophaeum
464 3555 519 3620 est,
542 3557 630 3628 etque
646 3547 675 3609 in
691 3549 797 3628 mimis
812 3549 948 3621 Armene,
971 3549 1056 3610 unius
1077 3545 1270 3638 potissimum

54 3667 137 3710 oense
157 3656 222 3709 tuno
244 3659 344 3711 coesto
366 3651 430 3712 init.
476 3650 530 3712 llis
553 3659 599 3714 tot
620 3650 769 3728 lentisque
791 3651 884 3729 gestis
906 3649 996 3712 rebus
1018 3647 1167 3728 quidest,
1191 3643 1271 3726 quoti

56 3835 153 3886 Deinde:
171 3835 317 3885 liilestissistn
336 3835 412 3886 Frntrs'
430 3845 450 3888 et
464 3839 560 3888 meatui
573 3851 629 3887 eon·
680 3834 740 3885 illud
759 3825 813 3882 ἀπὸ
833 3827 971 3887 Uesuuius
987 3833 1129 3892 intellixitur
1147 3831 1177 3882 ds
1196 3833 1271 3883 lires-

56 3903 162 3954 receuoir·
178 3901 289 3966 epicteto,
314 3905 454 3960 Athanasius
481 3907 506 3955 sis
532 3905 628 3954 Domino
681 3905 727 3962 cio,
746 3903 842 3952 Veiente
862 3913 885 3953 et
903 3903 971 3953 ileio.
1016 3901 1075 3951 ibid.
1094 3901 1180 3965 Epiplt.
1198 3913 1271 3964 παμ-

56 3972 152 4022 sslutess.
680 3964 777 4036 ψηφί,
796 3971 895 4033 Sequor.
913 3964 1093 4038 neptunique,
1114 3969 1137 4018 in
1156 3981 1205 4032 qno
1223 3968 1271 4016 ilsi-

88 4035 481 4101 e.Sisliplplu.Seqoer.anler.
501 4047 524 4088 et
543 4037 629 4090 Felel·
680 4037 735 4088 dero
754 4029 791 4091 nis
807 4039 884 4090 deest.
926 4038 1063 4090 Goblerien.
1088 4034 1269 4084 sterteret.

59 4105 129 4155 menni
141 4105 169 4164 l,
186 4107 205 4154 in
224 4105 294 4156 editis
313 4121 367 4156 roro
386 4116 409 4157 et
428 4109 451 4156 in
471 4106 524 4156 sliis
543 4121 630 4156 munn-
680 4099 862 4172 παμψήφους.
907 4105 959 4155 linx
977 4105 1065 4169 Epiplt.
1083 4095 1212 4170 ἔγραψαν
1229 4095 1267 4150 δέ.

58 4173 145 4236 seriptis
160 4163 304 4238 nqo'ctlnest.
335 4175 399 4224 loire
410 4175 488 4236 Segne
505 4175 628 4223 .seennds

61 4254 123 4291 moun
136 4234 250 4324 leunsiq.
280 4243 377 4292 liniter.
396 4251 420 4292 et
439 4241 496 4290 l'els
513 4256 543 4290 rn.
557 4241 578 4290 l.
595 4237 628 4306 τῇ

62 4304 165 4372 lonnslq
178 4303 219 4356 sul
237 4303 327 4376 Pup.
373 4311 426 4360 linx
451 4301 493 4356 ἔτι
516 4308 585 4360 tlssst
603 4310 626 4358 in
666 4351 673 4358 .

61 4374 137 4442 Apipi.
153 4378 274 4442 quilebet
291 4325 546 4444 goqmoptseve.
713 4376 730 4425 t.
747 4375 788 4425 Sis
806 4374 945 4436 Ssqnesien.
959 4371 1184 4454 pettsetststm.
1204 4372 1227 4422 l.
1245 4379 1270 4422 st

93 4443 112 4493 t.
128 4445 212 4507 sequte
232 4445 304 4496 ussit.
323 4455 346 4494 st
364 4437 624 4512 (initiet-„ilementum
679 4443 765 4507 Epiph.
791 4439 921 4494 sturnos
938 4453 988 4488 eor
1003 4451 1080 4506 μετα.
1107 4439 1271 4504 lnlrsllpipb.

65 4509 156 4561 Nunnius
176 4514 232 4562 mele
255 4520 359 4563 uerteret
386 4513 466 4562 Goistss
490 4513 625 4573 Prusenses,
678 4503 740 4558 καθ’
765 4502 871 4558 ἑαυτῶν
893 4504 1048 4576 γραφέντα.
1092 4509 1144 4559 ilex
1169 4509 1273 4570 Suum

67 4589 112 4626 eun
127 4581 247 4632 tenentium
268 4581 355 4632 luisset
372 4595 401 4630 eu
412 4580 539 4630 Pannonio.
569 4579 627 4628 llum
680 4569 766 4643 ὅπερ
784 4571 838 4626 etsi.

714 4223 736 4258 s.
755 4198 874 4255 σύνοδον
892 4207 959 4256 deest
970 4207 993 4254 in
1004 4205 1102 4268 Sequor.
1114 4201 1269 4264 Guilelmus,

679 4275 785 4326 Felolm.
805 4273 826 4324 l.
846 4283 870 4324 et
888 4273 974 4338 Epiplt.
