3072 5056
321 357 328 364 ·
349 345 494 390 enrsrona
510 345 547 388 mr
563 345 706 390 nocueris
723 347 866 390 nicaenas
883 348 1001 391 senona.
1250 333 1286 396 81

82 521 134 564 ram
158 516 315 578 exaequare
343 497 495 572 debemus.
539 497 652 576 Nempe
674 497 701 559 is
722 497 788 576 ipse
810 517 897 560 causa
919 507 981 571 est,
1010 517 1063 559 our
1092 499 1132 562 ita
1161 501 1249 564 etiam
1272 514 1375 564 artur.

80 601 154 664 nobis
172 600 338 681 appellatur.
384 598 461 672 Qua
475 597 554 660 enim
570 597 698 660 Verbum
721 616 830 679 corpus
853 609 988 662 nostrum
1011 601 1153 664 assumsit
1167 611 1197 664 et
1212 603 1289 666 iuter

81 723 127 764 nos
146 703 251 764 versari
273 701 374 774 voluit,
397 698 608 762 convenienter
623 698 661 760 ob
677 697 816 772 Verbum,
838 700 917 778 quod
932 702 1009 780 apud
1026 721 1083 764 nos
1106 710 1161 776 est,
1184 713 1290 767 noster

80 823 181 884 quoque
199 803 285 866 Pater
305 802 385 864 Deus
412 801 479 880 ipse
508 799 623 862 dicitur.
669 798 741 860 Nam
763 799 852 860 llerbi
882 801 1027 880 Spiritus.
1062 804 1111 882 qui
1140 804 1170 864 in
1199 805 1288 868 nobis

81 916 127 978 est,
146 924 196 986 per
216 923 272 966 nos
295 921 382 965 suum
405 901 500 981 ipsius
522 909 635 981 patrem
657 909 797 980 tanquam
819 909 955 963 nostrum
975 903 1110 982 appellat.
1153 905 1195 966 Ea
1217 923 1289 968 sane

80 1024 150 1067 mens
176 1015 220 1067 est
239 1004 374 1085 Apostoli
403 1002 547 1064 dicentis:
582 1001 665 1064 Misit
685 1001 770 1064 Heus
799 1007 944 1083 spiritum
971 1004 1032 1084 filil
1059 1011 1109 1068 sni
1135 1011 1168 1070 in
1197 1009 1291 1070 cordo

81 1118 172 1168 nostro
193 1105 384 1168 clamantem:
408 1103 489 1165 Atto
503 1097 615 1164 Potor.

149 1411 196 1474 32.
234 1408 344 1470 llerum
358 1407 497 1470 fortassis
520 1405 578 1486 ipsi
602 1405 718 1466 tandem
741 1406 877 1480 convicti,
900 1426 1009 1469 nomen
1025 1409 1174 1470 non-lacti
1191 1410 1290 1490 inepte

79 1529 234 1590 usurpasse,
255 1511 331 1572 baec
352 1507 439 1570 nobis
461 1527 517 1588 pro
540 1525 594 1569 sua
616 1505 804 1586 improbitate
820 1507 910 1570 velint
926 1527 1088 1588 reponere:
1112 1509 1291 1584 „llecuisset

80 1611 179 1691 „igitur
199 1611 273 1674 nibil
298 1611 334 1672 de
355 1611 482 1672 Domino
505 1618 536 1670 et
557 1609 709 1670 Salvatore
731 1617 836 1670 nostro
858 1609 925 1672 lesu
948 1609 1066 1672 Christo
1089 1611 1209 1686 dicere,
1231 1611 1290 1674 nisi
1324 1687 1335 1706 ἱ

79 1733 165 1792 „quae
186 1713 221 1774 de
242 1713 295 1776 illo
311 1713 348 1773 in
364 1711 527 1791 Scripturis
550 1709 705 1782 habentur,
729 1727 788 1770 non
811 1730 881 1772 vero
899 1711 1048 1785 vocabula,
1071 1731 1145 1792 quae
1160 1713 1192 1774 in
1207 1713 1289 1774 Scri-

78 1815 184 1894 „pturis
204 1834 265 1877 non
289 1822 416 1884 exstent,
440 1811 612 1874 inducere.“
657 1811 700 1872 lta
722 1830 793 1872 saue
817 1813 986 1892 oportuisse
1008 1831 1063 1893 ego
1082 1832 1200 1894 quoque
1215 1825 1288 1876 oon-

79 1915 222 1992 scnserim3
251 1915 401 1994 siquidem
428 1914 516 1993 longe
546 1914 659 1992 aptiora
682 1921 752 1974 sunt
774 1913 905 1974 raritatis
928 1923 1115 1992 argumenta,
1150 1935 1225 1995 quae
1254 1936 1290 1977 ex

78 2017 219 2096 Scripturis
242 2023 406 2088 eruuntur,
435 2033 523 2096 quarn
551 2032 624 2094 quae
648 2013 775 2074 aliunde.
820 2015 944 2088 Verum,
974 2014 1016 2076 uti
1039 2014 1096 2077 iam
1119 2015 1195 2092 dixi,
1217 2035 1289 2096 per·

79 2119 184 2179 versitas
205 2118 375 2196 astutiaque
408 2125 437 2178 et
458 2115 602 2178 versatilis
625 2113 862 2178 Eusebianorum
884 2115 1019 2196 impietas
1041 2115 1207 2198 Episcopus
1230 2119 1289 2180 inr-

78 2219 147 2297 pulit,
166 2228 199 2280 nt
219 2219 319 2292 rerba,
343 2218 450 2299 quibus
474 2216 591 2280 illorum
614 2216 748 2298 impietas
772 2225 969 2292 everteretur,
991 2218 1131 2298 liquidius
1155 2239 1287 2300 expone-

80 2329 141 2380 rent.
185 2321 289 2402 ltaque
321 2319 514 2400 probavimus
543 2339 593 2393 ea,
622 2337 696 2399 quae
726 2338 741 2380 a
770 2319 889 2399 Synodo
919 2321 1028 2400 scripta
1058 2328 1144 2394 sunt,
1175 2331 1288 2382 rectum

81 2438 182 2484 sensum
203 2422 376 2496 continere;
405 2431 435 2484 at
456 2432 557 2485 cotnra
580 2427 736 2482 ostensum
759 2429 820 2490 est,
850 2429 880 2483 et
901 2421 999 2482 lutilos
1022 2422 1181 2483 admodum
1201 2421 1288 2484 Aria·

80 2538 169 2584 norum
189 2524 310 2586 voculas
333 2531 362 2584 et
382 2541 491 2602 pravos
513 2541 614 2586 mores
638 2541 715 2584 esse.
759 2523 833 2584 Nam
856 2531 886 2584 ct
907 2523 1005 2602 ipsum
1027 2523 1177 2584 non-lacti
1199 2541 1289 2584 voca·

80 2620 178 2698 bolum,
209 2624 292 2704 quod
322 2625 473 2704 propriam
500 2624 589 2685 babet
617 2623 860 2702 significationem
889 2631 918 2684 et
945 2623 994 2704 pie
1022 2623 1151 2704 proferri
1178 2630 1290 2702 potest,

79 2722 114 2786 illi
132 2726 163 2788 ad
183 2727 348 2788 Salvatoris
370 2725 593 2799 contumeliam,
614 2735 706 2805 prout
728 2725 802 2804 ipsis
824 2724 936 2804 placet,
958 2733 1120 2802 usurpant,
1142 2724 1230 2802 idque
1254 2741 1289 2784 eo
1385 2791 1389 2804 ,

79 2833 175 2888 tanum
201 2829 321 2900 animo,
354 2837 387 2888 ut
415 2826 502 2888 relati
532 2828 664 2906 gigantes
687 2845 753 2888 cum
782 2827 843 2888 lleo
873 2835 1013 2905 pugnent.
1058 2825 1166 2886 l’crum
1194 2841 1291 2904 neque

80 2943 134 2988 cum
153 2927 212 2990 illas
235 2929 359 2990 voculas
381 2937 598 3008 proponerent,
628 2926 845 2990 damnationem
872 2933 1034 3008 potuerunt
1056 2926 1203 3004 ellegere3
1236 2943 1292 2986 nec

80 3025 133 3104 ipsi,
152 3047 214 3090 cum
237 3030 268 3092 id
292 3027 467 3090 vocabulum
489 3029 668 3103 non-lacti,
692 3029 771 3108 quod
794 3028 912 3108 quidem
934 3036 1015 3090 recte
1037 3035 1067 3088 et
1086 3025 1136 3107 pie
1158 3025 1291 3088 adbiberi

79 3137 177 3204 potest,
204 3147 347 3209 perverse
376 3129 588 3210 intelligerent,
616 3129 708 3192 latere
736 3149 863 3209 usquam
884 3139 1062 3210 potuerunt3
1096 3127 1149 3190 sed
1172 3145 1292 3208 semper

80 3245 133 3288 clun
154 3231 260 3292 nibem
289 3231 410 3294 fuerunt
431 3229 519 3302 victi,
553 3249 715 3310 eorumque
743 3231 875 3294 haeresis
905 3231 1011 3310 ubique
1040 3240 1087 3292 est
1113 3228 1290 3308 proscripta.

81 3326 145 3391 llaec
164 3333 298 3412 quidem,
327 3351 401 3411 quae
424 3340 494 3394 tuno
516 3333 547 3393 in
569 3332 689 3412 Synodo
713 3341 774 3394 acta
797 3352 865 3394 esse
888 3331 1024 3404 memini,
1046 3339 1079 3392 ut
1100 3330 1201 3410 potui,
1223 3349 1290 3392 mc·
1359 3361 1362 3368 =

81 3433 190 3507 moratu
217 3452 273 3496 nec
297 3443 393 3495 umen
415 3452 463 3495 me
485 3433 574 3512 sugit,
596 3433 763 3514 pertinaces
786 3433 893 3494 Christi
917 3433 1022 3494 hostes
1044 3451 1140 3511 neque
1162 3431 1210 3491 lais
1233 3447 1375 3493 au-n.aas.

80 3527 137 3592 ditis
158 3552 223 3596 esse
245 3555 261 3596 a
285 3534 432 3598 sententia
455 3533 659 3606 discessuros,
693 3535 746 3596 sed
774 3553 866 3596 novas
889 3534 989 3613 potius
1012 3533 1144 3594 rationes
1166 3531 1289 3612 perqui-

83 3630 176 3694 siluros
196 3636 324 3714 istisque
345 3635 417 3698 alias
439 3655 545 3698 rursus
568 3635 730 3697 addituros.
775 3635 848 3697 Nam
871 3642 903 3696 ut
917 3635 1080 3716 prophetae
1095 3632 1194 3694 verbis
1210 3642 1291 3694 utar:

84 3735 230 3798 tinctura
249 3748 354 3818 potest
377 3721 518 3818 Aethiops
537 3737 648 3817 pellem
671 3755 774 3808 suom,
798 3748 851 3798 out
871 3738 989 3818 pardus
1012 3739 1176 3798 uarietates
1200 3752 1291 3806 suos,

83 3849 141 3894 sene
160 3836 199 3898 illi
221 3857 350 3918 quoqne,
373 3838 422 3918 qui
445 3837 528 3918 impii
550 3855 618 3899 csse
639 3837 815 3911 didicerunt,
838 3839 888 3917 pie
910 3837 1021 3900 sentire
1042 3833 1220 3898 inanimum
1242 3832 1290 3892 in-

82 3931 180 3998 ducent
225 3939 270 3999 Tu
294 3949 407 4012 autem,
430 3938 601 4012 carissime,
623 3939 697 4000 baec
718 3947 751 3998 ut
772 3939 937 4020 acceperis,
967 3948 1064 4000 tecum
1086 3951 1197 4014 quaeso
1219 3949 1290 4010 per-

82 4029 148 4110 leqez
168 4058 239 4116 quae
261 4039 288 4101 si
309 4039 363 4100 tibi
384 4047 463 4102 recta
487 4059 556 4102 csse
577 4039 770 4114 ridebuntur,
800 4059 832 4101 ea
854 4038 1010 4110 fratribus,
1039 4036 1089 4116 qui
1118 4042 1187 4094 tunc
1215 4032 1291 4093 lorte

82 4133 198 4211 aderam,
220 4139 302 4220 legas
324 4139 421 4214 velim,
445 4149 478 4202 ut
500 4140 541 4202 illi
563 4140 610 4202 his
633 4140 741 4203 auditis
764 4140 859 4202 zelum
878 4139 997 4218 quidem
1013 4134 1123 4214 Synodi
1138 4133 1168 4194 in
1184 4122 1293 4196 tuenda

82 4233 188 4300 reriute
208 4249 238 4302 et
260 4242 290 4302 in
313 4241 481 4320 explicanda
504 4240 651 4304 sententia
673 4241 888 4302 accurationem
910 4235 1093 4318 approbent,
1115 4234 1292 4298 Arianorum

83 4345 166 4400 auum
186 4340 295 4402 Christi
317 4343 447 4404 bostium
471 4343 669 4405 condemnent
689 4339 884 4421 pervicaciam
900 4348 930 4401 et
943 4357 1032 4400 vanas
1053 4337 1195 4412 rationes,
1217 4354 1291 4444 quas

111 4501 129 4536 ι.
145 4491 182 4543 Sic
200 4493 256 4556 Rtt·
292 4497 317 4546 ln
343 4498 397 4550 allis
416 4511 472 4548 vero
490 4503 515 4547 ot
532 4495 602 4546 editis
620 4487 652 4543 dl
735 4495 759 4544 b.
778 4493 818 4543 Sic
841 4493 898 4554 lter.
923 4499 947 4542 et
969 4491 1042 4542 Basil.
1077 4493 1107 4542 tt
1129 4489 1169 4540 alis

86 4551 148 4606 lust
701 4556 749 4610 stol
765 4561 885 4613 omittant

112 4641 226 4690 traantur
238 4659 289 4693 ora.
301 4661 371 4695 noan.
384 4661 434 4696 tan.
1074 4643 1091 4694 ὅ
