3158 5050
520 334 629 381 enirm
645 333 683 378 rr.
700 334 816 378 uunrnn
831 335 964 378 inrisos.
1281 325 1341 387 607

109 483 194 546 Dens
225 485 395 546 benedictus
425 487 457 546 in
481 477 618 555 sustula,
648 504 743 548 amen.
790 485 864 558 Quin
886 503 979 564 perro
1002 505 1037 548 er
1060 487 1121 549 Dee
1144 490 1222 551 Deus
1245 501 1292 555 est
1312 502 1427 554 stetu.

108 585 165 660 Dei
195 583 343 657 Verbum,
369 583 542 658 Sutieutin,¹
567 585 659 648 Filius
690 591 720 646 el
741 587 841 648 Virtus
870 596 918 648 est
938 587 1092 662 Christus,
1126 591 1235 652 ideireo
1264 612 1341 655 uuus

108 684 374 761 lienem-(litium
397 603 558 766 Veripturis
581 684 785 753 sinerentur.
830 687 904 750 Cum
927 689 1006 752 enim
1029 691 1157 754 Verbum
1179 693 1267 757 unius
1290 696 1342 757 uei

110 787 153 848 sit
173 786 263 860 filius,
287 787 324 848 ed
345 787 427 850 illum
450 786 535 863 cuius
559 797 605 850 est
626 789 763 864 relertsr,
788 791 826 851 ite
850 799 883 851 ut
904 788 963 852 duo
986 791 1106 871 quidem
1129 795 1189 856 sint
1204 796 1292 858 Peter
1313 791 1357 860 ει
1472 797 1477 807 “
1572 777 1573 786 ¹

110 887 216 962 Filius,
239 871 338 952 unitas
362 909 432 951 vero
455 881 616 952 divinitatis
639 891 788 953 individue
812 892 852 954 sit
873 893 1014 973 nulloque
1036 895 1125 956 medo
1150 897 1342 976 separabilis3

6 1047 7 1050 ,
74 1067 84 1084 ⁹
110 1007 147 1050 ee
167 989 294 1068 proinde
316 990 472 1052 uiuendum
496 999 557 1066 est,
587 1009 679 1054 unum
701 1011 770 1054 esse
793 993 953 1056 divinitatis
975 997 1170 1076 principium,
1200 1019 1260 1060 non
1283 1001 1341 1064 duo

110 1089 274 1169 principie:
304 1092 383 1154 unde
409 1093 531 1172 proprie
560 1102 591 1156 et
618 1095 789 1158 monarchia
817 1103 874 1158 est.
917 1095 961 1157 llrt
988 1098 1054 1178 ipso
1077 1107 1173 1160 eutem
1195 1103 1342 1182 principie

111 1191 242 1254 Verbum
264 1193 344 1256 filius
367 1199 473 1256 natural
495 1196 604 1269 existit,
628 1213 688 1257 nun
711 1205 744 1258 ut
765 1193 842 1258 eliutl
857 1197 1036 1280 principium
1050 1219 1105 1281 per
1120 1182 1251 1282 seipsum
1269 1205 1341 1266 sub-

112 1291 243 1368 sistens,
274 1315 371 1376 neque
399 1297 517 1360 aliunde
546 1317 632 1378 quem
662 1317 698 1359 er
720 1299 786 1378 ipsu
809 1318 869 1360 uun
890 1300 1036 1382 principio
1059 1311 1164 1378 natus,
1194 1323 1231 1366 ne
1254 1305 1342 1385 dyss-

112 1397 209 1458 ebism
232 1405 261 1458 et
282 1399 481 1478 polyerebiem
503 1399 533 1460 iu
556 1407 602 1460 est
623 1401 682 1464 tlun
705 1400 750 1462 vel
771 1401 855 1480 plura
877 1401 1022 1483 principie
1044 1405 1200 1469 diversitas
1211 1407 1341 1485 inducet,
1409 1420 1416 1433 '

6 1575 7 1584 ἵ
113 1498 169 1561 sed
191 1501 278 1562 unius
300 1501 437 1580 principii
459 1503 599 1582 proprius
622 1484 667 1564 εει
681 1501 786 1576 Filius,
807 1505 930 1584 propria
952 1506 1106 1585 sapientia,
1129 1511 1343 1591 propriumque
1450 1560 1456 1571 .

6 1593 8 1686 }
112 1601 242 1664 Verbum
265 1622 299 1664 ex
322 1621 359 1663 eo
382 1603 523 1666 existens.
568 1604 653 1677 Nem,
677 1612 708 1665 ut
731 1605 819 1668 docet
833 1605 971 1681 loannes,
994 1607 1025 1669 iu
1040 1607 1262 1691 isteprinctpio
1279 1621 1344 1676 eret

111 1701 258 1776 Verbum,
292 1713 321 1765 et
348 1704 478 1766 Verbum
512 1714 576 1768 eret
607 1706 685 1786 apud
713 1706 817 1768 Deum.
862 1707 942 1770 Deus
971 1709 1050 1770 enim
1078 1713 1257 1792 principium
1284 1724 1341 1777 est.

111 1805 197 1866 Unde
230 1805 299 1884 quin
319 1825 367 1896 ,ex
398 1807 456 1868 boe
482 1807 629 1886 principie
659 1815 722 1882 est,
755 1808 867 1876 ideireo
897 1809 985 1874 etiam
1005 1811 1091 1874 Deus
1111 1826 1181 1876 eret
1206 1817 1341 1898 Verbum.

6 1967 7 1970 ,
110 1905 209 1966 Porro
232 1900 479 1986 quemadmodum
503 1928 594 1972 uuum
617 1919 663 1971 est
683 1909 864 1990 principium
888 1919 917 1972 et
939 1912 1066 1992 proinde
1089 1933 1165 1977 unus
1188 1915 1278 1992 liene,
1301 1921 1342 1981 ita
1459 1925 1467 1941 '

111 2027 188 2088 quse
209 2009 366 2072 verissime
388 2018 434 2072 εει
456 2011 586 2074 essentie
609 2018 640 2072 et
661 2011 836 2085 substantie,
861 2031 919 2074 una
935 2022 982 2075 εει
996 2033 1072 2093 quae
1087 2015 1173 2078 dicit:
1196 2020 1258 2102 Ego
1275 2041 1343 2084 eum
1371 2062 1375 2072 ι
1485 1991 1498 2020 Ι

111 2117 167 2192 qui
192 2123 274 2186 sun,
302 2130 364 2174 nun
392 2119 490 2174 nuum
519 2113 611 2187 duee,
639 2132 677 2176 ne
709 2113 822 2175 scilieet
850 2113 909 2176 duo
939 2115 999 2177 sirit
1020 2117 1173 2198 principie.
1218 2121 1261 2183 Ex
1283 2133 1427 2185 umente.

111 2221 211 2276 eutem
241 2214 289 2276 ille
319 2213 485 2276 substantie
509 2215 609 2277 existit
630 2217 735 2276 nature
758 2224 788 2276 et
809 2235 878 2276 rere
900 2217 990 2290 lilius,
1012 2218 1157 2294 Verbum,
1186 2206 1341 2302 sapientie,
1409 2201 1414 2209 ¹

111 2315 293 2395 proprieque
322 2315 386 2378 eius
414 2315 524 2390 virtus,
553 2335 609 2379 nee
638 2317 674 2377 ab
697 2335 732 2378 ea
754 2316 938 2396 separabilis.
981 2319 1020 2380 Ut
1041 2339 1112 2382 vero
1135 2341 1196 2384 nnn
1218 2325 1273 2387 eliu
1296 2335 1343 2389 est
1394 2369 1403 2392 .
1433 2333 1444 2346 '

111 2418 245 2479 essentis
268 2437 322 2479 seu
345 2417 527 2492 substantie,
550 2437 587 2480 ne
610 2419 669 2480 tius
691 2419 754 2479 sint
775 2419 938 2499 principia,
962 2420 1006 2482 sie
1027 2421 1171 2497 Verbum,
1202 2428 1282 2505 quod
1305 2447 1342 2490 ex
1369 2457 1382 2482 ·

111 2537 172 2582 una
193 2519 303 2594 existit,
326 2519 400 2580 nihil
422 2519 533 2582 lluxum
555 2539 611 2581 nee
632 2539 688 2580 vox
710 2527 824 2582 tentum
847 2521 1017 2600 significuus
1035 2532 1090 2598 est,
1113 2517 1168 2586 s‘ed
1184 2520 1353 2590 essentiale‘

111 2619 242 2682 Verbum
271 2631 302 2682 ει
330 2620 495 2684 essentialis
524 2629 571 2682 est
593 2621 765 2700 snpientia,
784 2639 859 2700 quae
881 2640 950 2684 vere
972 2623 1064 2686 Filius
1088 2635 1144 2686 eet.
1188 2627 1261 2688 Nem
1283 2629 1342 2690 nisi

111 2721 272 2784 essentiale
288 2722 415 2784 Verbum
438 2731 528 2796 esset,
552 2730 727 2802 sequeretur
748 2722 842 2784 Deum
864 2721 953 2784 rerba
977 2741 1031 2786 sua
1052 2743 1107 2804 per
1125 2733 1225 2789 nerem
1241 2729 1340 2802 elfuu-
1363 2726 1373 2748 '

112 2824 204 2899 dere,
231 2841 401 2905 corpusque
427 2835 461 2886 ut
488 2825 627 2886 homines
656 2823 775 2885 bebere.
821 2825 970 2897 Quoniam
992 2845 1063 2887 vero
1086 2827 1177 2889 bomo
1200 2845 1261 2890 non
1284 2839 1340 2904 est,

111 2945 170 2988 nee
202 2927 272 2988 item
306 2927 369 2988 eius
393 2926 522 2989 Verbum
555 2925 711 3006 quiequam
739 2925 893 2987 bominum
926 2927 1090 2990 infirmitati
1118 2928 1215 2992 simile
1242 2931 1341 2994 behet.

113 3029 151 3089 lit
175 3027 253 3090 enim
274 3029 452 3110 principium
475 3047 533 3090 une
556 3036 602 3089 est
624 3028 765 3100 essentie,
790 3028 829 3088 itu
852 3045 942 3089 unum
967 3037 1013 3090 est
1034 3032 1192 3094 essentiale
1216 3043 1245 3096 et
1266 3034 1341 3096 sub·

111 3131 225 3192 sistens
254 3131 319 3193 eius
342 3129 471 3193 Verbum
501 3139 530 3191 et
551 3128 705 3210 sepientis.
750 3129 822 3190 Nem
846 3138 877 3191 ut
899 3149 934 3192 er
955 3130 1017 3192 ben
1041 3131 1119 3194 [leus
1143 3143 1203 3209 est,
1233 3155 1266 3196 ex
1290 3155 1341 3198 se-

111 3231 215 3311 piente
245 3233 406 3313 sapientie,
440 3252 477 3294 ex
504 3223 638 3294 rationali
663 3240 759 3293 mente
782 3230 868 3293 Retio
892 3251 947 3295 seu
969 3232 1113 3309 Verbum,
1148 3245 1177 3298 et
1199 3255 1234 3297 ex
1254 3237 1343 3301 Patre

110 3333 222 3406 Filius,
250 3334 290 3395 ite
318 3354 353 3396 ex
376 3335 540 3397 substantia
563 3333 765 3396 substantialis
788 3343 849 3408 est,
879 3353 914 3396 er
938 3335 1069 3398 essentie
1091 3338 1273 3415 essentialis,
1309 3359 1343 3404 ee

112 3435 242 3515 denique
264 3455 345 3510 vere„
358 3446 413 3512 est,
437 3437 540 3516 utqui
565 3437 605 3498 sit
626 3436 662 3498 eb
685 3456 731 3510 eo,
756 3436 805 3516 qui
829 3443 884 3498 εει.

199 3539 230 3600 2.
273 3537 412 3618 Alioquin
434 3539 493 3600 nisi
516 3537 683 3600 essentialis
707 3544 788 3600 esset
809 3539 953 3618 supientia
974 3539 1161 3620 Verbumque
1183 3540 1343 3603 essentiale

114 3647 146 3700 et
167 3638 259 3700 Filius
283 3639 333 3719 qui
356 3657 425 3702 vere
449 3641 503 3714 sit,
534 3641 589 3701 sed
611 3639 787 3719 simpliciter
809 3641 972 3719 sepientis,
995 3641 1122 3702 Verbum
1146 3649 1175 3704 ει
1195 3641 1289 3703 Filius
1311 3643 1343 3702 in
1431 3666 1441 3679 ·

113 3740 213 3814 Patre,
236 3759 309 3802 sene
332 3741 398 3819 ipse
418 3741 508 3802 Peter
529 3759 564 3801 ex
588 3740 733 3822 sepientis
757 3749 786 3800 et
802 3740 898 3801 Verbo
922 3749 1005 3803 esset
1019 3741 1215 3821 compositus.
1253 3741 1342 3815 Quod

114 3841 234 3922 quidem
258 3843 284 3904 si
306 3861 410 3904 rerum
433 3850 489 3917 est,
513 3861 604 3921 supra
628 3841 713 3902 allatu
735 3841 863 3902 absurde
886 3852 1050 3924 sequentur
1072 3842 1253 3916 necessario,
1277 3843 1342 3923 ipse

112 3951 213 4004 eutem
236 3945 347 4004 suimet
374 3951 459 4024 peter
481 3952 511 4006 et
532 3945 610 4006 filius
632 3945 750 4006 iuturus
773 3951 836 4018 est,
865 3943 930 4024 ipse
952 3945 1086 4025 seipsum
1109 3954 1156 4007 est
1176 3944 1343 4024 geniturus,

114 4055 145 4106 et
167 4063 183 4105 n
206 4043 308 4124 seipso
331 4045 482 4125 gignetur,
506 4047 551 4108 vel
574 4055 655 4108 certe
678 4063 791 4107 merum
815 4065 927 4108 nomen
950 4047 1006 4110 erit
1027 4047 1171 4120 Verbum,
1194 4045 1345 4126 Sapientis

115 4155 145 4207 et
166 4144 270 4219 Filius,
293 4147 341 4208 ille
364 4156 484 4221 autem,
497 4148 534 4209 de
557 4167 616 4229 que
640 4149 713 4209 haee
735 4147 873 4210 dicuntur
894 4148 940 4210 vel
961 4149 1062 4228 potius
1085 4149 1137 4228 qui
1156 4147 1345 4210 haecomnia

114 4254 176 4323 est,
206 4248 279 4309 nihil
303 4249 361 4311 erit
382 4250 560 4314 subsistens.
606 4251 638 4312 Si
661 4251 760 4331 itaque
782 4251 856 4312 nibil
878 4261 924 4312 est
946 4251 1131 4325 subsistens,
1160 4267 1233 4310 vene
1256 4248 1346 4329 igitur

146 4434 169 4483 e.
188 4435 229 4484 stc
247 4435 278 4484 se
297 4451 347 4485 ter.
366 4423 481 4488 settle
498 4437 589 4501 legite.
624 4437 702 4488 nan
789 4439 805 4488 r.
831 4437 888 4500 neg.
914 4445 938 4488 ιι
954 4437 1053 4500 segue.
1081 4425 1237 4492 ιπησιαιις
1259 4437 1344 4490 ultima
1392 4461 1401 4477 ·

113 4507 137 4552 et
154 4502 211 4552 editt
230 4450 433 4569 dtabiupluur.
755 4505 827 4568 greti.
1341 4501 1348 4514 '

146 4584 167 4621 ε.
184 4571 276 4634 buglis.
294 4563 377 4639 εἴπερ.
