3106 5056
490 371 597 415 ummo
612 371 645 415 n.
662 367 777 414 coortu
792 369 930 415 cunnos.
1263 361 1326 426 443

12 547 15 560 ’
106 523 192 586 rerbii
213 521 309 584 instsr
328 521 461 584 loctrtnm
482 539 560 584 csso.
603 521 638 584 lrl
660 507 772 602 optimc
793 521 977 600 intelligebat
997 519 1173 602 Apostolus,
1197 541 1265 588 cuns
1286 525 1412 589 iussu.

108 624 237 706 scripsit:
271 623 510 686 santonenses·
538 623 623 686 cloud
651 641 737 686 nemo
763 633 867 705 potest
886 641 1004 704 poscere
1022 635 1150 704 prester
1170 626 1216 698 id,
1248 629 1329 708 punct

103 731 232 808 protrusi
264 735 322 796 cst,
356 725 434 808 puori
462 735 507 787 est
535 723 623 788 lesus
653 722 806 788 cinctos.
854 721 1066 806 Unusquisque
1096 737 1196 790 auton
1228 729 1329 792 oldest

107 827 247 910 moncons
270 825 512 906 superaedificet·
555 824 653 888 Porro
674 841 798 887 necesse
820 831 876 898 est,
900 832 934 886 ut
954 824 1012 886 sele
1034 823 1074 888 sit
1094 825 1327 904 fundamentum,

106 927 196 1008 qualis
217 935 285 990 sunt
306 943 382 1006 quoe
404 943 496 1006 super
528 925 625 1004 ipsum
650 925 863 999 sennonem,
896 933 931 988 ut
950 927 1036 1006 ‚inter
1064 945 1097 988 se
1118 930 1240 1007 possint
1261 940 1329 1012 epte

106 1021 274 1109 mugi-uere.
317 1026 404 1108 Atqui
434 1034 468 1088 ut
494 1024 623 1090 Verbum
651 1026 743 1100 tales,
776 1027 872 1107 qualis
899 1028 1022 1108 etipse
1049 1035 1112 1102 est,
1145 1030 1196 1110 qui
1226 1049 1331 1096 sessim

108 1129 294 1202 convenient,
317 1127 427 1190 bebere
449 1146 510 1190 noo
532 1135 649 1208 potest,
672 1128 781 1208 quippe
804 1147 871 1192 ecrrn
893 1129 933 1192 sit
955 1130 1133 1210 unigenitus.
1177 1133 1215 1194 lt
1235 1132 1328 1198 luctus

106 1231 191 1294 bomo
214 1229 326 1292 similes
348 1229 447 1304 bsbet,
470 1247 598 1310 quorum
620 1229 757 1292 videlicet
771 1229 900 1293 similem
914 1249 1033 1296 curnem
1048 1233 1199 1295 assumsit.
1227 1232 1330 1314 tuque

108 1331 265 1394 secundnm
297 1339 433 1394 naturum
464 1331 623 1394 bumsnsm
655 1331 811 1407 lundstrrr,
843 1340 877 1395 ut
904 1339 935 1394 et
962 1351 1019 1396 nos
1047 1343 1187 1414 unqosm
1215 1335 1415 1414 lapideos-⁶⁴2

107 1433 228 1511 pretiosi
251 1449 343 1512 super
363 1433 463 1512 ipsum
484 1432 632 1496 sediiicsri
654 1433 818 1513 possimus,
841 1441 872 1494 st
893 1434 1035 1514 templum
1058 1435 1221 1498 efficiemur
1235 1435 1329 1498 sancti

108 1533 231 1612 Spiritus
253 1533 283 1594 io
306 1533 394 1596 nobis
417 1533 587 1596 bsbitsntis.
633 1533 771 1596 &terum
793 1545 826 1596 ut
846 1535 912 1615 ipse
934 1535 1157 1598 fundumentum
1180 1543 1243 1610 est,
1272 1551 1329 1598 nos

105 1643 200 1697 notan
223 1653 327 1698 sumus
350 1634 401 1714 qui
423 1653 514 1714 super
535 1635 633 1715 ipsum
656 1635 862 1709 sedilicsmor3
877 1635 935 1710 ¹its
962 1635 1050 1698 etism
1073 1636 1153 1698 idem
1174 1637 1241 1716 ipse
1262 1636 1330 1702 ritis

106 1745 164 1810 cst,
195 1755 254 1798 nos
282 1745 380 1798 suum
403 1735 492 1798 veluti
514 1735 652 1816 palmites
681 1735 893 1809 cohaerentes,
926 1753 987 1797 non
1020 1736 1139 1816 quidem
1167 1738 1331 1800 secundnm

105 1835 263 1900 divinitatis
284 1845 430 1911 ustorum,
453 1855 522 1899 nam
543 1837 603 1899 boc
623 1837 687 1900 lieri
709 1837 828 1918 nequit,
852 1837 906 1899 secl
928 1837 1248 1900 secundumnstumm
1269 1839 1330 1902 lni-

104 1955 218 2002 munem
241 1945 377 2014 (neeesse
399 1939 478 2002 enim
500 1947 548 2000 est
569 1939 636 2002 sitis
660 1937 774 2002 similes
789 1955 859 2001 esse
879 1939 1039 2018 palmites),
1062 1939 1129 2019 quis
1145 1959 1203 2003 nos
1218 1939 1333 2004 scilieet

105 2041 266 2102 secusdum
287 2057 406 2104 curnem
429 2035 543 2104 siniilcs
567 2039 646 2103 illius
669 2058 784 2103 sumus.
831 2039 979 2113 Quoniam
1001 2058 1073 2102 rero
1095 2040 1236 2103 baeretici
1258 2041 1332 2104 nibil

103 2141 158 2202 nisi
179 2143 345 2204 burnsnum
367 2143 494 2222 sepiunt,
518 2142 594 2204 haud
617 2142 654 2204 cb
676 2161 710 2203 re
731 2143 822 2204 luerit
842 2161 895 2204 eos
916 2141 1054 2204 bumsnis
1069 2142 1211 2223 exemplis
1227 2143 1333 2207 eodem

105 2259 137 2302 er
158 2241 227 2306 loco
250 2242 416 2324 depromtis
440 2245 601 2306 consume.
633 2243 735 2324 ltaque
757 2261 819 2305 non
842 2243 930 2306 dixit:
953 2243 1174 2307 fundamentum
1190 2263 1239 2306 me
1253 2245 1332 2318 lecit,

104 2361 139 2404 ne
160 2345 233 2406 inde
255 2363 323 2406 eom
344 2363 409 2408 rem
430 2347 537 2406 lectam
559 2363 629 2408 csse
651 2353 739 2425 etque
761 2347 846 2406 onus
868 2345 1049 2426 principium
1071 2345 1214 2408 babuisse
1230 2346 1333 2426 suspi-

104 2445 158 2506 coti
179 2445 322 2510 baeretici
343 2445 506 2526 impietatis
528 2447 722 2510 sensionem
745 2446 935 2510 ssessionem
950 2446 1138 2526 impudenter
1152 2447 1335 2527 arriperens3

103 2547 153 2608 secl
176 2547 270 2609 dixit:
294 2545 446 2612 Fmslooit
466 2567 523 2610 mc.
567 2547 662 2610 Porro
685 2548 765 2627 quod
787 2547 937 2621 modoino,
958 2547 1104 2628 lapidibus
1121 2567 1213 2628 super
1234 2549 1333 2628 ipsum

101 2648 243 2725 proiectis
265 2647 413 2724 tundetur,
436 2649 517 2730 quod
540 2647 658 2728 quidem
681 2667 742 2710 non
762 2648 972 2728 quovismodo
988 2648 1149 2728 perficitur,
1173 2645 1228 2710 secl
1242 2665 1334 2726 qoem

100 2748 175 2829 lspis
198 2771 218 2812 e
240 2757 341 2812 monte
363 2751 524 2812 translatus
542 2749 573 2813 in
595 2750 665 2812 imis
688 2750 774 2812 terris
797 2749 968 2811 collocetur.
1002 2749 1075 2810 Num
1098 2746 1238 2828 quamdiu
1259 2747 1335 2827 lupis

102 2859 148 2912 est
170 2853 202 2913 in
228 2860 344 2925 monte,
372 2853 507 2914 nondum
534 2853 651 2932 positus
681 2859 729 2912 est
749 2851 780 2912 in
802 2851 1036 2913 lundomentum.
1080 2848 1153 2910 Cum
1176 2866 1246 2910 sero
1269 2849 1333 2910 exi·

101 2959 189 3030 gente
211 2971 303 3014 causo
325 2954 484 3016 transistus
506 2953 596 3015 luerit
619 2960 649 3015 et
671 2961 768 3015 tenne
790 2951 937 3033 probrndo
960 2958 1131 3031 coopertus,
1155 2959 1224 3012 tunc
1238 2949 1262 3011 si
1278 2964 1335 3012 rex

99 3051 189 3132 lepidi
215 3053 346 3129 deretur,
368 3055 442 3116 base
463 3055 566 3136 unque
587 3063 693 3136 posset
714 3053 828 3117 dicere:
853 3053 911 3128 Qui
933 3071 981 3114 me
1002 3053 1062 3114 bue
1076 3050 1234 3126 transtulit,
1257 3067 1337 3113 nune

101 3155 236 3218 innuant
257 3173 315 3218 mc.
360 3153 453 3236 igitur
474 3157 540 3236 ipse
561 3173 679 3236 quoque
702 3140 847 3218 Dominus
869 3173 928 3218 non
952 3165 1023 3216 tunc
1044 3168 1113 3215 esse
1135 3153 1243 3232 coepit,
1267 3169 1335 3214 cum

101 3255 245 3320 fundatus
274 3266 318 3319 est
347 3257 507 3336 (siquidem
535 3265 620 3320 sulse
650 3265 714 3318 scol
740 3257 897 3333 Verbum),
931 3255 984 3316 sed
1012 3261 1170 3334 postquam
1198 3263 1335 3337 nostrum

100 3355 198 3420 induit
221 3371 350 3437 eorpus,
380 3359 460 3438 quotl
483 3377 519 3420 er
541 3359 630 3422 bissis
653 3359 806 3422 desectum
828 3358 956 3439 sucepit,
980 3365 1051 3418 tunc
1072 3355 1160 3417 dixit:
1192 3356 1336 3437 susdsoit

99 3477 152 3530 sec,
174 3459 264 3540 'quod
286 3459 365 3521 idem
389 3468 437 3522 ess
457 3475 492 3522 sc
513 3460 539 3521 si
562 3460 689 3524 diceret:
717 3460 774 3534 lle,
797 3459 848 3540 qui
870 3471 936 3524 sun
958 3456 1098 3530 Verbum,
1121 3467 1241 3519 terreno
1264 3473 1336 3517 oor-

99 3579 173 3641 pore
197 3561 366 3641 cooperuit.
411 3561 461 3623 Sic
482 3561 561 3623 eninr
584 3561 648 3636 ille,
672 3563 722 3642 qtri
745 3571 848 3624 nostre
872 3559 1013 3641 suscipit,
1035 3559 1134 3620 nostri
1156 3573 1244 3619 moos
1266 3559 1336 3619 luu-

101 3662 204 3734 eamr,
231 3669 265 3724 ut
286 3681 358 3734 nos,
382 3663 432 3742 qui
455 3661 552 3724 simile
574 3663 719 3726 hebemus
741 3681 867 3744 corpus,
895 3662 993 3725 cernis
1017 3657 1264 3723 similitudine‘in
1279 3655 1337 3750 ¹'cllo

101 3841 454 3916 suttrmrbopmesrp.
478 3850 525 3900 llil
537 3859 560 3900 et
569 3849 625 3900 editi
635 3861 698 3914 ruy-
749 3851 775 3900 ln
799 3849 870 3902 cslltis
895 3863 952 3900 rere
978 3855 1003 3897 ct
1028 3846 1083 3896 rliis
1100 3837 1115 3892 ὃ
1134 3844 1210 3894 deest
1244 3840 1336 3922 lbiclepr

95 3907 227 3984 Ῑᾶνομεν
242 3907 333 3966 αὐτοῦ.
356 3919 415 3969 ibid.
426 3921 499 3980 Sego.
510 3916 696 3969 Gubblelclm.
748 3919 779 3968 Se
798 3918 888 3967 ueriorr.
906 3917 1003 3967 Goblcr.
1022 3923 1046 3964 ct
1063 3913 1168 3962 Fslclm.
1183 3909 1202 3958 l.
1223 3920 1271 3955 susc
1289 3919 1339 3954 nor

102 3985 194 4035 besl.
211 3977 386 4052 &sponoe
416 3987 461 4036 stit
479 3975 697 4049 ereticitrope-
746 3999 793 4036 stoc
820 3977 835 4032 ὅ
862 3976 954 4050 κύριος
984 3972 1038 4060 οὐχι
1064 3971 1110 4056 ὅξε
1135 3970 1338 4056 conspectiores.

99 4047 196 4104 πίνως.
231 4052 282 4102 lter
297 4055 367 4104 Gobl.
380 4062 403 4103 et
418 4053 525 4104 Felclm.
538 4055 558 4102 l.
569 4044 695 4118 lunser.
748 4053 855 4102 Felclm.
866 4052 890 4102 l.
910 4043 1008 4100 οὐκοῦν
1026 4063 1040 4095 ο
1058 4058 1151 4111 sepsos
1168 4055 1219 4108 ουχ
1237 4054 1280 4090 occ
1296 4053 1338 4120 ξε-

131 4121 156 4170 b,
177 4123 223 4170 Sic
242 4121 341 4182 Scsuer.
361 4121 459 4172 Gobler.
478 4120 584 4171 Fclclm.
606 4121 626 4170 l.
639 4120 695 4170 etl.
746 4113 920 4187 consocer.
958 4117 1037 4168 Ceteri
1056 4121 1080 4162 st
1092 4113 1149 4162 editi
1161 4101 1260 4158 οὐκοῦν
1277 4120 1339 4158 oure

98 4175 260 4248 Allieno&
276 4179 373 4252 sipon,
393 4183 529 4254 θεμέλιον.
550 4189 695 4238 Editictrlii
749 4180 763 4236 ὁ
781 4179 874 4252 κύριος
891 4175 937 4240 ὅτε
954 4177 1138 4258 «leptiminus.
1202 4246 1206 4256 Ι

100 4245 148 4302 ⁰5²
166 4247 263 4322 ‘fem
278 4254 356 4320 νοῦν,
376 4251 509 4324 θεμέλιον.
783 4269 814 4304 rs.
833 4255 875 4304 Sic
891 4253 963 4315 Sego.
982 4253 1039 4311 ltep.
1056 4247 1129 4298 llssrl.
1140 4245 1230 4308 sepire
1240 4243 1339 4297 Gobler.

132 4323 148 4372 i.
168 4323 277 4384 Ssgoer.
295 4323 394 4374 llobler.
413 4323 553 4374 retournt.
573 4323 637 4374 etb.
655 4313 695 4372 ἐπ’
749 4320 904 4372 l'clcltmtnni
918 4319 976 4370 lb
996 4316 1057 4396 ‘².⁵·
1077 4323 1172 4392 ctmqox
1189 4307 1266 4379 περιέ
1330 4345 1338 4361 .

98 4381 373 4508 grul-‚Jepdlnsili
392 4389 697 4510 2⁹ff¹itcilpelgkq¹'²'⁰²⁴'
749 4390 793 4442 siti
812 4403 877 4507 eterra
887 4397 920 4508 ‘cll
919 4386 999 4520 ἓξὲξ
998 4395 1060 4434 τοτε
1071 4379 1168 4432 lcum
1176 4373 1243 4450 lbepc
1284 4373 1344 4471 scot=

159 4472 246 4506 αν·
310 4473 442 4509 cresci
520 4471 612 4509 cros.
803 4473 816 4508 ο
999 4491 1004 4502 ,

133 4527 157 4576 l.
178 4527 285 4588 sepner.
304 4527 393 4578 omittit
409 4521 455 4576 eccl
471 4523 630 4594 μετενεχθῇ.
749 4470 809 4576 μη.
827 4469 926 4588 mosee.
946 4522 1043 4575 Goblsr.
1063 4519 1167 4570 Fclclrn.
1184 4520 1206 4569 l.
1226 4525 1249 4570 ct
1267 4517 1291 4567 l.
1311 4506 1322 4536 ²

132 4593 150 4644 l.
177 4594 224 4645 Sis
244 4595 343 4657 sepner.
361 4595 459 4647 Gsblsr.
479 4595 583 4646 Fslclm.
607 4591 699 4646 beto
752 4583 835 4660 step.
871 4593 898 4644 ln
917 4593 971 4644 eliis
990 4599 1014 4643 et
1031 4587 1103 4640 editis
1121 4580 1152 4638 tr
1169 4587 1245 4640 deest.
