3072 5056
481 310 590 354 onarrn
606 311 628 354 r.
644 311 760 356 coum
773 311 910 356 ammos.
1241 303 1297 364 151

95 479 168 524 sores
186 460 335 534 habenam,
358 477 485 540 quornm
509 461 653 524 efficimur
673 460 825 541 discipuli;
856 469 951 526 tamen
975 463 1042 544 quia
1066 484 1110 538 ea,
1131 485 1208 546 quae
1232 478 1389 532 suntuna,
1499 545 1504 556 ¹

94 563 203 636 Christi,
230 581 285 624 nos
306 563 348 626 illi
372 561 494 636 docent,
524 563 684 626 Christiani
712 563 905 626 nihilominus
935 573 964 626 et
986 584 1090 630 sumus
1114 576 1143 629 et
1165 569 1300 633 dicimur.

92 669 121 726 at
140 665 185 743 qui
205 674 367 744 sequnntur
388 664 564 738 haereticae,
588 663 818 726 innumerabiles
841 665 910 727 licet
925 685 1115 730 successores
1131 669 1299 746 habuerint,

92 768 145 830 eins
165 784 280 846 semper
302 765 434 838 nomine,
456 767 507 844 qni
529 764 662 828 haeresis
685 766 822 826 inventor
843 767 907 840 tuit,
934 767 1168 847 appellabuntur.
1213 772 1300 834 Certe

92 868 188 930 etiamsi
208 877 344 930 mortuus
366 867 408 927 sit
427 867 532 940 taius,
561 867 704 947 multique
735 887 771 928 ex
799 867 862 930 sois
886 868 926 930 illi
955 872 1171 946 successerint,
1202 881 1299 936 tamen

93 971 208 1050 quidus
229 976 421 1050 propugnant
442 969 610 1047 opiniones,
633 989 668 1030 ex
690 970 760 1031 Ario
784 969 846 1032 noti
861 969 962 1032 Ariani
984 979 1134 1035 vocantmt
1178 974 1214 1036 Et
1229 993 1298 1038 vero

92 1091 140 1134 non
158 1073 216 1133 leve
237 1071 363 1132 huiusce
385 1071 429 1130 rei
451 1081 658 1150 argumentum
677 1072 749 1134 mihi
773 1091 843 1133 esse
867 1071 990 1148 ridetur,
1012 1074 1091 1152 quod
1115 1075 1164 1154 qni
1185 1077 1299 1138 eGen·

91 1173 174 1236 tilihus
194 1175 279 1236 adam
303 1191 383 1234 nunc
404 1173 440 1234 ad
463 1171 624 1236 Ecclesiam
647 1174 804 1246 accedunt,
834 1173 957 1236 dimissa
979 1174 1127 1237 idolorum
1150 1178 1298 1256 supersti-

89 1277 157 1338 tione
175 1295 234 1336 non
256 1275 387 1347 illorum,
409 1293 425 1334 a
449 1273 557 1354 quibus
579 1275 776 1347 instruuntur,
800 1293 964 1354 cognomen
983 1276 1140 1356 accipiunt,
1164 1277 1217 1338 sed
1232 1277 1299 1340 Sal·

87 1377 192 1450 saturn,
213 1378 251 1440 ita
275 1376 379 1456 utqui
402 1376 534 1438 Gentiles
558 1376 741 1449 dicebantur,
764 1375 923 1438 Christiani
938 1377 1079 1460 incipiant
1094 1378 1203 1440 vocari.
1241 1378 1299 1452 Qut

87 1488 170 1540 autem
190 1480 224 1541 ad
246 1477 316 1540 illos
338 1477 462 1551 abeunt,
492 1478 534 1538 vel
564 1478 731 1558 quicunqne
759 1477 795 1539 ab
817 1477 948 1542 Ecclesia
976 1479 1012 1540 ad
1041 1479 1117 1540 hanc
1149 1480 1383 1542 haeresimrnos.

87 1579 238 1654 discedunt,
267 1577 381 1640 Christi
409 1579 545 1658 deposito
574 1579 695 1640 nomine
716 1579 817 1642 Ariani
846 1579 985 1660 deinceps
1013 1569 1235 1661 nuncupantur,
1267 1590 1300 1644 nt

87 1683 127 1760 qui
146 1682 248 1744 Christi
271 1681 361 1742 iidem
384 1699 444 1742 non
467 1679 593 1759 amplius
615 1680 752 1754 babeant,
776 1681 828 1742 sed
844 1681 905 1743 hrii
921 1682 1031 1744 luroris
1054 1683 1114 1744 sint
1136 1683 1203 1744 lacti
1226 1683 1298 1744 hae-

87 1785 170 1846 redes.

155 2297 183 2356 t.
227 2291 307 2352 Num
330 2291 419 2370 igitur
440 2309 565 2370 aequum
587 2291 691 2365 luerit,
711 2311 774 2356 ,eos
797 2291 982 2354 Christianos
1011 2293 1125 2365 dicere,
1157 2293 1207 2371 qui
1235 2311 1296 2354 non

86 2393 225 2456 Christiani
248 2390 304 2454 sed
326 2392 426 2454 Arium
448 2390 541 2454 snut?
568 2394 613 2454 An
635 2392 671 2454 ad
688 2393 867 2454 Catholicam
889 2392 1051 2455 Ecclesiam
1073 2393 1115 2454 illi
1137 2393 1296 2472 pertinent,

86 2495 125 2572 ιιι
144 2493 341 2576 Apostolicatn
364 2493 450 2554 sidem
474 2501 669 2556 excusserunt
691 2502 722 2556 et
742 2511 887 2556 novorum
911 2493 1055 2556 malornm
1078 2503 1213 2556 auctores
1229 2495 1295 2556 iue-

86 2595 162 2657 rnut?
182 2597 232 2675 qui
254 2595 421 2658 diuitiarum
443 2594 662 2674 Scripturarum
685 2595 811 2656 oraculis
833 2593 943 2656 relictis
964 2595 1027 2656 Arii
1049 2593 1167 2656 Thaliae
1190 2612 1296 2654 noram

86 2697 243 2774 sapientiam
264 2695 437 2778 appellanti
460 2698 538 2776 qnod
555 2698 672 2776 quidem
689 2715 749 2757 non
773 2695 921 2758 immerito
944 2695 1035 2768 aiunt,
1058 2713 1163 2756 noram
1187 2694 1296 2772 quippe

85 2797 214 2862 lineresim
236 2797 425 2860 annuntiant.
470 2799 615 2870 Quocirca
637 2797 738 2858 mirari
761 2797 850 2868 subit,
873 2796 1034 2875 quodcum
1051 2793 1134 2856 multi
1152 2792 1296 2874 plurimos

86 2900 301 2963 commentarios
324 2907 354 2962 et
375 2917 531 2960 sermones
553 2898 728 2978 scripserint
758 2899 789 2960 in
818 2907 900 2960 vetus
929 2906 958 2959 et
986 2915 1095 2958 nornrn
1118 2895 1295 2957 Testamen-

85 3007 144 3070 tum,
164 3021 218 3064 nec
237 3001 319 3083 apud
341 2999 419 3063 ullos
441 3001 485 3061 rei
508 3001 596 3062 etiam
618 3001 696 3080 apud
718 2999 868 3080 graviores
880 2997 1041 3060 Gentilium
1063 3005 1198 3060 auctores
1215 2997 1295 3058 Tha-

85 3097 114 3160 lia
133 3103 311 3182 reperiatur,
339 3103 393 3164 sed
413 3102 450 3164 ab
473 3103 519 3164 his
542 3103 681 3165 duntaxat
703 3102 798 3165 soleat
824 3101 976 3174 adhiberi,
1007 3100 1056 3180 qui
1085 3100 1163 3160 iuter
1191 3099 1297 3180 pocula

86 3221 140 3262 rum
159 3205 263 3284 plausu
295 3213 325 3266 et
353 3203 465 3266 l'acetiis
499 3205 553 3266 ista
577 3206 606 3266 in
627 3204 705 3266 ludis
729 3213 852 3278 canum,
888 3213 920 3265 nt
948 3203 983 3264 ah
1011 3201 1076 3262 aliis
1101 3201 1297 3274 irrideantur,

85 3302 209 3368 mirificus
231 3305 321 3368 brine
344 3304 418 3366 nihil
440 3306 599 3368 honestum
622 3314 762 3379 sectams,
785 3307 845 3368 imo
868 3305 998 3384 ignarus,
1022 3303 1092 3383 qnid
1110 3303 1223 3384 probos
1238 3303 1295 3364 hn-

86 3403 166 3466 urinas
187 3407 309 3480 deceat,
336 3407 552 3496 maximamque
573 3415 687 3487 partem
710 3408 831 3470 aliarum
854 3407 1011 3468 haeresum
1040 3406 1169 3478 iuratus,
1202 3403 1296 3466 solius

87 3503 197 3570 Sotadae
218 3507 363 3572 amanites
385 3508 505 3572 facetias
528 3509 692 3572 aemulatus
715 3509 779 3571 init.
825 3509 901 3582 Quid
924 3508 1003 3568 enim
1026 3525 1093 3568 eum
1116 3524 1204 3586 agere
1222 3523 1296 3565 con-

87 3609 218 3684 veniebat,
245 3609 415 3690 cupientem
443 3619 545 3672 contra
569 3610 727 3672 [lominum
750 3610 925 3689 tripudiare,
954 3627 1041 3688 quam
1070 3607 1196 3669 miseras
1225 3622 1297 3666 suae

88 3785 251 3861 tirrheno.
288 3797 348 3874 lbid'.
368 3797 467 3858 Segner.
485 3790 658 3863 parasitor—
710 3811 780 3844 manu
799 3789 934 3876 dultinc,
949 3802 980 3872 ‘nt
1004 3802 1028 3842 et
1052 3792 1127 3868 hebet¹
1145 3790 1248 3904 aepier.
1274 3797 1298 3837 et

87 3859 656 3998 tt,tantillitatemlui
710 3861 1073 3992 “tf“rnttrnatt.
1087 3859 1170 4002 “tta
1196 3869 1295 3986 dita.

87 3993 370 4074 anapauomenon.
413 4001 464 4048 hot
488 4001 588 4062 Segora.
612 3993 658 4047 arni
710 3997 807 4074 Gobler.
819 3996 958 4075 Fplcltml.
975 3988 1073 4053 καινὴν
1089 4006 1144 4069 ynp
1163 3991 1295 4070 ‘bamili

87 4055 220 4142 lampade,
257 4067 536 4146 Conler.ptt'elchm.l.
556 4058 656 4146 drapo,
709 4074 733 4116 et
751 4065 790 4114 ahi
808 4077 863 4132 γαρ
883 4071 1003 4114 omittunt.
1039 4063 1296 4122 uegiueanrvovaa

87 4141 124 4203 ξαι
140 4131 271 4214 Apaturos,
291 4130 447 4186 καλουνται.
484 4137 527 4186 illu
553 4143 576 4184 at
599 4135 657 4186 editt
709 4145 785 4203 pactu
801 4125 1098 4246 '‘amyrin‘’”ss'm'o
1134 4201 1173 4246 m
1190 4193 1254 4246 idem
1272 4204 1296 4248 st

88 4197 289 4360 ”ffirw
304 4211 351 4354 ἴα
711 4201 992 4320 ad135⁸ii‘iii{ii‘.'
1007 4263 1029 4313 t.
1048 4209 1166 4316 amidae.
1201 4263 1246 4314 tur
1268 4272 1296 4342 p

89 4305 659 4420 tatium,[ww“U's‘w‘r'fflmer'et
710 4337 767 4452 edil„
785 4329 966 4452 mmm
1044 4399 1140 4449 ,m
1196 4395 1262 4448 ¹2

117 4467 135 4516 b.
159 4470 256 4534 Segasa.
280 4467 316 4521 τὰ
343 4467 395 4538 pta
418 4469 542 4539 Χριστοῦ
569 4465 658 4537 λόγια.
710 4404 1052 4532 τᾶτιοιειξευιειξὲιίιῗΐέῐῖιυῖ,
1073 4413 1181 4517 ἳῗῖιωῡ..
1199 4411 1296 4516 iord

91 4529 365 4602 terminarentur,
386 4547 409 4592 et
427 4543 457 4592 ad
468 4541 601 4604 marginem
611 4541 658 4592 alia
710 4551 767 4589 too.
801 4537 880 4588 Editio
900 4537 1015 4588 Commel.
1034 4527 1175 4586 Zurddon.
