<?xml version="1.0" encoding="UTF-8"?>
<!DOCTYPE html PUBLIC "-//W3C//DTD XHTML 1.0 Transitional//EN"
    "http://www.w3.org/TR/xhtml1/DTD/xhtml1-transitional.dtd">
<html xmlns="http://www.w3.org/1999/xhtml" xml:lang="en" lang="en">
 <head>
  <title>
</title>
<meta http-equiv="Content-Type" content="text/html;charset=utf-8" />
  <meta name='ocr-system' content='tesseract 3.04.00' />
  <meta name='ocr-capabilities' content='ocr_page ocr_carea ocr_par ocr_line ocrx_word'/>
</head>
<body>
  <div class='ocr_page' id='page_1' title='image "./sanctiathanasii01athagoog_0103.png"; bbox 0 0 3072 5056; ppageno 0'>
   <div class='ocr_carea' id='block_1_1' title="bbox 253 323 1089 410">
    <p class='ocr_par' dir='ltr' id='par_1_1' title="bbox 253 232 1519 450">
     <span class='ocr_line' id='line_1_1' title="bbox 253 323 1089 410; baseline -0.009 -22"><span class='ocrx_word' id='word_1_1' title='bbox 253 323 296 388; x_wconf 74' lang='lat'><strong><em>54</em></strong></span> <span class='ocrx_word' id='word_1_2' title='bbox 455 403 458 410; x_wconf 15' lang='grc' dir='ltr'><strong><em>Δ</em></strong></span> <span class='ocrx_word' id='word_1_3' title='bbox 654 337 681 381; x_wconf 81' lang='grc' dir='ltr'><strong><em>ο.</em></strong></span> <span class='ocrx_word' id='word_1_4' title='bbox 697 337 850 380; x_wconf 78' lang='grc' dir='ltr'><strong><em>ιτυιαιειι</em></strong></span> <span class='ocrx_word' id='word_1_5' title='bbox 864 337 1089 382; x_wconf 74' lang='grc' dir='ltr'><strong><em>κυουιευιεοουι</em></strong></span> 
     </span>
    </p>
   </div>
   <div class='ocr_carea' id='block_1_2' title="bbox 156 479 1524 4410">
    <p class='ocr_par' dir='ltr' id='par_1_2' title="bbox 168 451 1521 1388">
     <span class='ocr_line' id='line_1_2' title="bbox 168 479 1463 575; baseline -0.002 -24"><span class='ocrx_word' id='word_1_6' title='bbox 168 492 390 575; x_wconf 61' lang='grc' dir='ltr'><strong><em>κακουργίας</em></strong></span> <span class='ocrx_word' id='word_1_7' title='bbox 415 484 509 572; x_wconf 89' lang='grc' dir='ltr'><strong><em>χάριν</em></strong></span> <span class='ocrx_word' id='word_1_8' title='bbox 531 481 589 572; x_wconf 86' lang='grc' dir='ltr'><strong><em>τῆς</em></strong></span> <span class='ocrx_word' id='word_1_9' title='bbox 610 483 704 570; x_wconf 86' lang='grc' dir='ltr'><strong><em>παρὰ</em></strong></span> <span class='ocrx_word' id='word_1_10' title='bbox 725 487 809 554; x_wconf 81' lang='grc' dir='ltr'><strong><em>θεοῦ</em></strong></span> <span class='ocrx_word' id='word_1_11' title='bbox 831 490 1005 572; x_wconf 78' lang='grc' dir='ltr'><em>γενομένης</em></span> <span class='ocrx_word' id='word_1_12' title='bbox 1026 479 1115 551; x_wconf 84' lang='grc' dir='ltr'><strong><em>ταῦτ’</em></strong></span> <span class='ocrx_word' id='word_1_13' title='bbox 1141 485 1262 573; x_wconf 87' lang='grc' dir='ltr'><strong><em>ε’ίρηκε,</em></strong></span> <span class='ocrx_word' id='word_1_14' title='bbox 1286 488 1339 553; x_wconf 79' lang='grc' dir='ltr'><strong><em>καί</em></strong></span> <span class='ocrx_word' id='word_1_15' title='bbox 1362 481 1398 553; x_wconf 83' lang='grc' dir='ltr'><strong><em>οὗ</em></strong></span> <span class='ocrx_word' id='word_1_16' title='bbox 1417 487 1463 554; x_wconf 83' lang='grc' dir='ltr'><strong><em>διο</em></strong></span> 
     </span>
     <span class='ocr_line' id='line_1_3' title="bbox 253 580 1463 674; baseline -0.002 -18"><span class='ocrx_word' id='word_1_17' title='bbox 253 589 293 655; x_wconf 88' lang='grc' dir='ltr'><strong><em>τὸ</em></strong></span> <span class='ocrx_word' id='word_1_18' title='bbox 316 583 402 656; x_wconf 73' lang='grc' dir='ltr'><strong><em>εἶναι</em></strong></span> <span class='ocrx_word' id='word_1_19' title='bbox 422 585 477 654; x_wconf 82' lang='grc' dir='ltr'><strong><em>καὶ</em></strong></span> <span class='ocrx_word' id='word_1_20' title='bbox 499 585 541 654; x_wconf 84' lang='grc' dir='ltr'><strong><em>τὰ</em></strong></span> <span class='ocrx_word' id='word_1_21' title='bbox 561 584 682 666; x_wconf 85' lang='grc' dir='ltr'><strong><em>πάντα,</em></strong></span> <span class='ocrx_word' id='word_1_22' title='bbox 707 580 752 664; x_wconf 87' lang='grc' dir='ltr'><strong><em>ῶς</em></strong></span> <span class='ocrx_word' id='word_1_23' title='bbox 774 584 864 653; x_wconf 68' lang='grc' dir='ltr'><strong><em>ἔστιν</em></strong></span> <span class='ocrx_word' id='word_1_24' title='bbox 886 581 905 652; x_wconf 88' lang='grc' dir='ltr'><strong><em>ό</em></strong></span> <span class='ocrx_word' id='word_1_25' title='bbox 927 585 999 665; x_wconf 85' lang='grc' dir='ltr'><strong><em>υίὸς</em></strong></span> <span class='ocrx_word' id='word_1_26' title='bbox 1021 585 1056 653; x_wconf 83' lang='grc' dir='ltr'><strong><em>ίκ</em></strong></span> <span class='ocrx_word' id='word_1_27' title='bbox 1076 590 1135 653; x_wconf 81' lang='grc' dir='ltr'><strong><em>τοῦ</em></strong></span> <span class='ocrx_word' id='word_1_28' title='bbox 1158 585 1294 674; x_wconf 85' lang='grc' dir='ltr'><strong><em>πατρός.</em></strong></span> <span class='ocrx_word' id='word_1_29' title='bbox 1330 584 1402 655; x_wconf 85' lang='grc' dir='ltr'><strong><em>σύτε</em></strong></span> <span class='ocrx_word' id='word_1_30' title='bbox 1415 587 1463 674; x_wconf 84' lang='grc' dir='ltr'><strong><em>γάρ</em></strong></span> 
     </span>
     <span class='ocr_line' id='line_1_4' title="bbox 253 681 1464 774; baseline -0.001 -18"><span class='ocrx_word' id='word_1_31' title='bbox 253 689 296 757; x_wconf 84' lang='grc' dir='ltr'><strong><em>τὰ</em></strong></span> <span class='ocrx_word' id='word_1_32' title='bbox 317 689 429 757; x_wconf 87' lang='grc' dir='ltr'><strong><em>πάντα</em></strong></span> <span class='ocrx_word' id='word_1_33' title='bbox 451 683 496 768; x_wconf 87' lang='grc' dir='ltr'><strong><em>ῶς</em></strong></span> <span class='ocrx_word' id='word_1_34' title='bbox 518 683 536 754; x_wconf 88' lang='grc' dir='ltr'><strong><em>ὁ</em></strong></span> <span class='ocrx_word' id='word_1_35' title='bbox 558 687 639 767; x_wconf 78' lang='grc' dir='ltr'><strong><em>υἱός,</em></strong></span> <span class='ocrx_word' id='word_1_36' title='bbox 663 684 739 754; x_wconf 81' lang='grc' dir='ltr'><strong><em>οότε</em></strong></span> <span class='ocrx_word' id='word_1_37' title='bbox 761 682 779 752; x_wconf 86' lang='grc' dir='ltr'>ὁ</span> <span class='ocrx_word' id='word_1_38' title='bbox 802 685 899 773; x_wconf 81' lang='grc' dir='ltr'><strong><em>λόγος</em></strong></span> <span class='ocrx_word' id='word_1_39' title='bbox 921 681 969 766; x_wconf 79' lang='grc' dir='ltr'><strong><em>εἷς</em></strong></span> <span class='ocrx_word' id='word_1_40' title='bbox 990 690 1058 754; x_wconf 88' lang='grc' dir='ltr'><strong><em>τῶν</em></strong></span> <span class='ocrx_word' id='word_1_41' title='bbox 1079 686 1215 756; x_wconf 89' lang='grc' dir='ltr'><strong><em>πάντων</em></strong></span> <span class='ocrx_word' id='word_1_42' title='bbox 1231 689 1318 756; x_wconf 86' lang='grc' dir='ltr'><strong><em>έστί·</em></strong></span> <span class='ocrx_word' id='word_1_43' title='bbox 1340 688 1464 774; x_wconf 84' lang='grc' dir='ltr'><strong><em>τῶνγὰρ</em></strong></span> 
     </span>
     <span class='ocr_line' id='line_1_5' title="bbox 253 786 1465 879; baseline -0.002 -21"><span class='ocrx_word' id='word_1_44' title='bbox 253 790 390 858; x_wconf 85' lang='grc' dir='ltr'><strong><em>πάντων</em></strong></span> <span class='ocrx_word' id='word_1_45' title='bbox 417 789 530 876; x_wconf 87' lang='grc' dir='ltr'><strong><em>κύριος</em></strong></span> <span class='ocrx_word' id='word_1_46' title='bbox 556 791 610 856; x_wconf 86' lang='grc' dir='ltr'><strong><em>καί</em></strong></span> <span class='ocrx_word' id='word_1_47' title='bbox 639 786 836 875; x_wconf 83' lang='grc' dir='ltr'><strong><em>δημιουργός</em></strong></span> <span class='ocrx_word' id='word_1_48' title='bbox 865 786 945 855; x_wconf 83' lang='grc' dir='ltr'><strong><em>ίστι.</em></strong></span> <span class='ocrx_word' id='word_1_49' title='bbox 992 787 1049 854; x_wconf 86' lang='grc' dir='ltr'><strong><em>διά</em></strong></span> <span class='ocrx_word' id='word_1_50' title='bbox 1077 791 1175 856; x_wconf 83' lang='grc' dir='ltr'><strong><em>τοῦτο</em></strong></span> <span class='ocrx_word' id='word_1_51' title='bbox 1202 788 1263 876; x_wconf 86' lang='grc' dir='ltr'><strong><em>γὰρ</em></strong></span> <span class='ocrx_word' id='word_1_52' title='bbox 1285 792 1339 857; x_wconf 78' lang='grc' dir='ltr'><strong><em>καὶ</em></strong></span> <span class='ocrx_word' id='word_1_53' title='bbox 1361 786 1380 879; x_wconf 81' lang='grc' dir='ltr'><em>ἦ</em></span> <span class='ocrx_word' id='word_1_54' title='bbox 1402 786 1465 875; x_wconf 86' lang='grc' dir='ltr'><strong><em>άγίο</em></strong></span> 
     </span>
     <span class='ocr_line' id='line_1_6' title="bbox 255 884 1520 1024; baseline -0.002 -64"><span class='ocrx_word' id='word_1_55' title='bbox 255 893 394 972; x_wconf 80' lang='grc' dir='ltr'><strong><em>σύνοδος</em></strong></span> <span class='ocrx_word' id='word_1_56' title='bbox 415 891 604 1024; x_wconf 53' lang='grc' dir='ltr'><strong><em>λεοκόῦερον</em></strong></span> <span class='ocrx_word' id='word_1_57' title='bbox 627 891 752 977; x_wconf 81' lang='grc' dir='ltr'><strong><em>ε’όρηκεν</em></strong></span> <span class='ocrx_word' id='word_1_58' title='bbox 775 888 811 956; x_wconf 80' lang='grc' dir='ltr'><strong><em>ἐκ</em></strong></span> <span class='ocrx_word' id='word_1_59' title='bbox 831 892 889 976; x_wconf 82' lang='grc' dir='ltr'><strong><em>τῆς</em></strong></span> <span class='ocrx_word' id='word_1_60' title='bbox 911 886 1026 969; x_wconf 87' lang='grc' dir='ltr'><strong><em>ούσίας</em></strong></span> <span class='ocrx_word' id='word_1_61' title='bbox 1048 884 1149 958; x_wconf 83' lang='grc' dir='ltr'><strong><em>αάτὸν</em></strong></span> <span class='ocrx_word' id='word_1_62' title='bbox 1172 885 1327 960; x_wconf 82' lang='grc' dir='ltr'><strong><em>ελναιτοό</em></strong></span> <span class='ocrx_word' id='word_1_63' title='bbox 1344 890 1464 974; x_wconf 86' lang='grc' dir='ltr'><strong><em>πατρός,</em></strong></span> <span class='ocrx_word' id='word_1_64' title='bbox 1519 907 1520 926; x_wconf 64' lang='lat'><strong>³</strong></span> 
     </span>
     <span class='ocr_line' id='line_1_7' title="bbox 254 987 1466 1079; baseline -0.002 -17"><span class='ocrx_word' id='word_1_65' title='bbox 254 995 311 1062; x_wconf 78' lang='grc' dir='ltr'><strong><em>ἵνα</em></strong></span> <span class='ocrx_word' id='word_1_66' title='bbox 331 996 386 1062; x_wconf 80' lang='grc' dir='ltr'><strong><em>καί</em></strong></span> <span class='ocrx_word' id='word_1_67' title='bbox 408 991 508 1072; x_wconf 83' lang='grc' dir='ltr'><strong><em>ἀλλος</em></strong></span> <span class='ocrx_word' id='word_1_68' title='bbox 529 992 623 1078; x_wconf 84' lang='grc' dir='ltr'><strong><em>παρὰ</em></strong></span> <span class='ocrx_word' id='word_1_69' title='bbox 644 990 703 1078; x_wconf 81' lang='grc' dir='ltr'><strong><em>τὴν</em></strong></span> <span class='ocrx_word' id='word_1_70' title='bbox 723 992 791 1057; x_wconf 90' lang='grc' dir='ltr'><strong><em>τῶν</em></strong></span> <span class='ocrx_word' id='word_1_71' title='bbox 812 994 955 1078; x_wconf 77' lang='grc' dir='ltr'><strong><em>γενητῶν</em></strong></span> <span class='ocrx_word' id='word_1_72' title='bbox 978 990 1080 1079; x_wconf 84' lang='grc' dir='ltr'><strong><em>φύσιν</em></strong></span> <span class='ocrx_word' id='word_1_73' title='bbox 1102 987 1234 1078; x_wconf 88' lang='grc' dir='ltr'><strong><em>όλόγος</em></strong></span> <span class='ocrx_word' id='word_1_74' title='bbox 1249 987 1466 1060; x_wconf 80' lang='grc' dir='ltr'><strong><em>ελναιπιστευ-</em></strong></span> 
     </span>
     <span class='ocr_line' id='line_1_8' title="bbox 252 1087 1467 1186; baseline -0.003 -24"><span class='ocrx_word' id='word_1_75' title='bbox 252 1099 318 1186; x_wconf 81' lang='grc' dir='ltr'><strong><em>θῇ,</em></strong></span> <span class='ocrx_word' id='word_1_76' title='bbox 347 1094 448 1181; x_wconf 88' lang='grc' dir='ltr'><strong><em>μόνος</em></strong></span> <span class='ocrx_word' id='word_1_77' title='bbox 476 1087 522 1160; x_wconf 87' lang='grc' dir='ltr'><strong><em>ῶν</em></strong></span> <span class='ocrx_word' id='word_1_78' title='bbox 547 1087 689 1180; x_wconf 87' lang='grc' dir='ltr'><strong><em>Ιἀληθῶς</em></strong></span> <span class='ocrx_word' id='word_1_79' title='bbox 718 1089 753 1159; x_wconf 78' lang='grc' dir='ltr'><strong><em>ἐκ</em></strong></span> <span class='ocrx_word' id='word_1_80' title='bbox 780 1095 839 1159; x_wconf 81' lang='grc' dir='ltr'><strong><em>τοῦ</em></strong></span> <span class='ocrx_word' id='word_1_81' title='bbox 860 1095 962 1172; x_wconf 84' lang='grc' dir='ltr'><strong><em>θεοῦ,</em></strong></span> <span class='ocrx_word' id='word_1_82' title='bbox 991 1093 1045 1159; x_wconf 83' lang='grc' dir='ltr'><strong><em>καί</em></strong></span> <span class='ocrx_word' id='word_1_83' title='bbox 1059 1099 1183 1176; x_wconf 82' lang='grc' dir='ltr'><strong><em>μηκέτι</em></strong></span> <span class='ocrx_word' id='word_1_84' title='bbox 1203 1093 1376 1181; x_wconf 86' lang='grc' dir='ltr'><strong><em>πρόφασις</em></strong></span> <span class='ocrx_word' id='word_1_85' title='bbox 1396 1093 1467 1180; x_wconf 88' lang='grc' dir='ltr'><strong><em>πρὸς</em></strong></span> 
     </span>
     <span class='ocr_line' id='line_1_9' title="bbox 253 1185 1466 1286; baseline -0.003 -22"><span class='ocrx_word' id='word_1_86' title='bbox 253 1192 384 1286; x_wconf 79' lang='grc' dir='ltr'><strong><em>ἀπάτην</em></strong></span> <span class='ocrx_word' id='word_1_87' title='bbox 405 1191 720 1282; x_wconf 84' lang='grc' dir='ltr'><strong><em>·όπολειφθήσηται</em></strong></span> <span class='ocrx_word' id='word_1_88' title='bbox 740 1203 812 1273; x_wconf 80' lang='grc' dir='ltr'><strong><em>τοῖς</em></strong></span> <span class='ocrx_word' id='word_1_89' title='bbox 835 1188 1002 1280; x_wconf 80' lang='grc' dir='ltr'><strong><em>ἀσεβοῦσι.</em></strong></span> <span class='ocrx_word' id='word_1_90' title='bbox 1040 1197 1117 1281; x_wconf 83' lang='grc' dir='ltr'><strong><em>περὶ</em></strong></span> <span class='ocrx_word' id='word_1_91' title='bbox 1139 1197 1199 1280; x_wconf 81' lang='grc' dir='ltr'><strong><em>μὲν</em></strong></span> <span class='ocrx_word' id='word_1_92' title='bbox 1222 1185 1280 1264; x_wconf 78' lang='grc' dir='ltr'><strong><em>οὖν</em></strong></span> <span class='ocrx_word' id='word_1_93' title='bbox 1295 1199 1355 1262; x_wconf 82' lang='grc' dir='ltr'><strong><em>τοῦ</em></strong></span> <span class='ocrx_word' id='word_1_94' title='bbox 1369 1193 1466 1282; x_wconf 88' lang='grc' dir='ltr'><strong><em>γεγρά-</em></strong></span> 
     </span>
     <span class='ocr_line' id='line_1_10' title="bbox 253 1289 1152 1388; baseline -0.008 -21"><span class='ocrx_word' id='word_1_95' title='bbox 253 1305 346 1388; x_wconf 79' lang='grc' dir='ltr'><strong><em>φθαι</em></strong></span> <span class='ocrx_word' id='word_1_96' title='bbox 368 1299 403 1368; x_wconf 76' lang='grc' dir='ltr'><strong><em>ἐκ</em></strong></span> <span class='ocrx_word' id='word_1_97' title='bbox 423 1302 482 1388; x_wconf 80' lang='grc' dir='ltr'><strong><em>τῆς</em></strong></span> <span class='ocrx_word' id='word_1_98' title='bbox 504 1289 621 1374; x_wconf 84' lang='grc' dir='ltr'><strong><em>ούσίας</em></strong></span> <span class='ocrx_word' id='word_1_99' title='bbox 642 1290 661 1359; x_wconf 73' lang='grc' dir='ltr'><strong><em>τ’</em></strong></span> <span class='ocrx_word' id='word_1_100' title='bbox 685 1294 859 1382; x_wconf 83' lang='grc' dir='ltr'><strong><em>πρόφασις</em></strong></span> <span class='ocrx_word' id='word_1_101' title='bbox 881 1291 972 1383; x_wconf 71' lang='grc' dir='ltr'><strong><em>αὕτη.</em></strong></span> <span class='ocrx_word' id='word_1_102' title='bbox 1149 1305 1152 1313; x_wconf 88' lang='grc'><strong>“</strong></span> 
     </span>
    </p>

    <p class='ocr_par' dir='ltr' id='par_1_3' title="bbox 252 1393 1522 2094">
     <span class='ocr_line' id='line_1_11' title="bbox 338 1393 1467 1487; baseline -0.005 -19"><span class='ocrx_word' id='word_1_103' title='bbox 338 1407 389 1468; x_wconf 78' lang='grc'><strong><em>20.</em></strong></span> <span class='ocrx_word' id='word_1_104' title='bbox 439 1401 514 1464; x_wconf 88' lang='grc' dir='ltr'><strong><em>Τῶν</em></strong></span> <span class='ocrx_word' id='word_1_105' title='bbox 536 1398 577 1464; x_wconf 84' lang='grc' dir='ltr'><strong><em>δὲ’</em></strong></span> <span class='ocrx_word' id='word_1_106' title='bbox 595 1393 790 1463; x_wconf 78' lang='grc' dir='ltr'><strong><em>ἐπισκόπων</em></strong></span> <span class='ocrx_word' id='word_1_107' title='bbox 812 1395 916 1465; x_wconf 88' lang='grc' dir='ltr'><strong><em>πάλιν</em></strong></span> <span class='ocrx_word' id='word_1_108' title='bbox 938 1397 1116 1482; x_wconf 85' lang='grc' dir='ltr'><strong><em>λεγόντων,</em></strong></span> <span class='ocrx_word' id='word_1_109' title='bbox 1147 1398 1216 1464; x_wconf 86' lang='grc' dir='ltr'><strong><em>δεῖν</em></strong></span> <span class='ocrx_word' id='word_1_110' title='bbox 1237 1401 1403 1487; x_wconf 85' lang='grc' dir='ltr'><strong><em>γραφῆναι</em></strong></span> <span class='ocrx_word' id='word_1_111' title='bbox 1422 1395 1467 1462; x_wconf 88' lang='grc' dir='ltr'><strong><em>δό·</em></strong></span> 
     </span>
     <span class='ocr_line' id='line_1_12' title="bbox 252 1493 1466 1586; baseline -0.007 -18"><span class='ocrx_word' id='word_1_112' title='bbox 252 1525 352 1585; x_wconf 86' lang='grc' dir='ltr'><strong><em>ναμιν</em></strong></span> <span class='ocrx_word' id='word_1_113' title='bbox 382 1493 545 1586; x_wconf 76' lang='grc' dir='ltr'><strong><em>ἀληθινὴν</em></strong></span> <span class='ocrx_word' id='word_1_114' title='bbox 566 1499 621 1564; x_wconf 84' lang='grc' dir='ltr'><strong><em>καί</em></strong></span> <span class='ocrx_word' id='word_1_115' title='bbox 644 1494 755 1564; x_wconf 77' lang='grc' dir='ltr'><strong><em>εἰκόνα</em></strong></span> <span class='ocrx_word' id='word_1_116' title='bbox 775 1501 834 1564; x_wconf 83' lang='grc' dir='ltr'><strong><em>τοῦ</em></strong></span> <span class='ocrx_word' id='word_1_117' title='bbox 857 1497 985 1586; x_wconf 87' lang='grc' dir='ltr'><strong><em>πατρὸς</em></strong></span> <span class='ocrx_word' id='word_1_118' title='bbox 1006 1498 1064 1565; x_wconf 89' lang='grc' dir='ltr'><strong><em>τὸν</em></strong></span> <span class='ocrx_word' id='word_1_119' title='bbox 1088 1497 1184 1586; x_wconf 89' lang='grc' dir='ltr'><strong><em>λόγον</em></strong></span> <span class='ocrx_word' id='word_1_120' title='bbox 1191 1550 1200 1581; x_wconf 95' lang='grc'><strong><em>,</em></strong></span> <span class='ocrx_word' id='word_1_121' title='bbox 1231 1495 1350 1584; x_wconf 82' lang='grc' dir='ltr'><strong><em>ὅμοιόν</em></strong></span> <span class='ocrx_word' id='word_1_122' title='bbox 1371 1501 1466 1564; x_wconf 77' lang='grc' dir='ltr'><strong><em>τεκαὶ</em></strong></span> 
     </span>
     <span class='ocr_line' id='line_1_13' title="bbox 255 1592 1466 1688; baseline -0.002 -22"><span class='ocrx_word' id='word_1_123' title='bbox 255 1596 509 1688; x_wconf 75' lang='grc' dir='ltr'><strong><em>ἀπαράλλακτον</em></strong></span> <span class='ocrx_word' id='word_1_124' title='bbox 532 1592 632 1665; x_wconf 86' lang='grc' dir='ltr'><strong><em>αότὸν</em></strong></span> <span class='ocrx_word' id='word_1_125' title='bbox 653 1597 737 1665; x_wconf 85' lang='grc' dir='ltr'><strong><em>κατὰ</em></strong></span> <span class='ocrx_word' id='word_1_126' title='bbox 759 1597 871 1666; x_wconf 91' lang='grc' dir='ltr'><strong><em>πάντα</em></strong></span> <span class='ocrx_word' id='word_1_127' title='bbox 892 1603 938 1686; x_wconf 79' lang='grc' dir='ltr'><strong><em>τῷ</em></strong></span> <span class='ocrx_word' id='word_1_128' title='bbox 962 1603 1066 1686; x_wconf 86' lang='grc' dir='ltr'><strong><em>πατρὶ</em></strong></span> <span class='ocrx_word' id='word_1_129' title='bbox 1087 1603 1140 1666; x_wconf 79' lang='grc' dir='ltr'><strong><em>καί</em></strong></span> <span class='ocrx_word' id='word_1_130' title='bbox 1164 1598 1330 1686; x_wconf 85' lang='grc' dir='ltr'><strong><em>ἀτρεπτον</em></strong></span> <span class='ocrx_word' id='word_1_131' title='bbox 1351 1603 1402 1666; x_wconf 81' lang='grc' dir='ltr'><strong><em>καί</em></strong></span> <span class='ocrx_word' id='word_1_132' title='bbox 1426 1593 1466 1664; x_wconf 79' lang='grc' dir='ltr'><strong><em>άεί</em></strong></span> 
     </span>
     <span class='ocr_line' id='line_1_14' title="bbox 252 1689 1467 1788; baseline -0.005 -20"><span class='ocrx_word' id='word_1_133' title='bbox 252 1704 308 1768; x_wconf 83' lang='grc' dir='ltr'><strong><em>καί</em></strong></span> <span class='ocrx_word' id='word_1_134' title='bbox 336 1700 371 1770; x_wconf 83' lang='grc' dir='ltr'><strong><em>έν</em></strong></span> <span class='ocrx_word' id='word_1_135' title='bbox 399 1695 488 1788; x_wconf 81' lang='grc' dir='ltr'><strong><em>αύτῷ</em></strong></span> <span class='ocrx_word' id='word_1_136' title='bbox 519 1695 605 1768; x_wconf 76' lang='grc' dir='ltr'><strong><em>εἶναι</em></strong></span> <span class='ocrx_word' id='word_1_137' title='bbox 626 1695 840 1787; x_wconf 86' lang='grc' dir='ltr'><strong><em>ἀδιαιρέτως·</em></strong></span> <span class='ocrx_word' id='word_1_138' title='bbox 864 1696 1026 1769; x_wconf 81' lang='grc' dir='ltr'><strong><em>οὐδέποτε</em></strong></span> <span class='ocrx_word' id='word_1_139' title='bbox 1046 1699 1108 1788; x_wconf 83' lang='grc' dir='ltr'><strong><em>γὰρ</em></strong></span> <span class='ocrx_word' id='word_1_140' title='bbox 1131 1697 1189 1770; x_wconf 87' lang='grc' dir='ltr'><strong><em>ούκ</em></strong></span> <span class='ocrx_word' id='word_1_141' title='bbox 1210 1693 1265 1788; x_wconf 83' lang='grc' dir='ltr'><strong><em>ἦν,</em></strong></span> <span class='ocrx_word' id='word_1_142' title='bbox 1297 1699 1381 1769; x_wconf 81' lang='grc' dir='ltr'><strong><em>ἀλλὰ</em></strong></span> <span class='ocrx_word' id='word_1_143' title='bbox 1401 1689 1467 1786; x_wconf 79' lang='grc' dir='ltr'><strong><em>ἦνό</em></strong></span> 
     </span>
     <span class='ocr_line' id='line_1_15' title="bbox 252 1797 1522 1891; baseline -0.002 -21"><span class='ocrx_word' id='word_1_144' title='bbox 252 1803 350 1890; x_wconf 80' lang='grc' dir='ltr'><strong><em>λόγος</em></strong></span> <span class='ocrx_word' id='word_1_145' title='bbox 372 1799 434 1884; x_wconf 85' lang='grc' dir='ltr'><strong><em>ἀεί,</em></strong></span> <span class='ocrx_word' id='word_1_146' title='bbox 457 1799 614 1888; x_wconf 79' lang='grc' dir='ltr'><strong><em>ὑπάρχων</em></strong></span> <span class='ocrx_word' id='word_1_147' title='bbox 635 1797 753 1881; x_wconf 88' lang='grc' dir='ltr'><strong><em>άϊδίως</em></strong></span> <span class='ocrx_word' id='word_1_148' title='bbox 774 1801 867 1889; x_wconf 85' lang='grc' dir='ltr'><strong><em>παρὰ</em></strong></span> <span class='ocrx_word' id='word_1_149' title='bbox 882 1807 929 1890; x_wconf 81' lang='grc' dir='ltr'><strong><em>τῷ</em></strong></span> <span class='ocrx_word' id='word_1_150' title='bbox 945 1810 1059 1887; x_wconf 88' lang='grc' dir='ltr'><strong><em>πατρί,</em></strong></span> <span class='ocrx_word' id='word_1_151' title='bbox 1083 1799 1128 1882; x_wconf 87' lang='grc' dir='ltr'><strong><em>ῶς</em></strong></span> <span class='ocrx_word' id='word_1_152' title='bbox 1140 1798 1345 1890; x_wconf 75' lang='grc' dir='ltr'><strong><em>ἀπαύγασμα</em></strong></span> <span class='ocrx_word' id='word_1_153' title='bbox 1356 1800 1467 1891; x_wconf 81' lang='grc' dir='ltr'><strong><em>φωτός·</em></strong></span> <span class='ocrx_word' id='word_1_154' title='bbox 1521 1799 1522 1808; x_wconf 65' lang='grc'>’</span> 
     </span>
     <span class='ocr_line' id='line_1_16' title="bbox 254 1898 1467 1991; baseline 0.001 -21"><span class='ocrx_word' id='word_1_155' title='bbox 254 1905 287 1971; x_wconf 85' lang='grc' dir='ltr'><strong><em>οί</em></strong></span> <span class='ocrx_word' id='word_1_156' title='bbox 309 1907 387 1991; x_wconf 86' lang='grc' dir='ltr'><strong><em>περί</em></strong></span> <span class='ocrx_word' id='word_1_157' title='bbox 405 1899 566 1988; x_wconf 79' lang='grc' dir='ltr'><strong><em>Εὖοέβιον</em></strong></span> <span class='ocrx_word' id='word_1_158' title='bbox 588 1898 755 1989; x_wconf 77' lang='grc' dir='ltr'><strong><em>ἠνείχοντο</em></strong></span> <span class='ocrx_word' id='word_1_159' title='bbox 776 1906 837 1988; x_wconf 84' lang='grc' dir='ltr'><strong><em>μέν</em></strong></span> <span class='ocrx_word' id='word_1_160' title='bbox 858 1903 903 1990; x_wconf 85' lang='grc' dir='ltr'><strong><em>μὴ</em></strong></span> <span class='ocrx_word' id='word_1_161' title='bbox 925 1907 1111 1989; x_wconf 84' lang='grc' dir='ltr'><strong><em>τολμῶντες</em></strong></span> <span class='ocrx_word' id='word_1_162' title='bbox 1133 1901 1323 1991; x_wconf 82' lang='grc' dir='ltr'><strong><em>ἀντιλέγειν,</em></strong></span> <span class='ocrx_word' id='word_1_163' title='bbox 1348 1902 1403 1972; x_wconf 84' lang='grc' dir='ltr'><strong><em>διὰ</em></strong></span> <span class='ocrx_word' id='word_1_164' title='bbox 1420 1900 1467 1988; x_wconf 78' lang='grc' dir='ltr'><strong><em>τὴν</em></strong></span> 
     </span>
     <span class='ocr_line' id='line_1_17' title="bbox 253 1999 1468 2094; baseline -0.003 -24"><span class='ocrx_word' id='word_1_165' title='bbox 253 2003 422 2092; x_wconf 80' lang='grc' dir='ltr'><strong><em>αἰσχύνην,</em></strong></span> <span class='ocrx_word' id='word_1_166' title='bbox 453 2005 493 2093; x_wconf 78' lang='grc' dir='ltr'><strong><em>ἣν</em></strong></span> <span class='ocrx_word' id='word_1_167' title='bbox 521 2000 608 2088; x_wconf 80' lang='grc' dir='ltr'><strong><em>εἶχον</em></strong></span> <span class='ocrx_word' id='word_1_168' title='bbox 635 1999 686 2094; x_wconf 75' lang='grc' dir='ltr'><strong><em>ἀφ’</em></strong></span> <span class='ocrx_word' id='word_1_169' title='bbox 717 2000 769 2084; x_wconf 77' lang='grc' dir='ltr'><strong><em>οἷς</em></strong></span> <span class='ocrx_word' id='word_1_170' title='bbox 790 2001 1012 2094; x_wconf 83' lang='grc' dir='ltr'><strong><em>ἠλέγχθησαν·</em></strong></span> <span class='ocrx_word' id='word_1_171' title='bbox 1040 2006 1299 2094; x_wconf 74' lang='grc' dir='ltr'><strong><em>κατελήφθησαν</em></strong></span> <span class='ocrx_word' id='word_1_172' title='bbox 1324 2006 1360 2074; x_wconf 78' lang='grc' dir='ltr'><strong><em>δὲ</em></strong></span> <span class='ocrx_word' id='word_1_173' title='bbox 1380 2003 1468 2070; x_wconf 88' lang='grc' dir='ltr'><strong><em>πάλιν</em></strong></span> 
     </span>
    </p>

    <p class='ocr_par' dir='ltr' id='par_1_4' title="bbox 156 2100 1524 3606">
     <span class='ocr_line' id='line_1_18' title="bbox 156 2100 1469 2195; baseline -0.005 -23"><span class='ocrx_word' id='word_1_174' title='bbox 156 2169 166 2190; x_wconf 60' lang='grc'><strong><em>,</em></strong></span> <span class='ocrx_word' id='word_1_175' title='bbox 252 2104 340 2192; x_wconf 87' lang='grc' dir='ltr'><strong><em>πρὸς</em></strong></span> <span class='ocrx_word' id='word_1_176' title='bbox 367 2105 503 2186; x_wconf 77' lang='grc' dir='ltr'><strong><em>ἑαυτούς</em></strong></span> <span class='ocrx_word' id='word_1_177' title='bbox 523 2105 780 2192; x_wconf 75' lang='grc' dir='ltr'><strong><em>τονθορύζοντες</em></strong></span> <span class='ocrx_word' id='word_1_178' title='bbox 802 2111 856 2173; x_wconf 82' lang='grc' dir='ltr'><strong><em>καὶ</em></strong></span> <span class='ocrx_word' id='word_1_179' title='bbox 880 2105 1085 2187; x_wconf 79' lang='grc' dir='ltr'><strong><em>διανεύοντες</em></strong></span> <span class='ocrx_word' id='word_1_180' title='bbox 1106 2119 1179 2186; x_wconf 85' lang='grc' dir='ltr'><strong><em>τοῖς</em></strong></span> <span class='ocrx_word' id='word_1_181' title='bbox 1201 2103 1405 2195; x_wconf 80' lang='grc' dir='ltr'><strong><em>ὀφθαλμοῖς,</em></strong></span> <span class='ocrx_word' id='word_1_182' title='bbox 1426 2100 1469 2168; x_wconf 78' lang='grc' dir='ltr'><strong><em>ότι</em></strong></span> 
     </span>
     <span class='ocr_line' id='line_1_19' title="bbox 252 2201 1523 2294; baseline -0.001 -21"><span class='ocrx_word' id='word_1_183' title='bbox 252 2209 307 2274; x_wconf 84' lang='grc' dir='ltr'><strong><em>καί</em></strong></span> <span class='ocrx_word' id='word_1_184' title='bbox 329 2208 368 2273; x_wconf 90' lang='grc' dir='ltr'><strong><em>τὸ</em></strong></span> <span class='ocrx_word' id='word_1_185' title='bbox 392 2203 508 2292; x_wconf 81' lang='grc' dir='ltr'><strong><em>ὅμοιον</em></strong></span> <span class='ocrx_word' id='word_1_186' title='bbox 532 2210 586 2275; x_wconf 83' lang='grc' dir='ltr'><strong><em>καί</em></strong></span> <span class='ocrx_word' id='word_1_187' title='bbox 608 2205 647 2273; x_wconf 88' lang='grc' dir='ltr'><strong><em>τό</em></strong></span> <span class='ocrx_word' id='word_1_188' title='bbox 670 2201 722 2274; x_wconf 79' lang='grc' dir='ltr'><strong><em>ἀεί</em></strong></span> <span class='ocrx_word' id='word_1_189' title='bbox 733 2209 789 2274; x_wconf 87' lang='grc' dir='ltr'><strong><em>καί</em></strong></span> <span class='ocrx_word' id='word_1_190' title='bbox 800 2207 839 2273; x_wconf 89' lang='grc' dir='ltr'><strong><em>τὸ</em></strong></span> <span class='ocrx_word' id='word_1_191' title='bbox 850 2212 908 2293; x_wconf 81' lang='grc' dir='ltr'><strong><em>τῆς</em></strong></span> <span class='ocrx_word' id='word_1_192' title='bbox 921 2209 1091 2293; x_wconf 84' lang='grc' dir='ltr'><strong><em>δυνάμεως</em></strong></span> <span class='ocrx_word' id='word_1_193' title='bbox 1103 2207 1208 2294; x_wconf 79' lang='grc' dir='ltr'><strong><em>ὄνομα</em></strong></span> <span class='ocrx_word' id='word_1_194' title='bbox 1222 2211 1276 2275; x_wconf 84' lang='grc' dir='ltr'><strong><em>καί</em></strong></span> <span class='ocrx_word' id='word_1_195' title='bbox 1291 2207 1332 2274; x_wconf 87' lang='grc' dir='ltr'><strong><em>τὸ</em></strong></span> <span class='ocrx_word' id='word_1_196' title='bbox 1349 2207 1382 2275; x_wconf 86' lang='grc' dir='ltr'><strong><em>έν</em></strong></span> <span class='ocrx_word' id='word_1_197' title='bbox 1393 2201 1469 2287; x_wconf 80' lang='grc' dir='ltr'><strong><em>αύτῷ</em></strong></span> <span class='ocrx_word' id='word_1_198' title='bbox 1522 2263 1523 2266; x_wconf 60' lang='grc'><strong><em>,</em></strong></span> 
     </span>
     <span class='ocr_line' id='line_1_20' title="bbox 252 2303 1470 2396; baseline -0.006 -20"><span class='ocrx_word' id='word_1_199' title='bbox 252 2307 348 2376; x_wconf 85' lang='grc' dir='ltr'><strong><em>κοινά</em></strong></span> <span class='ocrx_word' id='word_1_200' title='bbox 369 2308 473 2376; x_wconf 82' lang='grc' dir='ltr'><strong><em>πάλιν</em></strong></span> <span class='ocrx_word' id='word_1_201' title='bbox 495 2307 564 2375; x_wconf 80' lang='grc' dir='ltr'><strong><em>έστί</em></strong></span> <span class='ocrx_word' id='word_1_202' title='bbox 588 2307 674 2394; x_wconf 84' lang='grc' dir='ltr'><strong><em>πρὸς</em></strong></span> <span class='ocrx_word' id='word_1_203' title='bbox 695 2304 781 2396; x_wconf 75' lang='grc' dir='ltr'><strong><em>ἡμᾶς</em></strong></span> <span class='ocrx_word' id='word_1_204' title='bbox 803 2311 857 2376; x_wconf 79' lang='grc' dir='ltr'><strong><em>καί</em></strong></span> <span class='ocrx_word' id='word_1_205' title='bbox 879 2308 938 2375; x_wconf 90' lang='grc' dir='ltr'><strong><em>τὸν</em></strong></span> <span class='ocrx_word' id='word_1_206' title='bbox 959 2309 1048 2388; x_wconf 77' lang='grc' dir='ltr'><strong><em>υἱόν,</em></strong></span> <span class='ocrx_word' id='word_1_207' title='bbox 1071 2312 1125 2376; x_wconf 82' lang='grc' dir='ltr'><strong><em>καὶ</em></strong></span> <span class='ocrx_word' id='word_1_208' title='bbox 1149 2305 1244 2375; x_wconf 78' lang='grc' dir='ltr'><strong><em>οὐδὲν</em></strong></span> <span class='ocrx_word' id='word_1_209' title='bbox 1266 2311 1386 2376; x_wconf 80' lang='grc' dir='ltr'><strong><em>λυπεῖν</em></strong></span> <span class='ocrx_word' id='word_1_210' title='bbox 1406 2303 1470 2372; x_wconf 84' lang='grc' dir='ltr'><strong><em>ιοό-</em></strong></span> 
     </span>
     <span class='ocr_line' id='line_1_21' title="bbox 252 2405 1470 2498; baseline 0 -23"><span class='ocrx_word' id='word_1_211' title='bbox 252 2433 325 2488; x_wconf 86' lang='grc' dir='ltr'><strong><em>τοις</em></strong></span> <span class='ocrx_word' id='word_1_212' title='bbox 345 2407 432 2498; x_wconf 83' lang='grc' dir='ltr'><strong><em>ἡμᾶς</em></strong></span> <span class='ocrx_word' id='word_1_213' title='bbox 454 2415 661 2477; x_wconf 72' lang='grc' dir='ltr'><strong><em>συνθέσθαι·</em></strong></span> <span class='ocrx_word' id='word_1_214' title='bbox 683 2409 804 2495; x_wconf 78' lang='grc' dir='ltr'><strong><em>τὸμὲν</em></strong></span> <span class='ocrx_word' id='word_1_215' title='bbox 828 2405 954 2494; x_wconf 81' lang='grc' dir='ltr'><strong><em>ὅμοιον,</em></strong></span> <span class='ocrx_word' id='word_1_216' title='bbox 980 2407 1033 2477; x_wconf 81' lang='grc' dir='ltr'><strong><em>ὅτι</em></strong></span> <span class='ocrx_word' id='word_1_217' title='bbox 1053 2414 1108 2477; x_wconf 85' lang='grc' dir='ltr'><strong><em>καί</em></strong></span> <span class='ocrx_word' id='word_1_218' title='bbox 1131 2412 1207 2496; x_wconf 80' lang='grc' dir='ltr'><strong><em>περὶ</em></strong></span> <span class='ocrx_word' id='word_1_219' title='bbox 1230 2406 1326 2496; x_wconf 81' lang='grc' dir='ltr'><strong><em>ἡμῶν</em></strong></span> <span class='ocrx_word' id='word_1_220' title='bbox 1342 2407 1470 2495; x_wconf 77' lang='grc' dir='ltr'><strong><em>ἐγράφη·</em></strong></span> 
     </span>
     <span class='ocr_line' id='line_1_22' title="bbox 254 2502 1471 2598; baseline -0.007 -20"><span class='ocrx_word' id='word_1_221' title='bbox 254 2510 348 2578; x_wconf 86' lang='grc' dir='ltr'><strong><em>είκῶν</em></strong></span> <span class='ocrx_word' id='word_1_222' title='bbox 371 2511 461 2578; x_wconf 86' lang='grc' dir='ltr'><strong><em>έστιν</em></strong></span> <span class='ocrx_word' id='word_1_223' title='bbox 485 2506 502 2576; x_wconf 88' lang='grc' dir='ltr'><strong><em>ό</em></strong></span> <span class='ocrx_word' id='word_1_224' title='bbox 526 2509 710 2596; x_wconf 75' lang='grc' dir='ltr'><strong><em>ἅνθρωπος</em></strong></span> <span class='ocrx_word' id='word_1_225' title='bbox 730 2511 788 2578; x_wconf 85' lang='grc' dir='ltr'><strong><em>καὶ</em></strong></span> <span class='ocrx_word' id='word_1_226' title='bbox 809 2511 890 2591; x_wconf 86' lang='grc' dir='ltr'><strong><em>δόξα</em></strong></span> <span class='ocrx_word' id='word_1_227' title='bbox 911 2515 996 2578; x_wconf 82' lang='grc' dir='ltr'><strong><em>θεοῦ</em></strong></span> <span class='ocrx_word' id='word_1_228' title='bbox 1019 2508 1199 2598; x_wconf 80' lang='grc' dir='ltr'><strong><em>όπάρχει’),</em></strong></span> <span class='ocrx_word' id='word_1_229' title='bbox 1222 2510 1261 2576; x_wconf 85' lang='grc' dir='ltr'><strong><em>τὸ</em></strong></span> <span class='ocrx_word' id='word_1_230' title='bbox 1284 2512 1322 2577; x_wconf 78' lang='grc' dir='ltr'><strong><em>δὲ</em></strong></span> <span class='ocrx_word' id='word_1_231' title='bbox 1346 2506 1405 2588; x_wconf 88' lang='grc' dir='ltr'><strong><em>ἀεί,</em></strong></span> <span class='ocrx_word' id='word_1_232' title='bbox 1427 2502 1471 2572; x_wconf 84' lang='grc' dir='ltr'><strong><em>ότι</em></strong></span> 
     </span>
     <span class='ocr_line' id='line_1_23' title="bbox 252 2602 1524 2700; baseline -0.004 -20"><span class='ocrx_word' id='word_1_233' title='bbox 252 2617 450 2700; x_wconf 87' lang='grc' dir='ltr'><strong><em>γέγραπται·</em></strong></span> <span class='ocrx_word' id='word_1_234' title='bbox 474 2606 525 2680; x_wconf 83' lang='grc' dir='ltr'><strong><em>ἀεὶ</em></strong></span> <span class='ocrx_word' id='word_1_235' title='bbox 547 2611 609 2699; x_wconf 86' lang='grc' dir='ltr'><strong><em>γάρ</em></strong></span> <span class='ocrx_word' id='word_1_236' title='bbox 631 2608 726 2698; x_wconf 81' lang='grc' dir='ltr'><strong><em>ἡμεῖς</em></strong></span> <span class='ocrx_word' id='word_1_237' title='bbox 748 2614 781 2680; x_wconf 90' lang='grc' dir='ltr'><strong><em>οί</em></strong></span> <span class='ocrx_word' id='word_1_238' title='bbox 804 2613 961 2694; x_wconf 72' lang='grc' dir='ltr'><strong><em>ζῶντες’),</em></strong></span> <span class='ocrx_word' id='word_1_239' title='bbox 984 2613 1024 2679; x_wconf 83' lang='grc' dir='ltr'><strong><em>τό</em></strong></span> <span class='ocrx_word' id='word_1_240' title='bbox 1046 2615 1082 2680; x_wconf 79' lang='grc' dir='ltr'><strong><em>δέ</em></strong></span> <span class='ocrx_word' id='word_1_241' title='bbox 1105 2613 1139 2680; x_wconf 81' lang='grc' dir='ltr'><strong><em>έν</em></strong></span> <span class='ocrx_word' id='word_1_242' title='bbox 1162 2607 1266 2698; x_wconf 81' lang='grc' dir='ltr'><strong><em>αύτῷ,</em></strong></span> <span class='ocrx_word' id='word_1_243' title='bbox 1291 2607 1348 2679; x_wconf 86' lang='grc' dir='ltr'><strong><em>ότι</em></strong></span> <span class='ocrx_word' id='word_1_244' title='bbox 1370 2611 1401 2678; x_wconf 75' lang='grc' dir='ltr'><strong><em>ἐν</em></strong></span> <span class='ocrx_word' id='word_1_245' title='bbox 1422 2602 1471 2674; x_wconf 87' lang='grc' dir='ltr'><strong><em>υό-</em></strong></span> <span class='ocrx_word' id='word_1_246' title='bbox 1523 2677 1524 2696; x_wconf 29' lang='grc' dir='ltr'><strong><em>χ</em></strong></span> 
     </span>
     <span class='ocr_line' id='line_1_24' title="bbox 250 2709 1471 2802; baseline -0.006 -21"><span class='ocrx_word' id='word_1_247' title='bbox 250 2718 299 2802; x_wconf 80' lang='grc' dir='ltr'><strong><em>τῷ</em></strong></span> <span class='ocrx_word' id='word_1_248' title='bbox 322 2716 426 2802; x_wconf 85' lang='grc' dir='ltr'><strong><em>ζῶμεν</em></strong></span> <span class='ocrx_word' id='word_1_249' title='bbox 447 2717 502 2781; x_wconf 89' lang='grc' dir='ltr'><strong><em>καί</em></strong></span> <span class='ocrx_word' id='word_1_250' title='bbox 524 2713 708 2798; x_wconf 86' lang='grc' dir='ltr'><strong><em>κινούμεθα</em></strong></span> <span class='ocrx_word' id='word_1_251' title='bbox 729 2722 786 2781; x_wconf 93' lang='grc' dir='ltr'><strong><em>καί</em></strong></span> <span class='ocrx_word' id='word_1_252' title='bbox 807 2715 943 2799; x_wconf 64' lang='grc' dir='ltr'><strong><em>έσμενἽ,</em></strong></span> <span class='ocrx_word' id='word_1_253' title='bbox 966 2711 1020 2781; x_wconf 84' lang='grc' dir='ltr'><strong><em>καί</em></strong></span> <span class='ocrx_word' id='word_1_254' title='bbox 1043 2713 1081 2780; x_wconf 88' lang='grc' dir='ltr'><strong><em>τὸ</em></strong></span> <span class='ocrx_word' id='word_1_255' title='bbox 1105 2711 1269 2799; x_wconf 88' lang='grc' dir='ltr'><strong><em>ἀτρεπτον</em></strong></span> <span class='ocrx_word' id='word_1_256' title='bbox 1292 2714 1340 2796; x_wconf 89' lang='grc' dir='ltr'><strong><em>δέ,</em></strong></span> <span class='ocrx_word' id='word_1_257' title='bbox 1365 2709 1471 2794; x_wconf 81' lang='grc' dir='ltr'><strong><em>ότιγέ-</em></strong></span> 
     </span>
     <span class='ocr_line' id='line_1_25' title="bbox 251 2811 1472 2903; baseline -0.005 -19"><span class='ocrx_word' id='word_1_258' title='bbox 251 2838 414 2903; x_wconf 87' lang='grc' dir='ltr'><strong><em>γραπται·</em></strong></span> <span class='ocrx_word' id='word_1_259' title='bbox 437 2811 532 2884; x_wconf 82' lang='grc' dir='ltr'><strong><em>ούδέν</em></strong></span> <span class='ocrx_word' id='word_1_260' title='bbox 553 2812 641 2902; x_wconf 82' lang='grc' dir='ltr'><strong><em>ἡμᾶς</em></strong></span> <span class='ocrx_word' id='word_1_261' title='bbox 660 2812 796 2901; x_wconf 80' lang='grc' dir='ltr'><strong><em>χωρίσει</em></strong></span> <span class='ocrx_word' id='word_1_262' title='bbox 819 2811 890 2882; x_wconf 86' lang='grc' dir='ltr'><strong><em>ἀπὸ</em></strong></span> <span class='ocrx_word' id='word_1_263' title='bbox 903 2819 962 2903; x_wconf 79' lang='grc' dir='ltr'><strong><em>τῆς</em></strong></span> <span class='ocrx_word' id='word_1_264' title='bbox 976 2811 1107 2902; x_wconf 83' lang='grc' dir='ltr'><strong><em>ἀγάπης</em></strong></span> <span class='ocrx_word' id='word_1_265' title='bbox 1122 2817 1181 2880; x_wconf 82' lang='grc' dir='ltr'><strong><em>τοῦ</em></strong></span> <span class='ocrx_word' id='word_1_266' title='bbox 1196 2819 1349 2900; x_wconf 81' lang='grc' dir='ltr'><strong><em>Χριστοῦ</em></strong></span> <span class='ocrx_word' id='word_1_267' title='bbox 1357 2818 1388 2894; x_wconf 79' lang='lat'><strong><em>⁴),</em></strong></span> <span class='ocrx_word' id='word_1_268' title='bbox 1405 2811 1472 2894; x_wconf 78' lang='grc' dir='ltr'><strong><em>περὶ</em></strong></span> 
     </span>
     <span class='ocr_line' id='line_1_26' title="bbox 253 2912 1473 3003; baseline -0.004 -21"><span class='ocrx_word' id='word_1_269' title='bbox 253 2918 289 2982; x_wconf 81' lang='grc' dir='ltr'><strong><em>δέ</em></strong></span> <span class='ocrx_word' id='word_1_270' title='bbox 321 2922 380 3002; x_wconf 85' lang='grc' dir='ltr'><strong><em>τῆς</em></strong></span> <span class='ocrx_word' id='word_1_271' title='bbox 408 2917 593 3002; x_wconf 88' lang='grc' dir='ltr'><strong><em>δυνάμεως,</em></strong></span> <span class='ocrx_word' id='word_1_272' title='bbox 628 2913 681 2982; x_wconf 87' lang='grc' dir='ltr'><strong><em>ότι</em></strong></span> <span class='ocrx_word' id='word_1_273' title='bbox 709 2920 765 2983; x_wconf 83' lang='grc' dir='ltr'><strong><em>καὶ</em></strong></span> <span class='ocrx_word' id='word_1_274' title='bbox 793 2912 812 3003; x_wconf 77' lang='grc' dir='ltr'><em>ἡ</em></span> <span class='ocrx_word' id='word_1_275' title='bbox 835 2916 948 3001; x_wconf 88' lang='grc' dir='ltr'><strong><em>κάμπη</em></strong></span> <span class='ocrx_word' id='word_1_276' title='bbox 971 2918 1025 2982; x_wconf 82' lang='grc' dir='ltr'><strong><em>καί</em></strong></span> <span class='ocrx_word' id='word_1_277' title='bbox 1049 2912 1067 2981; x_wconf 86' lang='grc' dir='ltr'>ὁ</span> <span class='ocrx_word' id='word_1_278' title='bbox 1088 2919 1229 3001; x_wconf 73' lang='grc' dir='ltr'><strong><em>βροόχος</em></strong></span> <span class='ocrx_word' id='word_1_279' title='bbox 1249 2917 1310 2999; x_wconf 79' lang='grc' dir='ltr'><strong><em>μὲν</em></strong></span> <span class='ocrx_word' id='word_1_280' title='bbox 1335 2919 1473 3000; x_wconf 84' lang='grc' dir='ltr'><strong><em>λέγονται</em></strong></span> 
     </span>
     <span class='ocr_line' id='line_1_27' title="bbox 253 3015 1468 3104; baseline -0.002 -24"><span class='ocrx_word' id='word_1_281' title='bbox 253 3015 391 3099; x_wconf 91' lang='grc' dir='ltr'><strong><em>δύναμις</em></strong></span> <span class='ocrx_word' id='word_1_282' title='bbox 400 3018 455 3082; x_wconf 83' lang='grc' dir='ltr'><strong><em>καὶ</em></strong></span> <span class='ocrx_word' id='word_1_283' title='bbox 468 3016 605 3100; x_wconf 89' lang='grc' dir='ltr'><strong><em>δύναμις</em></strong></span> <span class='ocrx_word' id='word_1_284' title='bbox 615 3015 739 3104; x_wconf 87' lang='grc' dir='ltr'><strong><em>μεγάλη</em></strong></span> <span class='ocrx_word' id='word_1_285' title='bbox 746 3021 779 3097; x_wconf 79' lang='lat'><strong><em>⁵),</em></strong></span> <span class='ocrx_word' id='word_1_286' title='bbox 796 3015 958 3094; x_wconf 87' lang='grc' dir='ltr'><strong><em>πολλάκις</em></strong></span> <span class='ocrx_word' id='word_1_287' title='bbox 969 3018 1003 3083; x_wconf 86' lang='grc' dir='ltr'><strong><em>δὲ</em></strong></span> <span class='ocrx_word' id='word_1_288' title='bbox 1020 3020 1097 3102; x_wconf 83' lang='grc' dir='ltr'><strong><em>περὶ</em></strong></span> <span class='ocrx_word' id='word_1_289' title='bbox 1112 3019 1170 3082; x_wconf 86' lang='grc' dir='ltr'><strong><em>τοῦ</em></strong></span> <span class='ocrx_word' id='word_1_290' title='bbox 1187 3019 1268 3082; x_wconf 88' lang='grc' dir='ltr'><strong><em>λαοῦ</em></strong></span> <span class='ocrx_word' id='word_1_291' title='bbox 1283 3023 1468 3104; x_wconf 78' lang='grc' dir='ltr'><strong><em>γέγραπται,</em></strong></span> 
     </span>
     <span class='ocr_line' id='line_1_28' title="bbox 253 3110 1471 3205; baseline -0.002 -24"><span class='ocrx_word' id='word_1_292' title='bbox 253 3110 381 3201; x_wconf 78' lang='grc' dir='ltr'><strong><em>ὥςπερ·</em></strong></span> <span class='ocrx_word' id='word_1_293' title='bbox 410 3116 531 3201; x_wconf 76' lang='grc' dir='ltr'><strong><em>ἐξῆλθε</em></strong></span> <span class='ocrx_word' id='word_1_294' title='bbox 558 3119 654 3182; x_wconf 84' lang='grc' dir='ltr'><strong><em>πᾶσα</em></strong></span> <span class='ocrx_word' id='word_1_295' title='bbox 683 3112 703 3202; x_wconf 79' lang='grc' dir='ltr'><strong><em>ἡ</em></strong></span> <span class='ocrx_word' id='word_1_296' title='bbox 731 3117 869 3199; x_wconf 90' lang='grc' dir='ltr'><strong><em>δύναμις</em></strong></span> <span class='ocrx_word' id='word_1_297' title='bbox 897 3125 1009 3201; x_wconf 81' lang='grc' dir='ltr'><strong><em>κυρίου</em></strong></span> <span class='ocrx_word' id='word_1_298' title='bbox 1033 3117 1068 3183; x_wconf 88' lang='grc' dir='ltr'><strong><em>έκ</em></strong></span> <span class='ocrx_word' id='word_1_299' title='bbox 1088 3122 1147 3205; x_wconf 80' lang='grc' dir='ltr'><strong><em>γῆς</em></strong></span> <span class='ocrx_word' id='word_1_300' title='bbox 1167 3116 1394 3203; x_wconf 65' lang='grc' dir='ltr'><strong><em>ΑίγύπτουἽ,</em></strong></span> <span class='ocrx_word' id='word_1_301' title='bbox 1425 3112 1471 3178; x_wconf 76' lang='grc' dir='ltr'><strong><em>καί</em></strong></span> 
     </span>
     <span class='ocr_line' id='line_1_29' title="bbox 253 3211 1473 3306; baseline -0.001 -25"><span class='ocrx_word' id='word_1_302' title='bbox 253 3212 353 3283; x_wconf 83' lang='grc' dir='ltr'><strong><em>ἀλλαι</em></strong></span> <span class='ocrx_word' id='word_1_303' title='bbox 374 3217 411 3282; x_wconf 82' lang='grc' dir='ltr'><strong><em>δὲ</em></strong></span> <span class='ocrx_word' id='word_1_304' title='bbox 432 3211 584 3302; x_wconf 83' lang='grc' dir='ltr'><strong><em>ούρανίαι</em></strong></span> <span class='ocrx_word' id='word_1_305' title='bbox 606 3215 761 3300; x_wconf 87' lang='grc' dir='ltr'><strong><em>δυνάμεις</em></strong></span> <span class='ocrx_word' id='word_1_306' title='bbox 783 3215 865 3283; x_wconf 91' lang='grc' dir='ltr'><strong><em>είσί·</em></strong></span> <span class='ocrx_word' id='word_1_307' title='bbox 887 3215 998 3302; x_wconf 88' lang='grc' dir='ltr'><strong><em>κύριος</em></strong></span> <span class='ocrx_word' id='word_1_308' title='bbox 1019 3216 1089 3302; x_wconf 88' lang='grc' dir='ltr'><strong><em>γάρ,</em></strong></span> <span class='ocrx_word' id='word_1_309' title='bbox 1114 3215 1206 3306; x_wconf 87' lang='grc' dir='ltr'><strong><em>φησί,</em></strong></span> <span class='ocrx_word' id='word_1_310' title='bbox 1229 3221 1295 3284; x_wconf 89' lang='grc' dir='ltr'><strong><em>τῶν</em></strong></span> <span class='ocrx_word' id='word_1_311' title='bbox 1312 3215 1473 3300; x_wconf 86' lang='grc' dir='ltr'><strong><em>δυνάμεων</em></strong></span> 
     </span>
     <span class='ocr_line' id='line_1_30' title="bbox 252 3310 1471 3405; baseline -0.002 -23"><span class='ocrx_word' id='word_1_312' title='bbox 252 3310 329 3400; x_wconf 85' lang='grc' dir='ltr'><strong><em>μεθ’</em></strong></span> <span class='ocrx_word' id='word_1_313' title='bbox 353 3312 462 3402; x_wconf 83' lang='grc' dir='ltr'><strong><em>ἡμῶν·</em></strong></span> <span class='ocrx_word' id='word_1_314' title='bbox 493 3313 703 3404; x_wconf 68' lang='grc' dir='ltr'><strong><em>ἀντιλήπτωρ</em></strong></span> <span class='ocrx_word' id='word_1_315' title='bbox 725 3313 818 3404; x_wconf 81' lang='grc' dir='ltr'><strong><em>ἡμῶν</em></strong></span> <span class='ocrx_word' id='word_1_316' title='bbox 840 3313 858 3384; x_wconf 87' lang='grc' dir='ltr'><strong><em>ό</em></strong></span> <span class='ocrx_word' id='word_1_317' title='bbox 881 3316 964 3396; x_wconf 87' lang='grc' dir='ltr'><strong><em>θεὸς</em></strong></span> <span class='ocrx_word' id='word_1_318' title='bbox 982 3313 1135 3404; x_wconf 51' lang='grc' dir='ltr'><strong><em>Ἰακῶβῖγ.</em></strong></span> <span class='ocrx_word' id='word_1_319' title='bbox 1181 3321 1321 3386; x_wconf 83' lang='grc' dir='ltr'><strong><em>τοιαῦτα</em></strong></span> <span class='ocrx_word' id='word_1_320' title='bbox 1343 3318 1404 3405; x_wconf 87' lang='grc' dir='ltr'><strong><em>γὰρ</em></strong></span> <span class='ocrx_word' id='word_1_321' title='bbox 1425 3314 1471 3380; x_wconf 81' lang='grc' dir='ltr'><strong><em>καὶ</em></strong></span> 
     </span>
     <span class='ocr_line' id='line_1_31' title="bbox 250 3409 1473 3506; baseline -0.001 -25"><span class='ocrx_word' id='word_1_322' title='bbox 250 3409 422 3501; x_wconf 77' lang='grc' dir='ltr'><strong><em>Ἀστέριος</em></strong></span> <span class='ocrx_word' id='word_1_323' title='bbox 451 3412 469 3482; x_wconf 88' lang='grc' dir='ltr'>ὁ</span> <span class='ocrx_word' id='word_1_324' title='bbox 499 3415 673 3503; x_wconf 85' lang='grc' dir='ltr'><strong><em>λεγόμενος</em></strong></span> <span class='ocrx_word' id='word_1_325' title='bbox 700 3418 863 3506; x_wconf 87' lang='grc' dir='ltr'><strong><em>σοφιστὴς</em></strong></span> <span class='ocrx_word' id='word_1_326' title='bbox 884 3414 962 3506; x_wconf 78' lang='grc' dir='ltr'><strong><em>παρ’</em></strong></span> <span class='ocrx_word' id='word_1_327' title='bbox 988 3414 1095 3484; x_wconf 79' lang='grc' dir='ltr'><strong><em>αὐτῶν</em></strong></span> <span class='ocrx_word' id='word_1_328' title='bbox 1116 3419 1239 3503; x_wconf 79' lang='grc' dir='ltr'><strong><em>μαθὼν</em></strong></span> <span class='ocrx_word' id='word_1_329' title='bbox 1262 3419 1404 3505; x_wconf 72' lang='grc' dir='ltr'><strong><em>ἔγραψε,</em></strong></span> <span class='ocrx_word' id='word_1_330' title='bbox 1425 3413 1473 3480; x_wconf 79' lang='grc' dir='ltr'><strong><em>καὶ</em></strong></span> 
     </span>
     <span class='ocr_line' id='line_1_32' title="bbox 254 3511 1474 3606; baseline -0.001 -24"><span class='ocrx_word' id='word_1_331' title='bbox 254 3515 322 3602; x_wconf 86' lang='grc' dir='ltr'><strong><em>πρὸ</em></strong></span> <span class='ocrx_word' id='word_1_332' title='bbox 345 3511 446 3582; x_wconf 84' lang='grc' dir='ltr'><strong><em>αύτοό</em></strong></span> <span class='ocrx_word' id='word_1_333' title='bbox 469 3518 505 3584; x_wconf 77' lang='grc' dir='ltr'><strong><em>δέ</em></strong></span> <span class='ocrx_word' id='word_1_334' title='bbox 520 3516 654 3605; x_wconf 80' lang='grc' dir='ltr'><strong><em>’Ἀρειος</em></strong></span> <span class='ocrx_word' id='word_1_335' title='bbox 675 3519 807 3603; x_wconf 84' lang='grc' dir='ltr'><strong><em>μαθών,</em></strong></span> <span class='ocrx_word' id='word_1_336' title='bbox 832 3516 942 3604; x_wconf 86' lang='grc' dir='ltr'><strong><em>ῶςπερ</em></strong></span> <span class='ocrx_word' id='word_1_337' title='bbox 966 3520 1103 3606; x_wconf 77' lang='grc' dir='ltr'><strong><em>εἴρηται.</em></strong></span> <span class='ocrx_word' id='word_1_338' title='bbox 1148 3513 1216 3586; x_wconf 78' lang='grc' dir='ltr'><strong><em>ἀλλ’</em></strong></span> <span class='ocrx_word' id='word_1_339' title='bbox 1242 3519 1274 3586; x_wconf 84' lang='grc' dir='ltr'><strong><em>ολ</em></strong></span> <span class='ocrx_word' id='word_1_340' title='bbox 1298 3519 1474 3586; x_wconf 80' lang='grc' dir='ltr'><strong><em>ἐπίσκοποι</em></strong></span> 
     </span>
    </p>

    <p class='ocr_par' dir='ltr' id='par_1_5' title="bbox 164 3611 1475 4410">
     <span class='ocr_line' id='line_1_33' title="bbox 164 3611 1474 3706; baseline -0.001 -22"><span class='ocrx_word' id='word_1_341' title='bbox 164 3619 308 3684; x_wconf 65' lang='lat' dir='ltr'><strong><em>munz</em></strong></span> <span class='ocrx_word' id='word_1_342' title='bbox 331 3616 364 3684; x_wconf 82' lang='grc' dir='ltr'><strong><em>έν</em></strong></span> <span class='ocrx_word' id='word_1_343' title='bbox 386 3616 492 3704; x_wconf 82' lang='grc' dir='ltr'><strong><em>τούτῳ</em></strong></span> <span class='ocrx_word' id='word_1_344' title='bbox 513 3617 745 3705; x_wconf 84' lang='grc' dir='ltr'><strong><em>θεωρήσαντες</em></strong></span> <span class='ocrx_word' id='word_1_345' title='bbox 765 3619 824 3706; x_wconf 77' lang='grc' dir='ltr'><strong><em>τήν</em></strong></span> <span class='ocrx_word' id='word_1_346' title='bbox 845 3617 1021 3706; x_wconf 77' lang='grc' dir='ltr'><strong><em>ἀπόκρισιν</em></strong></span> <span class='ocrx_word' id='word_1_347' title='bbox 1044 3619 1184 3700; x_wconf 76' lang='grc' dir='ltr'><strong><em>ἐκείνων,</em></strong></span> <span class='ocrx_word' id='word_1_348' title='bbox 1207 3623 1261 3687; x_wconf 82' lang='grc' dir='ltr'><strong><em>καί</em></strong></span> <span class='ocrx_word' id='word_1_349' title='bbox 1277 3616 1331 3686; x_wconf 84' lang='grc' dir='ltr'><strong><em>ότι</em></strong></span> <span class='ocrx_word' id='word_1_350' title='bbox 1345 3611 1474 3686; x_wconf 83' lang='grc' dir='ltr'><strong><em>κατὰτὸ</em></strong></span> 
     </span>
     <span class='ocr_line' id='line_1_34' title="bbox 252 3716 1473 3807; baseline 0 -23"><span class='ocrx_word' id='word_1_351' title='bbox 252 3724 474 3805; x_wconf 86' lang='grc' dir='ltr'><strong><em>γεγραμμένον</em></strong></span> <span class='ocrx_word' id='word_1_352' title='bbox 507 3718 542 3785; x_wconf 75' lang='grc' dir='ltr'><strong><em>ἐν</em></strong></span> <span class='ocrx_word' id='word_1_353' title='bbox 568 3718 719 3806; x_wconf 85' lang='grc' dir='ltr'><strong><em>καρδίαις</em></strong></span> <span class='ocrx_word' id='word_1_354' title='bbox 745 3725 812 3788; x_wconf 85' lang='grc' dir='ltr'><strong><em>τῶν</em></strong></span> <span class='ocrx_word' id='word_1_355' title='bbox 841 3716 970 3807; x_wconf 80' lang='grc' dir='ltr'><strong><em>ἀσεβῶν</em></strong></span> <span class='ocrx_word' id='word_1_356' title='bbox 999 3720 1096 3799; x_wconf 89' lang='grc' dir='ltr'><strong><em>δόλος</em></strong></span> <span class='ocrx_word' id='word_1_357' title='bbox 1125 3721 1194 3788; x_wconf 77' lang='grc' dir='ltr'><strong><em>ἐστί</em></strong></span> <span class='ocrx_word' id='word_1_358' title='bbox 1224 3723 1473 3804; x_wconf 80' lang='grc' dir='ltr'><strong><em>τεκταινομένων</em></strong></span> 
     </span>
     <span class='ocr_line' id='line_1_35' title="bbox 252 3812 1474 3908; baseline 0 -22"><span class='ocrx_word' id='word_1_359' title='bbox 252 3817 373 3900; x_wconf 71' lang='grc' dir='ltr'><strong><em>κακά’),</em></strong></span> <span class='ocrx_word' id='word_1_360' title='bbox 396 3815 653 3908; x_wconf 83' lang='grc' dir='ltr'><strong><em>ἠναγκάσθησαν</em></strong></span> <span class='ocrx_word' id='word_1_361' title='bbox 674 3825 729 3888; x_wconf 83' lang='grc' dir='ltr'><strong><em>καί</em></strong></span> <span class='ocrx_word' id='word_1_362' title='bbox 750 3816 845 3888; x_wconf 78' lang='grc' dir='ltr'><strong><em>αὐτοὶ</em></strong></span> <span class='ocrx_word' id='word_1_363' title='bbox 867 3812 970 3900; x_wconf 78' lang='grc' dir='ltr'><strong><em>αὖθις</em></strong></span> <span class='ocrx_word' id='word_1_364' title='bbox 991 3832 1185 3908; x_wconf 86' lang='grc' dir='ltr'><strong><em>συναγαγεῖν</em></strong></span> <span class='ocrx_word' id='word_1_365' title='bbox 1207 3821 1242 3889; x_wconf 75' lang='grc' dir='ltr'><strong><em>ἐκ</em></strong></span> <span class='ocrx_word' id='word_1_366' title='bbox 1262 3824 1329 3888; x_wconf 89' lang='grc' dir='ltr'><strong><em>τῶν</em></strong></span> <span class='ocrx_word' id='word_1_367' title='bbox 1344 3817 1474 3908; x_wconf 69' lang='grc' dir='ltr'><strong><em>γραφῶν</em></strong></span> 
     </span>
     <span class='ocr_line' id='line_1_36' title="bbox 252 3915 1475 4008; baseline -0.002 -20"><span class='ocrx_word' id='word_1_368' title='bbox 252 3919 311 4008; x_wconf 85' lang='grc' dir='ltr'><strong><em>τὴν</em></strong></span> <span class='ocrx_word' id='word_1_369' title='bbox 334 3919 494 4000; x_wconf 89' lang='grc' dir='ltr'><strong><em>διάνοιαν,</em></strong></span> <span class='ocrx_word' id='word_1_370' title='bbox 517 3923 572 3986; x_wconf 84' lang='grc' dir='ltr'><strong><em>καί</em></strong></span> <span class='ocrx_word' id='word_1_371' title='bbox 595 3915 681 4007; x_wconf 81' lang='grc' dir='ltr'><strong><em>άπερ</em></strong></span> <span class='ocrx_word' id='word_1_372' title='bbox 703 3921 867 4007; x_wconf 89' lang='grc' dir='ltr'><strong><em>πρότερον</em></strong></span> <span class='ocrx_word' id='word_1_373' title='bbox 890 3923 1015 4007; x_wconf 74' lang='grc' dir='ltr'><strong><em>ἔλεγον,</em></strong></span> <span class='ocrx_word' id='word_1_374' title='bbox 1039 3924 1143 3987; x_wconf 81' lang='grc' dir='ltr'><strong><em>ταῦτα</em></strong></span> <span class='ocrx_word' id='word_1_375' title='bbox 1165 3921 1268 3988; x_wconf 85' lang='grc' dir='ltr'><strong><em>πάλιν</em></strong></span> <span class='ocrx_word' id='word_1_376' title='bbox 1290 3917 1475 4002; x_wconf 76' lang='grc' dir='ltr'><strong><em>λευκότερον</em></strong></span> 
     </span>
     <span class='ocr_line' id='line_1_37' title="bbox 253 4012 1474 4107; baseline -0.002 -19"><span class='ocrx_word' id='word_1_377' title='bbox 253 4020 361 4088; x_wconf 80' lang='grc' dir='ltr'><strong><em>εἰπεῖν</em></strong></span> <span class='ocrx_word' id='word_1_378' title='bbox 391 4025 445 4088; x_wconf 82' lang='grc' dir='ltr'><strong><em>καί</em></strong></span> <span class='ocrx_word' id='word_1_379' title='bbox 474 4020 619 4107; x_wconf 78' lang='grc' dir='ltr'><strong><em>γράψαι,</em></strong></span> <span class='ocrx_word' id='word_1_380' title='bbox 650 4017 828 4106; x_wconf 87' lang='grc' dir='ltr'><strong><em>ὁμοούσιον</em></strong></span> <span class='ocrx_word' id='word_1_381' title='bbox 858 4017 1011 4107; x_wconf 76' lang='grc' dir='ltr'><strong><em>εἶναιτῷ</em></strong></span> <span class='ocrx_word' id='word_1_382' title='bbox 1034 4021 1326 4107; x_wconf 82' lang='grc' dir='ltr'><strong><em>πατρὶτὸνυίόν,</em></strong></span> <span class='ocrx_word' id='word_1_383' title='bbox 1358 4012 1474 4100; x_wconf 75' lang='grc' dir='ltr'><strong><em>ἵναμὴ</em></strong></span> 
     </span>
     <span class='ocr_line' id='line_1_38' title="bbox 251 4114 1474 4209; baseline 0.004 -24"><span class='ocrx_word' id='word_1_384' title='bbox 251 4119 354 4203; x_wconf 87' lang='grc' dir='ltr'><strong><em>μόνον</em></strong></span> <span class='ocrx_word' id='word_1_385' title='bbox 384 4117 501 4206; x_wconf 83' lang='grc' dir='ltr'><strong><em>όμοιον</em></strong></span> <span class='ocrx_word' id='word_1_386' title='bbox 522 4119 581 4188; x_wconf 87' lang='grc' dir='ltr'><strong><em>τὸν</em></strong></span> <span class='ocrx_word' id='word_1_387' title='bbox 602 4120 690 4202; x_wconf 77' lang='grc' dir='ltr'><strong><em>υἱόν,</em></strong></span> <span class='ocrx_word' id='word_1_388' title='bbox 723 4117 807 4188; x_wconf 86' lang='grc' dir='ltr'><strong><em>ἀλλά</em></strong></span> <span class='ocrx_word' id='word_1_389' title='bbox 827 4117 948 4188; x_wconf 87' lang='grc' dir='ltr'><strong><em>ταύτὸν</em></strong></span> <span class='ocrx_word' id='word_1_390' title='bbox 969 4125 1008 4209; x_wconf 84' lang='grc' dir='ltr'><strong><em>τῇ</em></strong></span> <span class='ocrx_word' id='word_1_391' title='bbox 1033 4118 1192 4206; x_wconf 85' lang='grc' dir='ltr'><strong><em>ὁμοιώσει</em></strong></span> <span class='ocrx_word' id='word_1_392' title='bbox 1214 4122 1249 4189; x_wconf 75' lang='grc' dir='ltr'><strong><em>ἐκ</em></strong></span> <span class='ocrx_word' id='word_1_393' title='bbox 1269 4125 1328 4188; x_wconf 82' lang='grc' dir='ltr'><strong><em>τοῦ</em></strong></span> <span class='ocrx_word' id='word_1_394' title='bbox 1351 4114 1474 4202; x_wconf 74' lang='grc' dir='ltr'><strong><em>πατρὸς</em></strong></span> 
     </span>
     <span class='ocr_line' id='line_1_39' title="bbox 253 4211 1475 4310; baseline -0.004 -23"><span class='ocrx_word' id='word_1_395' title='bbox 253 4213 339 4287; x_wconf 80' lang='grc' dir='ltr'><strong><em>εἶναι</em></strong></span> <span class='ocrx_word' id='word_1_396' title='bbox 361 4228 557 4308; x_wconf 87' lang='grc' dir='ltr'><strong><em>σημαίνωσι,</em></strong></span> <span class='ocrx_word' id='word_1_397' title='bbox 580 4224 634 4288; x_wconf 84' lang='grc' dir='ltr'><strong><em>καί</em></strong></span> <span class='ocrx_word' id='word_1_398' title='bbox 657 4218 758 4310; x_wconf 87' lang='grc' dir='ltr'><strong><em>ἀλλην</em></strong></span> <span class='ocrx_word' id='word_1_399' title='bbox 781 4211 883 4289; x_wconf 83' lang='grc' dir='ltr'><strong><em>οὖσαν</em></strong></span> <span class='ocrx_word' id='word_1_400' title='bbox 905 4223 962 4308; x_wconf 75' lang='grc' dir='ltr'><strong><em>τὴν</em></strong></span> <span class='ocrx_word' id='word_1_401' title='bbox 984 4225 1043 4288; x_wconf 85' lang='grc' dir='ltr'><strong><em>τοῦ</em></strong></span> <span class='ocrx_word' id='word_1_402' title='bbox 1061 4223 1133 4289; x_wconf 76' lang='grc' dir='ltr'><strong><em>υἱοῦ</em></strong></span> <span class='ocrx_word' id='word_1_403' title='bbox 1146 4217 1307 4306; x_wconf 82' lang='grc' dir='ltr'><strong><em>ὁμοίωσιν</em></strong></span> <span class='ocrx_word' id='word_1_404' title='bbox 1319 4224 1372 4288; x_wconf 82' lang='grc' dir='ltr'><strong><em>καί</em></strong></span> <span class='ocrx_word' id='word_1_405' title='bbox 1384 4217 1475 4303; x_wconf 88' lang='grc' dir='ltr'><strong><em>ἀτρε-</em></strong></span> 
     </span>
     <span class='ocr_line' id='line_1_40' title="bbox 251 4316 1475 4410; baseline 0.003 -24"><span class='ocrx_word' id='word_1_406' title='bbox 251 4326 337 4400; x_wconf 81' lang='grc' dir='ltr'><strong><em>ψίαν</em></strong></span> <span class='ocrx_word' id='word_1_407' title='bbox 366 4321 500 4400; x_wconf 88' lang='grc' dir='ltr'><strong><em>δείξωσι</em></strong></span> <span class='ocrx_word' id='word_1_408' title='bbox 521 4322 615 4409; x_wconf 86' lang='grc' dir='ltr'><strong><em>παρὰ</em></strong></span> <span class='ocrx_word' id='word_1_409' title='bbox 635 4321 694 4410; x_wconf 81' lang='grc' dir='ltr'><strong><em>τὴν</em></strong></span> <span class='ocrx_word' id='word_1_410' title='bbox 717 4321 751 4389; x_wconf 80' lang='grc' dir='ltr'><strong><em>έν</em></strong></span> <span class='ocrx_word' id='word_1_411' title='bbox 771 4319 851 4409; x_wconf 81' lang='grc' dir='ltr'><strong><em>ἡμῖν</em></strong></span> <span class='ocrx_word' id='word_1_412' title='bbox 873 4323 1045 4410; x_wconf 88' lang='grc' dir='ltr'><strong><em>λεγομένην</em></strong></span> <span class='ocrx_word' id='word_1_413' title='bbox 1066 4329 1221 4410; x_wconf 86' lang='grc' dir='ltr'><strong><em>μίμησιν,</em></strong></span> <span class='ocrx_word' id='word_1_414' title='bbox 1244 4321 1283 4410; x_wconf 79' lang='grc' dir='ltr'><strong><em>ἣν</em></strong></span> <span class='ocrx_word' id='word_1_415' title='bbox 1305 4321 1341 4401; x_wconf 86' lang='grc' dir='ltr'><strong><em>έξ</em></strong></span> <span class='ocrx_word' id='word_1_416' title='bbox 1362 4316 1475 4405; x_wconf 73' lang='grc' dir='ltr'><strong><em>ἀρετῆς</em></strong></span> 
     </span>
    </p>
   </div>
   <div class='ocr_carea' id='block_1_3' title="bbox 206 4454 1476 4612">
    <p class='ocr_par' dir='ltr' id='par_1_6' title="bbox 206 4454 1476 4612">
     <span class='ocr_line' id='line_1_41' title="bbox 206 4454 1476 4537; baseline -0.009 -10"><span class='ocrx_word' id='word_1_417' title='bbox 206 4454 208 4458; x_wconf 77' lang='grc'><strong>’</strong></span> <span class='ocrx_word' id='word_1_418' title='bbox 323 4475 347 4534; x_wconf 81' lang='grc' dir='ltr'><strong><em>ιι</em></strong></span> <span class='ocrx_word' id='word_1_419' title='bbox 368 4476 389 4525; x_wconf 87' lang='grc' dir='ltr'><strong><em>ι.</em></strong></span> <span class='ocrx_word' id='word_1_420' title='bbox 409 4477 465 4526; x_wconf 69' lang='lat' dir='ltr'><strong>cor.</strong></span> <span class='ocrx_word' id='word_1_421' title='bbox 486 4477 525 4536; x_wconf 86' lang='grc' dir='ltr'><strong><em>ιι,</em></strong></span> <span class='ocrx_word' id='word_1_422' title='bbox 545 4478 568 4525; x_wconf 83' lang='grc' dir='ltr'><strong><em>ι.</em></strong></span> <span class='ocrx_word' id='word_1_423' title='bbox 652 4477 677 4534; x_wconf 82' lang='grc' dir='ltr'><strong><em>ιι</em></strong></span> <span class='ocrx_word' id='word_1_424' title='bbox 696 4479 719 4529; x_wconf 81' lang='lat'><strong><em>2.</em></strong></span> <span class='ocrx_word' id='word_1_425' title='bbox 739 4479 795 4530; x_wconf 76' lang='lat' dir='ltr'><strong>cor.</strong></span> <span class='ocrx_word' id='word_1_426' title='bbox 813 4479 838 4537; x_wconf 83' lang='grc' dir='ltr'><strong><em>ι,</em></strong></span> <span class='ocrx_word' id='word_1_427' title='bbox 860 4477 899 4526; x_wconf 87' lang='lat'><strong><em>11.</em></strong></span> <span class='ocrx_word' id='word_1_428' title='bbox 978 4476 1004 4534; x_wconf 79' lang='grc' dir='ltr'><strong><em>ει</em></strong></span> <span class='ocrx_word' id='word_1_429' title='bbox 1021 4479 1071 4528; x_wconf 76' lang='grc' dir='ltr'><strong><em>ιιι.</em></strong></span> <span class='ocrx_word' id='word_1_430' title='bbox 1092 4478 1131 4536; x_wconf 83' lang='grc' dir='ltr'><strong><em>ιι,</em></strong></span> <span class='ocrx_word' id='word_1_431' title='bbox 1150 4477 1192 4526; x_wconf 79' lang='grc' dir='ltr'><strong><em>κε.</em></strong></span> <span class='ocrx_word' id='word_1_432' title='bbox 1261 4470 1476 4534; x_wconf 59' lang='grc' dir='ltr'><strong><em>μεμάασι.</em></strong></span> 
     </span>
     <span class='ocr_line' id='line_1_42' title="bbox 252 4537 1475 4612; baseline -0.007 -21"><span class='ocrx_word' id='word_1_433' title='bbox 252 4541 280 4602; x_wconf 80' lang='grc' dir='ltr'><strong><em>ι)</em></strong></span> <span class='ocrx_word' id='word_1_434' title='bbox 298 4541 356 4593; x_wconf 75' lang='grc' dir='ltr'><strong><em>ιεει.</em></strong></span> <span class='ocrx_word' id='word_1_435' title='bbox 375 4543 458 4612; x_wconf 75' lang='grc' dir='ltr'><strong><em>κω.</em></strong></span> <span class='ocrx_word' id='word_1_436' title='bbox 518 4543 758 4607; x_wconf 76' lang='lat' dir='ltr'><strong>6)Exod.12,41.</strong></span> <span class='ocrx_word' id='word_1_437' title='bbox 810 4545 836 4605; x_wconf 79' lang='grc' dir='ltr'><strong><em>ιι</em></strong></span> <span class='ocrx_word' id='word_1_438' title='bbox 854 4545 918 4595; x_wconf 72' lang='grc' dir='ltr'><strong><em>νιιι.</em></strong></span> <span class='ocrx_word' id='word_1_439' title='bbox 937 4543 970 4594; x_wconf 85' lang='grc' dir='ltr'><strong><em>ιε</em></strong></span> <span class='ocrx_word' id='word_1_440' title='bbox 988 4539 1042 4609; x_wconf 79' lang='grc' dir='ltr'><strong><em>[ιε.</em></strong></span> <span class='ocrx_word' id='word_1_441' title='bbox 1060 4540 1149 4609; x_wconf 70' lang='grc' dir='ltr'><strong><em>ειμι,</em></strong></span> <span class='ocrx_word' id='word_1_442' title='bbox 1167 4544 1191 4594; x_wconf 84' lang='grc' dir='ltr'><strong><em>ε.</em></strong></span> <span class='ocrx_word' id='word_1_443' title='bbox 1244 4544 1271 4604; x_wconf 73' lang='grc' dir='ltr'><strong><em>ογ</em></strong></span> <span class='ocrx_word' id='word_1_444' title='bbox 1289 4544 1357 4593; x_wconf 69' lang='grc' dir='ltr'><strong><em>ναι.</em></strong></span> <span class='ocrx_word' id='word_1_445' title='bbox 1378 4540 1418 4600; x_wconf 85' lang='grc' dir='ltr'><strong><em>ιι,</em></strong></span> <span class='ocrx_word' id='word_1_446' title='bbox 1435 4537 1475 4586; x_wconf 86' lang='grc' dir='ltr'><strong><em>ιο.</em></strong></span> 
     </span>
    </p>
   </div>
   <div class='ocr_carea' id='block_1_4' title="bbox 0 0 1543 5056">
    <p class='ocr_par' dir='ltr' id='par_1_7' title="bbox 0 0 1543 5056">
     <span class='ocr_line' id='line_1_43' title="bbox 0 0 1543 5056; baseline 0 0"><span class='ocrx_word' id='word_1_447' title='bbox 0 0 1543 5056; x_wconf 95' lang='lat' dir='ltr'><strong><em> </em></strong></span> 
     </span>
    </p>
   </div>
  </div>
 </body>
</html>
