3110 5064
364 365 509 409 arrarum
523 365 562 410 oe
577 365 721 408 nemeen
736 365 881 410 arctante
896 366 1013 410 ernam,
1260 353 1302 418 29

96 529 257 598 receperunt
276 535 353 592 eoae,
377 517 457 580 dedit
478 520 521 579 eta
541 528 722 597 potestatem
742 517 824 598 filios
840 517 899 580 llet
916 518 996 600 fieri.
1040 518 1102 580 lllia
1125 537 1195 580 vero
1218 519 1385 582 eiua-rna.

94 619 151 682 dem
174 617 253 680 rotis
280 618 454 698 significatio
481 626 544 692 eat,
573 637 630 698 qua
651 617 736 680 Isaac
756 616 889 682 Abrabae
911 619 1018 681 dicitur
1039 619 1133 694 lilius,
1162 629 1193 682 et
1214 621 1301 684 laeob

93 720 186 790 lsaaci,
213 728 243 780 et
263 719 450 782 Patriarcbae
469 701 588 782 lambis
624 719 836 800 Respondeant
862 719 952 800 igitur
978 739 1038 799 quo
1061 739 1153 782 sensu
1174 721 1228 782 Dei
1249 722 1300 783 Fi-

93 822 153 884 liom
173 839 238 884 ease
260 819 469 902 intelligentes,
492 820 680 882 iserella
703 821 813 884 audant
834 819 973 884 effatus?
1016 821 1119 884 Nullus
1142 822 1220 884 enim
1243 821 1299 886 du-

93 924 155 992 bito,
175 923 243 1002 qoiu
264 923 302 984 ad
324 922 457 984 eamdem
480 921 673 984 devolvantur
693 921 874 1002 impietatem
897 930 984 1000 atque
1000 922 1169 986 Eusebiani.
1213 923 1301 996 Quod

94 1024 115 1084 si
135 1041 227 1086 vocem
248 1023 315 1086 Filii
338 1023 501 1086 secondum
523 1024 655 1103 priorem
678 1023 922 1102 significationem
939 1022 1034 1084 Verbo
1057 1025 1225 1098 attribuant,
1241 1043 1300 1104 quo

94 1143 184 1204 nempe
203 1143 295 1188 seusu
317 1123 366 1189 bis
388 1125 476 1187 etiam
499 1125 647 1198 convenit,
670 1124 720 1204 qui
743 1125 782 1187 ob
803 1143 904 1188 mures
926 1125 957 1186 in
979 1125 1085 1186 melius
1100 1133 1228 1187 mutatos
1244 1125 1302 1188 hoc

93 1226 198 1288 nomiae
224 1227 384 1306 dignantur
412 1235 441 1287 et
467 1235 647 1308 potestatem
674 1226 752 1288 lilios
773 1227 827 1290 lici
848 1226 913 1288 fieri
935 1227 1083 1307 accipiunt
1104 1231 1191 1306 (quae
1213 1227 1301 1288 etiam

94 1327 194 1390 illorum
215 1336 281 1390 erat
301 1329 466 1404 doctrinan
488 1328 525 1400 si,
547 1327 678 1408 implam,
701 1328 740 1390 ita
763 1329 866 1390 volunt
886 1347 964 1402 esse,
986 1326 1060 1389 nihil
1081 1347 1153 1390 sane
1175 1347 1192 1390 a
1214 1328 1300 1390 trabis

93 1429 204 1492 Verbum
224 1429 349 1492 differre
370 1430 528 1504 ridebitur,
550 1449 607 1492 nec
627 1427 798 1509 unigenitus
820 1429 963 1493 dicendus
985 1431 1053 1504 erit,
1076 1429 1185 1510 quippe
1207 1428 1302 1508 quiet
1337 1479 1344 1487 .

93 1529 147 1608 ipsc
169 1537 289 1611 propter
318 1531 456 1593 virtutem
481 1530 549 1592 Filii
576 1549 687 1592 numen
714 1531 752 1592 sit
778 1541 963 1595 consecutus.
1013 1532 1144 1611 Namque
1175 1531 1302 1598 etiamst,

93 1631 324 1707 quemadmodum
353 1632 504 1705 dictitant,
531 1632 597 1694 talis
626 1633 691 1692 lore
718 1634 943 1712 praecognitus,
972 1633 1058 1696 simul
1082 1641 1113 1694 ut
1135 1641 1221 1696 natos
1244 1642 1300 1704 est,

93 1730 145 1794 Filii
165 1751 269 1796 nomen
292 1733 442 1812 huiusque
464 1735 594 1796 nominis
617 1735 707 1796 decus
730 1735 890 1814 acceperit:
922 1743 1018 1796 tarrrcn
1042 1733 1113 1796 nibil
1135 1735 1212 1794 inter
1234 1754 1300 1796 eurn

93 1843 117 1892 et
144 1833 205 1896 illos
237 1834 393 1906 intererit,
429 1835 479 1914 qui
507 1844 575 1914 post
604 1835 667 1914 ipsa
699 1853 790 1914 opera
817 1835 923 1896 eodem
945 1835 1065 1896 nurnine
1089 1845 1160 1902 smtt
1181 1835 1301 1914 dignati,

92 1935 212 2012 quamdiu
240 1935 356 1998 scilicet
382 1936 447 2015 ipse
470 1955 533 1998 cam
556 1937 707 1998 dumtaxat
728 1937 766 1997 ob
788 1956 905 1998 causam
928 1937 1006 1998 lilius
1029 1957 1096 1998 esse
1118 1937 1301 2000 existimabi-

94 2045 140 2096 tur.
178 2037 296 2100 Etenim
316 2037 425 2110 nram,
454 2039 505 2117 qui
532 2037 656 2116 gratiam
685 2037 769 2100 initio
793 2045 959 2117 acceperat,
991 2038 1137 2118 simulque
1159 2047 1301 2100 acuatur

94 2145 131 2197 est
149 2137 176 2200 io
195 2138 334 2218 paradiso
356 2139 419 2221 luit¹
432 2139 605 2213 collocatos,
627 2139 700 2202 nihil
722 2139 875 2202 differebat
896 2140 932 2200 ab
953 2139 1087 2213 Enoclro,
1110 2140 1160 2219 qui
1182 2141 1301 2203 nonnisi
1311 2165 1377 2206 non

94 2238 174 2317 aliquo
199 2250 361 2320 postquam
394 2249 479 2302 natus
508 2249 556 2302 est
583 2248 734 2320 tempore,
763 2260 829 2302 cum
851 2240 913 2302 [leo
935 2240 1111 2320 placuisset,
1143 2243 1301 2304 translatus

95 2340 151 2415 luit,
170 2361 261 2422 oeque
286 2341 358 2408 item
381 2342 418 2404 ab
439 2343 599 2422 Apostolo,
631 2341 681 2420 qui
704 2343 818 2423 etipse
840 2351 1011 2423 postrecte
1033 2345 1106 2406 lecta
1129 2343 1159 2404 in
1181 2343 1300 2424 paradi-

95 2459 148 2502 sum
167 2453 209 2514 est
228 2451 355 2523 raptus;
384 2443 445 2506 imo
468 2461 523 2504 nec
545 2443 633 2504 etiarn
655 2444 691 2504 ab
714 2443 763 2504 illo
786 2443 917 2516 latrone,
945 2444 994 2506 cui
1017 2443 1054 2504 ob
1077 2445 1301 2507 contessionem

74 2539 255 2618 'promissum
281 2553 332 2606 est
351 2544 449 2624 ipsum
470 2546 612 2606 continuo
636 2545 666 2604 in
688 2545 826 2624 paradiso
849 2543 989 2606 loturum.

166 2749 191 2808 l.
234 2748 346 2810 Verum
369 2747 416 2808 his
439 2746 480 2808 illi
503 2746 691 2808 vehementer
712 2747 810 2824 pressi
836 2746 912 2807 idem
936 2750 1011 2806 torte
1033 2747 1208 2824 responsuri
1224 2756 1303 2820 suot,

96 2845 159 2922 qnod
186 2867 273 2928 saepe
304 2848 512 2910 erubescentes
542 2848 727 2910 dictitarent:
759 2848 829 2921 „lta
861 2847 1052 2925 intelligimus
1073 2847 1180 2910 Piliam
1213 2845 1304 2910 rebus

96 2949 226 3016 ‚metaris
247 2950 437 3023 antecellere,
461 2958 492 3011 et
512 2950 578 3012 ideo
601 2935 784 3028 unigenitum
808 2949 880 3022 dici,
905 2950 985 3028 qood
1006 2949 1072 3029 ipse
1093 2949 1177 3012 solos
1200 2969 1216 3011 e
1238 2949 1303 3012 solo

97 3045 169 3115 „llco
196 3053 292 3113 lactus
320 3051 376 3125 sit,
405 3059 502 3114 cetera
531 3071 599 3114 vero
628 3051 726 3112 omnia
755 3051 855 3114 allec
884 3071 937 3130 per
958 3043 1063 3114 Filium
1090 3052 1152 3114 sint
1173 3057 1302 3116 creater

95 3148 157 3218 Quis
182 3171 295 3230 quaeso
323 3153 442 3214 stultam
465 3151 542 3216 hanc
562 3164 592 3215 et
613 3171 718 3214 novam
740 3151 949 3231 cogitationem
973 3155 1058 3216 robis
1082 3154 1248 3234 suggessit,
1271 3165 1305 3216 ut

95 3251 228 3315 abimrctis
251 3254 350 3316 solum
373 3252 479 3316 Filium
502 3255 537 3316 ab
560 3255 626 3334 ipsc
649 3255 715 3316 solo
737 3255 823 3316 Patre
844 3257 954 3316 lactum
974 3255 1078 3328 luisse,
1102 3265 1216 3316 caetera
1232 3250 1315 3316 verc'

96 3353 178 3414 omnia
209 3377 263 3436 per
297 3355 404 3418 Filium
439 3365 576 3434 tanquam
605 3375 659 3436 per
692 3357 897 3420 administrum
930 3355 1024 3418 luisse
1054 3355 1222 3438 producta?
1271 3357 1303 3419 Si

96 3452 160 3516 ein
190 3475 258 3536 prae
287 3457 462 3520 lassitudine
487 3457 583 3518 solum
612 3457 715 3520 Filium
745 3459 881 3537 potuisse
909 3459 1009 3522 alleo
1038 3458 1160 3538 produci
1189 3459 1304 3530 relitia;

97 3552 155 3616 baec
173 3558 207 3620 de
227 3559 291 3622 Dec
314 3561 444 3638 cogitare
465 3558 588 3638 impium
611 3577 683 3622 sane
705 3561 803 3634 ltrerit,
826 3561 951 3622 maxime
973 3578 1040 3622 cum
1061 3559 1178 3622 Esaiam
1201 3561 1303 3622 dicen·

99 3663 145 3715 teor
167 3651 363 3724 briennus:
390 3661 473 3724 Dens
503 3665 722 3741 sempiternes,
751 3661 834 3724 Deos
870 3667 922 3742 qut
953 3667 1129 3738 eoaatrrgan't
1157 3666 1302 3724 tmmtnoe

99 3765 197 3835 terroe,
226 3781 290 3826 aon
323 3767 436 3826 esuriet
463 3781 556 3843 oeque
587 3763 752 3835 laborabit,
782 3783 836 3824 arec
858 3775 902 3826 eat
923 3768 1114 3842 investigatio
1138 3767 1304 3843 saptentiae

97 3859 159 3930 ties,
198 3861 351 3944 Siquidem
380 3863 443 3944 ipse
471 3864 571 3944 potius
599 3863 692 3924 robur
714 3863 845 3944 impertit
866 3863 1066 3926 enutrientibus
1089 3873 1120 3926 et
1140 3881 1195 3942 per
1217 3881 1303 3925 soom

97 3953 206 4023 Verbtun
233 3963 403 4028 laborantes
430 3975 553 4028 recreat.
598 3965 650 4026 Sin
679 3985 749 4028 vero
779 3967 933 4046 indignum
963 3967 1065 4044 seipso
1089 3983 1158 4024 esse
1180 3966 1302 4042 putarit,

97 4073 123 4118 ca
143 4079 172 4122 se
192 4065 323 4140 efficere,
352 4085 427 4146 quae
448 4076 518 4146 post
539 4066 644 4130 Filium
668 4077 737 4130 sunt
758 4069 918 4148 producta3
948 4067 977 4128 id
1000 4069 1086 4128 etiam
1110 4065 1223 4144 absque
1245 4067 1301 4146 igm-

97 4323 136 4358 ‘fflt
155 4316 236 4368 donini
257 4321 299 4372 uei
321 4326 369 4384 tui,
396 4331 421 4372 ot
444 4323 563 4374 custodias
588 4325 664 4374 omnio
749 4338 770 4371 a.
788 4315 836 4369 καί
853 4321 922 4370 deest
940 4320 963 4368 io
983 4319 1039 4381 lleg.

97 4383 190 4463 Madau
206 4385 262 4450 elea,
282 4405 341 4454 quoe
352 4406 393 4455 ego
402 4391 521 4456 praecipio
533 4393 576 4441 titt
585 4393 661 4454 bodie,
749 4390 772 4438 b.
791 4378 998 4466 oidileoartoiott
1020 4387 1089 4437 abest
1107 4403 1120 4437 a
1139 4389 1243 4438 Fatelrn.
1262 4405 1303 4440 se-

97 4451 118 4492 “3
136 4452 207 4510 lm.
224 4457 306 4509 lom
329 4465 351 4510 et
374 4460 438 4524 quod
459 4459 571 4522 placitum
589 4467 622 4509 eat
639 4461 664 4510 in
715 4457 792 4523 ptimo
810 4456 1030 4536 codrcejnoo'gmq
1041 4463 1064 4505 et
1076 4456 1171 4536 ab‘odit.
1185 4457 1302 4533 domaret.

100 4525 203 4591 ‘aspecto
219 4524 304 4575 domiai
321 4527 362 4578 liet
381 4529 424 4588 tol,
442 4527 487 4589 atti
504 4530 561 4578 ertia
573 4528 684 4580 namtas,
750 4525 847 4586 cllag.
865 4517 912 4572 δια
930 4537 980 4572 aco
998 4518 1082 4589 ioyeo
1099 4537 1212 4578 ecaton,
1234 4532 1258 4572 ut
1276 4531 1300 4573 et

100 4577 132 4628 ⁹²¹
146 4591 215 4639 ”Mi
672 4637 674 4642 .
716 4592 778 4644 inira
793 4599 848 4663 ante
864 4585 901 4644 aa
917 4586 1009 4642 πάντα
1025 4585 1060 4640 τά
1073 4604 1102 4640 τε
1118 4585 1204 4656 puori
1223 4599 1267 4632 atr.
