3110 5064
265 339 308 410 86
668 361 694 404 ε.
709 363 863 408 nummu
877 363 1099 410 τιοτιεειεοονι

177 525 255 570 ΜΠ.
264 508 467 596 θελήσουσιν
490 501 680 578 άντιθεῖναι
699 509 745 597 μή
766 511 990 597 γινώσκοντες.
1026 509 1188 598 οὖδαμῶς.
1222 507 1344 598 οὐγὰρ
1367 509 1485 592 ῶςάν-

263 615 409 697 θρωπσς
431 604 450 676 ό
470 609 563 691 θεός,
588 609 662 678 ἐπεὶ
683 612 784 700 Ιμηδὲ
806 614 839 679 ol
861 611 1043 700 άνθρωποι
1064 609 1110 692 ῶς
1132 608 1264 692 όθεός.
1302 613 1336 680 οί
1354 613 1484 700 μὲνγὰρ
1542 697 1543 704 ¹

264 711 302 792 ἐξ
320 707 400 799 ὅλης
420 715 475 780 καί
496 711 617 800 ταύτης
638 711 738 802 οόσης
759 718 951 802 παθητικῆς
973 712 1185 803 ἐκτίσθησαν,
1209 711 1280 782 ὅδὲ
1294 713 1378 795 θεὸς
1393 713 1485 793 άόλος

264 815 318 880 καὶ
342 807 527 898 άσώματες.
573 814 603 882 εί
625 815 662 882 δὲ
683 815 720 882 αί
741 810 838 882 αὗταί
861 817 965 896 λέξεις
987 817 1044 885 ἐπί
1066 820 1150 886 θεοῦ
1172 817 1227 885 καί
1242 811 1485 904 άνθριόπωνίν

264 924 340 993 ταῖς
361 919 474 995 θείαις
495 917 580 984 ποτε
601 926 726 984 κεῖνται
741 927 895 1006 γραφαῖς,
913 913 981 986 ἀλλ’
1000 914 1193 1006 ἀνθρώπων
1208 917 1278 985 ἐστὶ
1294 917 1484 1005 δωρατικῶν

132 1023 136 1032 ’
198 1039 207 1053 ·
265 1009 312 1094 ῶς
340 1016 557 1105 παρήγγειλεν
586 1011 777 1108 όΠαῶλος,
807 1026 979 1105 προςέχειν
1006 1023 1047 1109 τῇ
1070 1015 1252 1106 ἀναγνώσει
1261 1023 1298 1101 ¹),
1326 1021 1382 1086 καὶ
1406 1015 1484 1086 οότω

265 1117 452 1206 διακρίνειν,
475 1122 530 1186 καί
545 1119 629 1187 κατὰ
650 1120 708 1208 τήν
731 1118 869 1188 ἑκάστου
892 1125 958 1190 τῶν
981 1128 1230 1209 σημαινομένων
1254 1119 1356 1209 φάσιν
1377 1120 1421 1187 τά
1440 1145 1485 1204 γε·

263 1225 433 1305 γραμμίνα
454 1221 692 1308 διαγινώσκειν,
715 1225 769 1289 καί
791 1221 836 1310 μὴ
858 1227 1004 1309 συγχέειν
1025 1221 1084 1312 τήν
1099 1223 1260 1304 διάνοιαν,
1277 1219 1366 1290 ῶστε
1379 1221 1486 1290 τάτοῡ

263 1324 351 1390 θεοῦ
369 1322 415 1409 μή
439 1315 665 1409 ἀνθρωπίνως
687 1334 785 1405 νοεῖν,
807 1325 891 1412 μηδὲ
912 1323 955 1392 τὰ
968 1327 1035 1392 τῶν
1051 1319 1243 1412 ἀνθρώπων
1255 1320 1300 1404 ῶς
1315 1326 1396 1410 περὶ
1410 1326 1486 1390 θεοῦ

262 1445 349 1490 ποτε
369 1423 572 1508 λογίζεσθαι.
616 1427 716 1492 τοῦτο
737 1425 798 1512 γάρ
821 1425 893 1493 ίστι
907 1425 965 1493 τὸν
981 1421 1070 1494 οίνον
1085 1423 1183 1494 ῧδατι
1196 1427 1330 1511 μίξαιἿ,
1354 1429 1485 1510 καὶπῦρ

264 1521 440 1610 ἇλλότριον
461 1523 654 1611 ἐπιβάλλειν
677 1524 734 1594 ἐπί
756 1524 796 1592 τό
816 1527 1059 1615 θυσιαστήριον
1079 1531 1128 1616 τῷ
1151 1534 1237 1614 θείῳ
1259 1531 1352 1613 πυρί.

352 1633 401 1693 11.
446 1629 514 1694 Καί
541 1626 604 1715 γάρ
633 1629 688 1694 καὶ
718 1623 736 1693 ό
763 1629 847 1709 θεὸς
874 1630 989 1711 κτίζει,
1018 1633 1072 1698 καί
1103 1625 1154 1698 ἐπ’
1179 1624 1375 1716 ἀνθρώπων
1398 1627 1487 1696 δὲτὸ

242 1727 383 1810 κτίζειν
406 1727 542 1816 ε’ίρηται.
587 1731 643 1796 καὶ
665 1725 684 1794 ό
705 1731 765 1815 μὲν
786 1729 870 1809 θεὸς
892 1729 938 1798 ῶν
961 1732 1047 1812 ἐστι,
1072 1733 1223 1818 λέγονται
1245 1730 1359 1798 δὲκαὶ
1384 1727 1489 1796 σίάν-
1543 1765 1544 1828 3

263 1837 405 1919 θρωποι
427 1823 521 1907 εἶναι,
544 1829 638 1917 παρὰ
659 1835 744 1899 θεοῦ
765 1835 820 1899 καί
841 1835 940 1900 τοῦτο
963 1831 1119 1920 λαβόντες
1141 1833 1234 1916 ίχειν.
1281 1821 1329 1918 ἆρ’
1356 1821 1416 1898 σόν
1438 1827 1488 1896 02¹5-
1543 1841 1544 1922 η

227 2007 234 2020 ,
261 1957 329 2011 τως
350 1928 369 1998 ό
390 1930 474 2010 θεὸς
494 1933 596 2013 κτίζει
617 1928 663 2011 ῶς
677 1932 877 2020 άνθρωποις
906 1930 1048 2024 ἢοότως
1063 1932 1109 2001 ῶν
1125 1934 1215 2003 ἐστιν
1231 1930 1276 2012 ῶς
1291 1931 1488 2020 άνθρωποςς
1543 1989 1544 2012 2

259 2033 307 2121 μή
335 2039 480 2120 γένοιτο·
509 2032 618 2114 άλλως
645 2033 703 2102 ἐπί
724 2040 808 2103 θεοῦ
830 2034 890 2116 τάς
912 2037 1017 2116 λέξεις
1038 2035 1261 2121 λαμβάνομεν,
1296 2037 1351 2102 καί
1376 2035 1489 2120 ἑτέρως

264 2135 321 2202 ἐπί
342 2137 410 2202 τῶν
433 2131 626 2222 ἀνθρώπων
646 2135 768 2216 ταάιας
791 2137 1028 2223 διανοούμεθα.
1073 2133 1173 2221 ὃμὲν
1194 2135 1255 2223 γάρ
1278 2135 1361 2215 θεός
1382 2137 1488 2217 κτίζει,
1543 2135 1544 2142 '

264 2239 373 2304 καλῶν
394 2236 437 2302 τὰ
457 2235 503 2322 μή
526 2234 635 2316 ὅντιν’)
658 2238 705 2316 εἰς
726 2238 766 2303 τό
789 2233 888 2320 εἶναι,
913 2233 1046 2317 οὐδενὸς
1068 2237 1297 2322 ίπιδεόμενος,
1321 2239 1355 2306 οί
1378 2239 1418 2305 δὲ
1439 2235 1490 2304 άν-

263 2345 404 2425 θρωποι
424 2336 486 2426 τήν
505 2334 723 2424 ὑποκειμένην
744 2335 825 2427 ῧλην
848 2339 1048 2427 ἐργάζονται,
1073 2336 1245 2423 εὐξάμενοι
1259 2338 1427 2426 πρότερον
1440 2340 1489 2406 καὶ

264 2439 322 2527 τὴν
352 2435 536 2527 ἐπιστήμην
563 2441 623 2506 τοῦ
651 2449 764 2506 ποιεῖν
786 2439 944 2528 λαβόντες
964 2441 1059 2528 παρὰ
1079 2445 1138 2506 τοῦ
1161 2441 1273 2510 πάντα
1295 2439 1490 2527 δημιουργή-

265 2563 384 2621 σαντος
415 2544 501 2610 θεοῦ
532 2540 589 2608 διὰ
616 2543 675 2608 τοῦ
706 2541 791 2608 ίδίοο
820 2542 928 2630 λόγου.
974 2541 1077 2609 πάλιν
1106 2568 1142 2610 τε
1164 2543 1197 2614 ol
1217 2543 1278 2626 μὲν
1300 2540 1488 2628 ἅνθρωποι,

264 2638 303 2711 οό
326 2642 502 2728 δυνάμενοι
522 2636 619 2710 ι’καθ’
644 2642 781 2722 ἑαυτοὺς
803 2637 896 2725 εἶναι,
921 2644 955 2712 ίν
977 2643 1073 2731 τόπῳ
1095 2642 1307 2729 τυγχάνοντες
1320 2643 1387 2712 είσι
1398 2669 1490 2728 περι-

264 2746 421 2832 εχόμενοι,
445 2751 498 2814 καί
523 2750 724 2826 συνεστῶτες
746 2746 780 2812 ἒν
801 2749 849 2832 τῷ
871 2749 930 2812 τοῦ
950 2749 1033 2814 θεοῦ
1055 2745 1151 2832 λόγῳ,
1176 2740 1246 2812 όδὲ
1262 2743 1344 2823 θεός
1359 2742 1408 2811 ῶν
1425 2745 1491 2812 ἐστι

262 2843 339 2916 καθ’
364 2849 498 2928 ἑαυτόν,
527 2854 689 2933 περιέχων
718 2847 760 2914 τά
781 2846 908 2929 πάντα,
936 2851 990 2915 καί
1012 2842 1068 2914 ὕπ’
1094 2843 1227 2926 οὐδενός
1249 2845 1489 2933 περιεχόμενος,

262 2952 316 3014 καί
346 2948 380 3014 ἒν
407 2952 495 3014 πᾶσι
520 2955 581 3032 μέν
609 2949 681 3015 ἔστι
708 2949 792 3014 κατὰ
819 2947 878 3034 τὴν
906 2949 1024 3014 ἑαυτοῦ
1051 2944 1245 3036 άγαθότητα
1265 2950 1319 3014 καί
1343 2945 1489 3031 δύναμιν,

263 3048 326 3126 ἔξω
350 3048 387 3114 δὲ
406 3051 474 3114 τῶν
496 3049 632 3115 πάντων
653 3049 757 3116 πάλιν
780 3049 850 3115 ἐστί
872 3047 956 3114 κατὰ
976 3048 1035 3136 τήν
1058 3051 1146 3116 ἰδίαν
1161 3049 1270 3136 φάσιν.
1303 3045 1421 3134 ῶσπερ
1438 3038 1491 3113 οὖν
1544 3027 1545 3114 ί

264 3143 302 3214 σά
323 3145 381 3214 τόν
404 3145 504 3214 αὐτὸν
524 3147 651 3233 τρόπον
674 3151 707 3216 ol
729 3148 912 3234 ἄνθρωποι
925 3150 1098 3229 κτίζουσιν,
1116 3147 1218 3237 όνπερ
1233 3149 1360 3237 τρόπον
1377 3145 1395 3215 ό
1411 3147 1493 3225 θεὸς

262 3249 372 3330 κτίζει,
396 3243 470 3316 οὐδ’
496 3245 601 3336 οὕτως
623 3249 706 3318 είσίν
728 3250 762 3316 σί
783 3247 972 3337 άνθρωποι,
997 3247 1111 3336 ῶσπερ
1127 3251 1217 3320 ἐστίν
1233 3247 1363 3330 ὁθεός·
1387 3247 1493 3326 οὕτως

263 3350 372 3430 ἄλλως
394 3349 483 3418 ἐστίν
504 3346 524 3435 ἦ
546 3353 613 3417 τῶν
635 3346 829 3439 ἀνθρώπων
851 3357 985 3438 γένεσις,
1008 3351 1065 3420 καί
1086 3349 1195 3432 άλλως
1217 3352 1307 3419 ἐστίν
1330 3349 1348 3418 ό
1370 3350 1447 3430 υίὸς
1462 3351 1493 3416 ἐκ
1544 3393 1545 3398 1

261 3454 321 3520 τοῦ
344 3451 481 3540 πατρός.
526 3456 592 3520 τῶν
613 3455 674 3536 μὲν
695 3451 757 3542 γάρ
776 3447 969 3540 ἀνθρώπων
983 3453 1027 3522 τὰ
1040 3454 1225 3542 γεννήματα
1238 3459 1320 3540 μέρη
1336 3455 1413 3532 πῶς
1427 3455 1493 3519 τῶν

263 3553 452 3642 γεννώντων
475 3553 568 3636 είσίν,
591 3553 667 3623 ἐπεὶ
689 3558 743 3623 καί
766 3551 863 3643 “αότὴ
885 3560 952 3622 τῶν
974 3555 1138 3640 σωμάτων
1159 3551 1179 3640 ή
1203 3553 1304 3642 φύσις
1325 3549 1385 3638 οίιχ
1400 3551 1491 3620 άπλά

261 3663 313 3736 τίς
334 3657 433 3737 ἐστιν,
457 3653 542 3724 ἀλλὰ
563 3657 691 3744 ῥευστή,
714 3656 771 3726 καί
793 3657 827 3726 ἐκ
848 3660 957 3745 μερῶν
980 3658 1046 3741 ἔχει
1065 3656 1124 3742 τήν
1147 3656 1322 3724 σύνθεσιν·
1346 3650 1493 3742 άπορῥέ-

260 3765 338 3828 ουσί
358 3784 394 3826 τε
416 3756 598 3842 ἄνθρωποι
617 3763 800 3844 γεννῶντες,
823 3757 881 3826 καί
901 3758 1004 3827 πάλιν
1024 3759 1156 3846 ἐπιῤῥεί
1169 3757 1212 3824 τὰ
1227 3757 1262 3824 ἐκ
1275 3760 1342 3824 τῶν
1355 3759 1493 3846 τροφῶν

181 3863 184 3872 ⁴
262 3864 310 3942 είς
332 3855 452 3939 αὖτοὺς
474 3859 681 3946 είςαγόμενα·
705 3857 752 3928 δι’
777 3859 816 3948 ἢν
839 3861 948 3928 αἰτίαν
971 3863 1025 3927 καί
1047 3861 1183 3926 πολλῶν
1204 3858 1289 3926 κατὰ
1308 3857 1426 3943 καιρόν
1441 3864 1495 3923 τέ-

260 3991 345 4034 κνων
365 3972 514 4052 γίνονται
535 3967 676 4047 πατέρες
699 3964 732 4029 οἱ
754 3961 951 4049 ἄνθρωποι·
988 3957 1006 4026 ό
1034 3960 1070 4027 δὲ
1092 3959 1175 4040 θεὸς
1197 3955 1320 4049 άμερής
1342 3953 1389 4028 ῶν
1412 3954 1494 4043 άμε-

164 4075 384 4152 ,ναιερίστως
405 4065 474 4133 ἐστὶ
496 4061 552 4131 καί
573 4056 713 4150 ἀπαθής
733 4069 792 4130 τοῦ
814 4065 888 4132 υἱοῦ
911 4061 1030 4150 πατήρ.
1076 4060 1234 4148 οὔτεγὰρ
1257 4055 1409 4148 άπορῤοή
1433 4063 1492 4125 τοῦ

261 4163 441 4251 ἀσωμάτου
464 4165 568 4245 ἐστίν,
599 4159 665 4231 οὔτ’
690 4164 830 4252 ίπιῤῥοή
852 4189 904 4244 τις
926 4165 974 4243 είς
996 4158 1095 4230 αὐτὸν
1117 4170 1257 4250 γίνεται,
1289 4158 1335 4241 ῶς
1356 4155 1409 4228 ἐπ’
1435 4155 1494 4226 άν-

261 4269 429 4356 θρῶπων·
452 4264 581 4346 ἁπλοῦς
603 4268 639 4334 δὲ
662 4261 708 4334 ῶν
729 4264 788 4354 τήν
812 4267 922 4387 φύσιν,
946 4264 1020 4343 ἑνὸς
1039 4263 1096 4331 καί
1117 4264 1220 4350 μόνον
1242 4266 1303 4330 τοῦ
1325 4263 1401 4328 υίοῦ
1422 4285 1494 4328 πα-

261 4370 320 4460 τήρ
349 4369 431 4438 ἔστι.
476 4368 533 4435 διὰ
561 4372 658 4436 τοῦτο
685 4368 747 4454 γὰρ
770 4393 824 4434 και
845 4365 1023 4453 μονογενής
1046 4364 1132 4445 ἐστι,
1162 4367 1215 4431 καί
1237 4364 1340 4448 μόνος
1362 4363 1396 4432 ἐν
1417 4373 1494 4440 τοῖς

332 4591 581 4655 ί)1.ἲίω.4,ίθ.
651 4593 780 4652 ΜΝ
812 4589 845 4624 ‘¹⁹
923 4588 1139 4650 ²)nom.4‚17.
