3106 5056
497 343 654 394 aurien.
671 345 789 392 coarat
802 345 939 394 ursos.
1176 403 1180 418 Ι
1256 331 1323 398 417

95 497 130 564 ad
148 513 276 580 regantur
298 495 448 563 melorum
471 504 501 560 et
521 495 561 560 od
580 515 668 560 auum
682 496 802 560 Patrem
824 515 859 560 re
880 496 984 560 duoern
1007 495 1154 577 praebuit.
1176 515 1243 562 oum
1265 498 1408 566 nitzeur.

12 587 19 600 ’
96 601 155 682 Ego
178 619 247 662 sum
268 599 317 662 via
338 607 369 662 et
389 598 485 674 ἱιιιιιι,
508 617 543 664 so
562 617 618 680 per
639 617 687 662 nne
710 617 815 662 omnes
830 597 956 662 introire
971 607 1100 680 oportet.
1133 599 1324 681 Quapropter

96 701 311 785 primogenitus
334 721 371 764 ex
391 701 519 764 mortuis
548 701 672 774 dieitur,
700 717 763 762 non
789 700 870 780 quod
890 702 1006 781 primus
1027 709 1163 764 nostrum
1184 711 1323 766 mortuus

97 813 154 878 est,
187 821 248 868 nus
281 801 361 866 enim
392 801 477 883 prius
503 802 812 876 memineramus,
845 801 901 866 sed
926 799 996 882 quia
1023 811 1121 866 morte
1148 821 1205 884 pro
1233 802 1322 868 nobis

95 913 230 986 rnseeptn
253 913 285 967 et
304 904 454 967 desuuetn
473 903 591 984 primus
614 909 649 966 ut
668 903 759 968 bomo
780 903 902 977 revixit,
932 923 999 968 oum
1028 922 1116 968 auum
1137 921 1246 986 eorpus
1265 923 1323 985 pro

95 1005 180 1070 nobis
201 1025 241 1070 ex
260 1003 389 1070 mortuis
410 1005 556 1068 excitarit.
599 1004 678 1068 Hine
698 1004 779 1068 enim
799 1013 959 1088 postquam
974 1004 1084 1072 reuixit
1102 1005 1163 1079 iiie,
1184 1006 1244 1070 iarn
1264 1025 1350 1072 nos.

96 1107 232 1190 deiuoeps
254 1116 286 1172 et
306 1107 343 1172 ab
364 1107 416 1170 iiio
439 1117 470 1171 et
488 1111 613 1190 propter
634 1107 717 1172 iilum
738 1125 914 1172 revocamur
935 1125 1055 1190 quoque
1077 1107 1115 1172 ad
1136 1108 1237 1172 ritum.

181 1517 232 1581 62.
276 1513 414 1588 Quodsi
433 1519 657 1596 primogenitae
686 1524 848 1578 menturae
869 1514 996 1586 dieitur,
1021 1532 1085 1578 non
1110 1513 1200 1578 veluti
1221 1532 1323 1580 rerum

94 1624 258 1680 erenum
287 1615 417 1698 aequalis
446 1615 631 1678 ratbodem
658 1616 745 1697 prior
773 1624 910 1696 tempore
931 1616 990 1680 boo
1010 1615 1173 1697 appellatur
1204 1616 1326 1682 nomine

91 1719 153 1798 (qni
176 1719 257 1782 enim
278 1719 309 1782 id
331 1717 396 1782 fieri
417 1727 533 1800 posset,
556 1735 625 1780 eum
645 1717 711 1798 ipse
725 1717 766 1782 sit
779 1717 999 1798 augendaei),
1020 1719 1076 1782 sed
1091 1719 1131 1782 ob
1144 1718 1325 1798 singularem

90 1819 180 1884 Verbi
203 1839 272 1902 erga
294 1839 344 1884 res
365 1829 480 1882 meatus
509 1817 738 1898 benignitatem,
767 1837 825 1900 qua
854 1819 942 1882 etiam
970 1819 1131 1882 multorum
1154 1821 1249 1884 fretus
1278 1828 1410 1883 estesse.

90 1923 194 1986 mter.
237 1922 389 2003 Siquidem
412 1921 440 1984 is
463 1921 635 2002 unigenitus
657 1920 783 1994 dieiurr,
812 1920 860 1984 oui
882 1920 954 1984 nulii
976 1919 1026 1984 aiii
1049 1929 1120 1984 sunt
1141 1923 1267 1998 iratres,
1297 1923 1325 1986 is

89 2033 191 2090 autem
214 2024 323 2090 dieitur
343 2021 577 2104 primogenitus,
606 2023 654 2086 eui
676 2023 725 2102 aiii
748 2030 819 2086 sunt
840 2023 959 2086 iratres.
1003 2022 1081 2086 iiine
1100 2023 1182 2086 nullo
1204 2024 1236 2088 iu
1256 2023 1325 2088 loco

90 2125 314 2208 Suipmrarom
345 2126 454 2206 legitur
482 2128 705 2207 primopenitur
733 2124 792 2189 Dei
818 2135 870 2188 aut
903 2133 1050 2190 rreotm
1076 2123 1146 2200 Dei,
1181 2127 1233 2190 sed
1267 2127 1326 2190 ista

91 2227 291 2310 Uoipmitur,
321 2227 434 2300 Fiirirs,
471 2225 599 2290 Verbum
627 2235 658 2290 et
684 2225 843 2310 Sapientia
870 2226 907 2289 ad
927 2227 1047 2290 Patrem
1074 2229 1261 2302 reseruntur,
1288 2226 1326 2290 ad
1445 2291 1474 2306 ‚p

89 2347 178 2410 quem
203 2338 344 2412 tanquam
366 2329 436 2410 quid
458 2328 614 2411 proprium
635 2329 795 2408 pertinent
843 2327 973 2392 Vidimus
996 2328 1076 2392 enim
1096 2329 1229 2409 gioriom
1249 2333 1324 2402 rior,

86 2431 224 2512 gloriosi
245 2435 335 2514 proni
352 2434 503 2511 unigeniti
522 2448 541 2491 o
562 2429 666 2520 Putre,
690 2437 734 2494 et:
763 2429 848 2494 Misit
869 2429 952 2492 Deus
975 2429 1088 2492 Fidium
1109 2448 1199 2494 suurn
1219 2433 1327 2510 onigo-

86 2539 206 2606 rtitrurr,
236 2539 281 2596 et:
316 2532 355 2596 drr
376 2533 546 2605 merulam,
576 2531 720 2602 Domine,
755 2529 883 2594 Verbum
905 2541 992 2594 tuum
1009 2543 1186 2612 permanet,
1207 2539 1254 2592 et:
1287 2530 1327 2594 1rr

83 2639 246 2718 principio
269 2644 339 2698 erat
364 2633 499 2707 Verbum,
522 2643 553 2698 or
571 2631 699 2696 Verbum
721 2641 790 2694 arnt
811 2633 894 2712 opud
909 2631 1020 2707 *Dorou
1043 2639 1088 2694 et:
1113 2631 1254 2696 Christus
1270 2629 1329 2696 nea·

85 2741 193 2800 virtue
219 2745 249 2800 et
269 2735 329 2798 Dei
349 2739 514 2817 rapientis,
537 2741 583 2796 et:
615 2733 674 2796 Hir
695 2743 741 2798 arr
762 2732 859 2796 Fidiur
881 2751 966 2796 meur
988 2731 1131 2804 dilectus,
1155 2738 1200 2795 et:
1229 2729 1273 2794 Tu
1294 2749 1327 2796 et

86 2838 236 2902 ctrnrm
259 2835 357 2899 Filius
371 2837 432 2900 Dei
449 2840 591 2900 vineatis.
625 2834 850 2915 Prrioopeor'tas
866 2842 965 2896 autem
980 2831 1146 2914 appellatur
1160 2850 1197 2894 ex
1210 2847 1328 2894 summa

84 2957 142 3002 ana
165 2947 242 3019 erga
264 2945 393 3002 erenum
414 2945 549 3000 naturam
578 2935 779 3011 humanitate3
813 2934 878 2997 eius
906 2934 1016 3016 quippe
1044 2933 1141 2996 dietus
1169 2931 1258 2996 etiam
1281 2939 1329 2996 est

80 3039 323 3121 primogenitus.
367 3039 503 3102 Diotione
535 3047 633 3101 autem
667 3041 783 3102 orout
815 3035 999 3115 significatur
1032 3035 1141 3116 pano,
1175 3053 1264 3116 quam
1295 3033 1328 3098 in

82 3161 183 3226 opera
214 3141 355 3216 contudit3
387 3159 514 3220 namque
541 3140 573 3204 in
601 3139 650 3204 iiia
679 3146 805 3204 oreatus.
850 3137 883 3200 Si
904 3155 977 3220 ergo
999 3137 1170 3218 unigenitus
1193 3143 1255 3211 eet,
1284 3135 1328 3202 uti

81 3263 197 3308 revera
223 3252 278 3318 est,
301 3261 360 3306 vox
380 3242 438 3306 ista
456 3247 679 3324 primogenitus
702 3249 751 3304 est
771 3259 843 3304 sane
865 3240 1047 3321 explicanda.
1080 3239 1140 3302 Sed
1162 3239 1189 3302 si
1209 3237 1326 3320 primn-

80 3346 214 3426 genitus
239 3353 307 3420 est,
336 3344 507 3424 unigenitus
536 3344 594 3407 diei
615 3361 679 3406 non
701 3341 799 3406 debet.
842 3342 926 3406 idem
948 3341 1027 3404 enim
1049 3359 1111 3404 non
1132 3348 1235 3424 potest
1256 3339 1327 3404 uni-

81 3449 212 3528 genitus
238 3456 268 3508 et
288 3446 505 3527 primogenitus
529 3465 607 3520 esse,
630 3444 691 3510 nisi
713 3445 751 3508 ad
772 3443 888 3508 diversa
909 3443 1062 3525 respiciat,
1083 3443 1125 3506 ita
1141 3451 1175 3508 ut
1188 3440 1327 3522 unigeni·

81 3557 131 3614 tus
161 3548 292 3631 quidem
320 3548 449 3623 dicatur,
483 3555 629 3628 quatenus
658 3565 695 3610 ex
721 3546 809 3612 Patro
836 3545 954 3626 genitus
982 3552 1046 3620 est,
1079 3543 1327 3626 quemadmodum

79 3652 200 3716 dietum
228 3657 286 3725 est,
307 3650 526 3731 primogenitus
541 3669 624 3724 vero,
647 3655 793 3730 quatenus
809 3647 950 3726 singulari
965 3665 1034 3726 erga
1049 3655 1178 3710 creatam
1192 3651 1329 3707 naturam

76 3751 278 3834 benignitate
307 3771 381 3816 usus
412 3760 459 3814 est
480 3751 652 3832 multasque
675 3749 732 3814 sibi
753 3751 862 3812 iratres
884 3748 1023 3811 reddidit.
1068 3748 1155 3810 Certe
1176 3763 1244 3808 oum
1266 3744 1325 3806 duo

77 3856 128 3918 ilia
153 3853 287 3918 nomina
311 3853 390 3916 inter
412 3872 445 3916 se
474 3853 536 3914 sint
563 3851 729 3926 contraria,
762 3848 840 3911 baud
873 3849 1023 3910 immerito
1050 3845 1149 3929 possit
1176 3842 1326 3918 affirmari,

76 3975 202 4022 nomen
229 3953 373 4035 unigeniti
393 3953 516 4038 proprie
537 3955 632 4034 magis
648 3952 746 4016 Verbo
769 3951 939 4025 convenire,
963 3947 1202 4031 quandoquidem
1217 3943 1329 4008 nullum

111 4127 136 4164 e.
159 4111 273 4172 segnes
292 4107 362 4160 oser.
380 4116 403 4158 u
422 4087 527 4158 rreum.
539 4107 561 4158 1.
575 4109 690 4158 eorunm
737 4117 793 4158 eos.
818 4104 922 4154 nereum.
934 4101 959 4154 n.
975 4090 1128 4166 pomerio
1144 4089 1229 4152 ἔστιν,
1248 4089 1330 4162 trar-

73 4175 123 4230 καὶ
148 4173 186 4230 ἐν
216 4169 292 4242 ἀρχῇ
315 4161 349 4236 ἢν
373 4168 388 4223 ὃ
411 4169 492 4242 λόγος
514 4191 561 4229 uer
585 4191 612 4226 er
631 4176 690 4239 tegit
739 4168 861 4222 νευέσθω
870 4161 1057 4252 ,πρωτότοκος-ο.
1076 4166 1121 4216 iiii
1135 4175 1159 4216 et
1168 4165 1329 4242 edit3Comm.

74 4249 211 4302 Nunnius.
741 4233 765 4289 si
781 4233 836 4316 μὲν,
851 4252 900 4285 ουν
916 4249 1069 4304 μονογενης
1086 4226 1176 4284 low·
1199 4245 1238 4298 μη
1256 4223 1329 4280 ἔστιν

110 4349 129 4404 r.
159 4344 271 4400 sereno
290 4343 313 4394 n.
334 4335 607 4412 stereometriam.
644 4343 689 4394 ιιι
739 4318 925 4434 Ψζᾞζξ
949 4373 1006 4434 m
1025 4371 1123 4422 Gom
1142 4379 1165 4422 a
1183 4366 1288 4420 mm·
1308 4365 1330 4416 ¹·

74 4435 139 4470 ¹³³⁸·
160 4405 387 4480 σ’ΨπᾶβασΨ·
415 4444 419 4452 ’
741 4445 766 4494 t.
790 4450 815 4492 et
838 4442 863 4492 o.
886 4441 977 4490 addoni
999 4432 1046 4488 roi
1068 4437 1120 4499 τὴν
1143 4435 1202 4488 triv
1224 4429 1333 4484 ”MV

109 4533 135 4585 g.
155 4519 208 4570 Sie
237 4515 339 4576 Seguer.
356 4515 414 4578 Reg.
432 4493 524 4580 ingiie.
543 4520 567 4564 et
584 4512 691 4564 Feioim.
742 4501 978 4577 ἄδιλφοποίησιν,
996 4523 1059 4573 quaa
1076 4509 1100 4559 io
1119 4507 1172 4560 iiiia
1190 4513 1215 4556 et
1231 4505 1256 4554 io
1274 4499 1334 4551 edit.

73 4591 100 4642 4.
125 4588 185 4640 Sed
206 4583 306 4645 Angtio.
323 4574 355 4632 ri
373 4584 462 4635 omittit
478 4591 535 4636 ante
551 4573 691 4650 npurriro·
743 4579 854 4632 commel
872 4578 969 4630 derunt.

112 4677 265 4721 brunnam
275 4681 327 4716 arr.
336 4682 407 4717 nors.
421 4683 470 4715 arn.
1095 4657 1127 4712 27
