<?xml version="1.0" encoding="UTF-8"?>
<!DOCTYPE html PUBLIC "-//W3C//DTD XHTML 1.0 Transitional//EN"
    "http://www.w3.org/TR/xhtml1/DTD/xhtml1-transitional.dtd">
<html xmlns="http://www.w3.org/1999/xhtml" xml:lang="en" lang="en">
 <head>
  <title>
</title>
<meta http-equiv="Content-Type" content="text/html;charset=utf-8" />
  <meta name='ocr-system' content='tesseract 3.04.00' />
  <meta name='ocr-capabilities' content='ocr_page ocr_carea ocr_par ocr_line ocrx_word'/>
</head>
<body>
  <div class='ocr_page' id='page_1' title='image "./sanctiathanasii01athagoog_0794.png"; bbox 0 0 3128 5052; ppageno 0'>
   <div class='ocr_carea' id='block_1_1' title="bbox 457 353 1295 417">
    <p class='ocr_par' dir='ltr' id='par_1_1' title="bbox 457 353 1295 417">
     <span class='ocr_line' id='line_1_1' title="bbox 457 353 1295 417; baseline 0.004 -14"><span class='ocrx_word' id='word_1_1' title='bbox 457 357 605 403; x_wconf 68' lang='lat' dir='ltr'>BPIHOU</span> <span class='ocrx_word' id='word_1_2' title='bbox 620 357 653 401; x_wconf 84' lang='lat' dir='ltr'>ll·</span> <span class='ocrx_word' id='word_1_3' title='bbox 667 357 705 402; x_wconf 75' lang='lat' dir='ltr'>tu</span> <span class='ocrx_word' id='word_1_4' title='bbox 721 357 919 404; x_wconf 69' lang='lat' dir='ltr'>emulum.</span> <span class='ocrx_word' id='word_1_5' title='bbox 1234 353 1295 417; x_wconf 74' lang='grc'>’153</span> 
     </span>
    </p>
   </div>
   <div class='ocr_carea' id='block_1_2' title="bbox 50 509 1479 606">
    <p class='ocr_par' dir='ltr' id='par_1_2' title="bbox 50 509 1479 606">
     <span class='ocr_line' id='line_1_2' title="bbox 50 509 1479 606; baseline 0.006 -35"><span class='ocrx_word' id='word_1_6' title='bbox 50 517 111 584; x_wconf 84' lang='lat' dir='ltr'>est,</span> <span class='ocrx_word' id='word_1_7' title='bbox 134 510 195 606; x_wconf 50' lang='lat' dir='ltr'>pul</span> <span class='ocrx_word' id='word_1_8' title='bbox 209 518 279 570; x_wconf 85' lang='lat' dir='ltr'>erat</span> <span class='ocrx_word' id='word_1_9' title='bbox 301 519 330 571; x_wconf 84' lang='lat' dir='ltr'>et</span> <span class='ocrx_word' id='word_1_10' title='bbox 352 511 405 589; x_wconf 78' lang='lat' dir='ltr'>pul</span> <span class='ocrx_word' id='word_1_11' title='bbox 425 521 576 574; x_wconf 70' lang='lat' dir='ltr'>emtum</span> <span class='ocrx_word' id='word_1_12' title='bbox 599 520 653 582; x_wconf 83' lang='lat' dir='ltr'>eet,</span> <span class='ocrx_word' id='word_1_13' title='bbox 678 515 884 590; x_wconf 70' lang='lat' dir='ltr'>omnipotetem</span> <span class='ocrx_word' id='word_1_14' title='bbox 922 511 986 574; x_wconf 84' lang='lat' dir='ltr'>Lux</span> <span class='ocrx_word' id='word_1_15' title='bbox 1003 516 1168 603; x_wconf 78' lang='lat' dir='ltr'>estPater3</span> <span class='ocrx_word' id='word_1_16' title='bbox 1190 518 1382 599; x_wconf 69' lang='lat' dir='ltr'>splen-unsa.</span> <span class='ocrx_word' id='word_1_17' title='bbox 1463 509 1479 525; x_wconf 75' lang='lat'><em>⁶</em></span> 
     </span>
    </p>
   </div>
   <div class='ocr_carea' id='block_1_3' title="bbox 3 609 1298 1586">
    <p class='ocr_par' dir='ltr' id='par_1_3' title="bbox 3 609 1298 1586">
     <span class='ocr_line' id='line_1_3' title="bbox 50 609 1297 690; baseline 0.008 -18"><span class='ocrx_word' id='word_1_18' title='bbox 50 611 111 672; x_wconf 85' lang='lat' dir='ltr'>dor</span> <span class='ocrx_word' id='word_1_19' title='bbox 139 619 170 672; x_wconf 90' lang='lat' dir='ltr'>at</span> <span class='ocrx_word' id='word_1_20' title='bbox 197 610 346 682; x_wconf 66' lang='lat' dir='ltr'>lumem</span> <span class='ocrx_word' id='word_1_21' title='bbox 375 617 421 670; x_wconf 89' lang='lat' dir='ltr'>est</span> <span class='ocrx_word' id='word_1_22' title='bbox 442 609 545 672; x_wconf 77' lang='lat' dir='ltr'>iilius.</span> <span class='ocrx_word' id='word_1_23' title='bbox 588 609 669 672; x_wconf 85' lang='lat' dir='ltr'>Deus</span> <span class='ocrx_word' id='word_1_24' title='bbox 697 629 787 672; x_wconf 81' lang='lat' dir='ltr'>verus</span> <span class='ocrx_word' id='word_1_25' title='bbox 815 620 863 672; x_wconf 88' lang='lat' dir='ltr'>est</span> <span class='ocrx_word' id='word_1_26' title='bbox 889 612 993 690; x_wconf 78' lang='lat' dir='ltr'>Pater3</span> <span class='ocrx_word' id='word_1_27' title='bbox 1021 615 1101 680; x_wconf 85' lang='lat' dir='ltr'>Deus</span> <span class='ocrx_word' id='word_1_28' title='bbox 1132 629 1297 684; x_wconf 72' lang='lat' dir='ltr'>natusest</span> 
     </span>
     <span class='ocr_line' id='line_1_4' title="bbox 50 711 1294 793; baseline 0.014 -22"><span class='ocrx_word' id='word_1_29' title='bbox 50 730 175 790; x_wconf 84' lang='lat' dir='ltr'>quoque</span> <span class='ocrx_word' id='word_1_30' title='bbox 197 711 302 774; x_wconf 84' lang='lat' dir='ltr'>Filius.</span> <span class='ocrx_word' id='word_1_31' title='bbox 346 712 390 774; x_wconf 90' lang='lat' dir='ltr'>lta</span> <span class='ocrx_word' id='word_1_32' title='bbox 412 712 492 774; x_wconf 87' lang='lat' dir='ltr'>euim</span> <span class='ocrx_word' id='word_1_33' title='bbox 520 712 642 793; x_wconf 78' lang='lat' dir='ltr'><strong>scripsit</strong></span> <span class='ocrx_word' id='word_1_34' title='bbox 661 713 808 775; x_wconf 88' lang='lat' dir='ltr'>loannes:</span> <span class='ocrx_word' id='word_1_35' title='bbox 837 713 951 776; x_wconf 76' lang='lat' dir='ltr'>Sumus</span> <span class='ocrx_word' id='word_1_36' title='bbox 981 721 1014 778; x_wconf 81' lang='lat' dir='ltr'>in</span> <span class='ocrx_word' id='word_1_37' title='bbox 1041 737 1130 791; x_wconf 85' lang='lat' dir='ltr'>nero,</span> <span class='ocrx_word' id='word_1_38' title='bbox 1159 726 1193 786; x_wconf 77' lang='lat' dir='ltr'>in</span> <span class='ocrx_word' id='word_1_39' title='bbox 1215 722 1294 787; x_wconf 73' lang='lat' dir='ltr'>retu</span> 
     </span>
     <span class='ocr_line' id='line_1_5' title="bbox 50 811 1293 903; baseline 0.011 -29"><span class='ocrx_word' id='word_1_40' title='bbox 50 817 121 876; x_wconf 78' lang='lat' dir='ltr'>erite</span> <span class='ocrx_word' id='word_1_41' title='bbox 144 811 216 874; x_wconf 84' lang='lat' dir='ltr'>Iesu</span> <span class='ocrx_word' id='word_1_42' title='bbox 241 812 371 875; x_wconf 77' lang='lat' dir='ltr'>Cbre&#39;sto.</span> <span class='ocrx_word' id='word_1_43' title='bbox 415 812 475 876; x_wconf 81' lang='lat' dir='ltr'>Hie</span> <span class='ocrx_word' id='word_1_44' title='bbox 496 826 544 878; x_wconf 83' lang='lat' dir='ltr'>est</span> <span class='ocrx_word' id='word_1_45' title='bbox 565 831 657 878; x_wconf 79' lang='lat' dir='ltr'>veruo</span> <span class='ocrx_word' id='word_1_46' title='bbox 672 814 756 877; x_wconf 80' lang='lat' dir='ltr'>Deus</span> <span class='ocrx_word' id='word_1_47' title='bbox 778 827 808 879; x_wconf 84' lang='lat' dir='ltr'>et</span> <span class='ocrx_word' id='word_1_48' title='bbox 830 819 894 878; x_wconf 80' lang='lat' dir='ltr'>nita</span> <span class='ocrx_word' id='word_1_49' title='bbox 917 826 1054 880; x_wconf 78' lang='lat' dir='ltr'>aeterno.</span> <span class='ocrx_word' id='word_1_50' title='bbox 1097 819 1230 903; x_wconf 76' lang='lat' dir='ltr'>lienique</span> <span class='ocrx_word' id='word_1_51' title='bbox 1244 824 1293 886; x_wconf 90' lang='lat' dir='ltr'>ni-</span> 
     </span>
     <span class='ocr_line' id='line_1_6' title="bbox 48 913 1293 994; baseline 0.012 -20"><span class='ocrx_word' id='word_1_52' title='bbox 48 914 96 974; x_wconf 85' lang='lat' dir='ltr'>hil</span> <span class='ocrx_word' id='word_1_53' title='bbox 119 913 211 976; x_wconf 91' lang='lat' dir='ltr'>habet</span> <span class='ocrx_word' id='word_1_54' title='bbox 229 913 335 988; x_wconf 85' lang='lat' dir='ltr'>Pater,</span> <span class='ocrx_word' id='word_1_55' title='bbox 368 915 450 994; x_wconf 87' lang='lat' dir='ltr'>quod</span> <span class='ocrx_word' id='word_1_56' title='bbox 478 933 541 977; x_wconf 91' lang='lat' dir='ltr'>non</span> <span class='ocrx_word' id='word_1_57' title='bbox 565 915 605 977; x_wconf 87' lang='lat' dir='ltr'>sit</span> <span class='ocrx_word' id='word_1_58' title='bbox 625 913 703 978; x_wconf 83' lang='lat' dir='ltr'>Filii.</span> <span class='ocrx_word' id='word_1_59' title='bbox 746 915 861 979; x_wconf 82' lang='lat' dir='ltr'>ideireo</span> <span class='ocrx_word' id='word_1_60' title='bbox 886 917 965 978; x_wconf 89' lang='lat' dir='ltr'>enim</span> <span class='ocrx_word' id='word_1_61' title='bbox 988 917 1082 979; x_wconf 83' lang='lat' dir='ltr'>Filius</span> <span class='ocrx_word' id='word_1_62' title='bbox 1104 920 1136 982; x_wconf 93' lang='lat' dir='ltr'>in</span> <span class='ocrx_word' id='word_1_63' title='bbox 1156 923 1242 988; x_wconf 87' lang='lat' dir='ltr'>Patre</span> <span class='ocrx_word' id='word_1_64' title='bbox 1264 933 1293 988; x_wconf 91' lang='lat' dir='ltr'>et</span> 
     </span>
     <span class='ocr_line' id='line_1_7' title="bbox 49 1015 1294 1096; baseline 0.011 -20"><span class='ocrx_word' id='word_1_65' title='bbox 49 1015 144 1078; x_wconf 89' lang='lat' dir='ltr'>Pater</span> <span class='ocrx_word' id='word_1_66' title='bbox 165 1017 196 1080; x_wconf 90' lang='lat' dir='ltr'>in</span> <span class='ocrx_word' id='word_1_67' title='bbox 218 1015 293 1077; x_wconf 85' lang='lat' dir='ltr'>Filio</span> <span class='ocrx_word' id='word_1_68' title='bbox 316 1023 374 1090; x_wconf 83' lang='lat' dir='ltr'>est,</span> <span class='ocrx_word' id='word_1_69' title='bbox 396 1015 465 1095; x_wconf 87' lang='lat' dir='ltr'>quia</span> <span class='ocrx_word' id='word_1_70' title='bbox 487 1035 563 1096; x_wconf 82' lang='lat' dir='ltr'>quae</span> <span class='ocrx_word' id='word_1_71' title='bbox 585 1024 657 1080; x_wconf 85' lang='lat' dir='ltr'>sunt</span> <span class='ocrx_word' id='word_1_72' title='bbox 677 1017 786 1091; x_wconf 88' lang='lat' dir='ltr'>Patris,</span> <span class='ocrx_word' id='word_1_73' title='bbox 807 1017 882 1081; x_wconf 80' lang='lat' dir='ltr'>baec</span> <span class='ocrx_word' id='word_1_74' title='bbox 904 1018 933 1082; x_wconf 89' lang='lat' dir='ltr'>in</span> <span class='ocrx_word' id='word_1_75' title='bbox 948 1019 1026 1080; x_wconf 84' lang='lat' dir='ltr'>Filio</span> <span class='ocrx_word' id='word_1_76' title='bbox 1043 1029 1123 1092; x_wconf 81' lang='lat' dir='ltr'>sunt,</span> <span class='ocrx_word' id='word_1_77' title='bbox 1146 1031 1294 1090; x_wconf 85' lang='lat' dir='ltr'>etrursus</span> 
     </span>
     <span class='ocr_line' id='line_1_8' title="bbox 51 1115 1295 1204; baseline 0.008 -26"><span class='ocrx_word' id='word_1_78' title='bbox 51 1117 160 1178; x_wconf 86' lang='lat' dir='ltr'>eadem</span> <span class='ocrx_word' id='word_1_79' title='bbox 182 1116 214 1178; x_wconf 90' lang='lat' dir='ltr'>in</span> <span class='ocrx_word' id='word_1_80' title='bbox 235 1117 324 1179; x_wconf 87' lang='lat' dir='ltr'>Patre</span> <span class='ocrx_word' id='word_1_81' title='bbox 352 1115 567 1197; x_wconf 77' lang='lat' dir='ltr'>intelliguntur.</span> <span class='ocrx_word' id='word_1_82' title='bbox 615 1119 660 1180; x_wconf 86' lang='lat' dir='ltr'>ita</span> <span class='ocrx_word' id='word_1_83' title='bbox 690 1137 763 1182; x_wconf 81' lang='lat' dir='ltr'>sane</span> <span class='ocrx_word' id='word_1_84' title='bbox 791 1120 870 1183; x_wconf 60' lang='lat' dir='ltr'>laud</span> <span class='ocrx_word' id='word_1_85' title='bbox 900 1121 1025 1200; x_wconf 72' lang='lat' dir='ltr'>intelligi</span> <span class='ocrx_word' id='word_1_86' title='bbox 1048 1121 1154 1184; x_wconf 87' lang='lat' dir='ltr'>debet:</span> <span class='ocrx_word' id='word_1_87' title='bbox 1182 1125 1245 1204; x_wconf 69' lang='lat' dir='ltr'>Bon</span> <span class='ocrx_word' id='word_1_88' title='bbox 1265 1139 1295 1189; x_wconf 85' lang='lat' dir='ltr'>et</span> 
     </span>
     <span class='ocr_line' id='line_1_9' title="bbox 50 1218 1297 1298; baseline 0.005 -18"><span class='ocrx_word' id='word_1_89' title='bbox 50 1218 150 1282; x_wconf 79' lang='lat' dir='ltr'>Potor</span> <span class='ocrx_word' id='word_1_90' title='bbox 170 1237 267 1280; x_wconf 82' lang='lat' dir='ltr'>unum</span> <span class='ocrx_word' id='word_1_91' title='bbox 289 1237 404 1291; x_wconf 76' lang='lat' dir='ltr'>sumus,</span> <span class='ocrx_word' id='word_1_92' title='bbox 428 1218 582 1298; x_wconf 90' lang='lat' dir='ltr'>quianon</span> <span class='ocrx_word' id='word_1_93' title='bbox 604 1219 659 1282; x_wconf 89' lang='lat' dir='ltr'>alia</span> <span class='ocrx_word' id='word_1_94' title='bbox 680 1229 753 1282; x_wconf 88' lang='lat' dir='ltr'>sunt</span> <span class='ocrx_word' id='word_1_95' title='bbox 774 1221 805 1282; x_wconf 93' lang='lat' dir='ltr'>in</span> <span class='ocrx_word' id='word_1_96' title='bbox 826 1221 916 1284; x_wconf 83' lang='lat' dir='ltr'>Patre</span> <span class='ocrx_word' id='word_1_97' title='bbox 938 1231 968 1284; x_wconf 88' lang='lat' dir='ltr'>et</span> <span class='ocrx_word' id='word_1_98' title='bbox 990 1222 1046 1284; x_wconf 89' lang='lat' dir='ltr'>alia</span> <span class='ocrx_word' id='word_1_99' title='bbox 1069 1223 1102 1285; x_wconf 90' lang='lat' dir='ltr'>in</span> <span class='ocrx_word' id='word_1_100' title='bbox 1123 1223 1220 1298; x_wconf 80' lang='lat' dir='ltr'>Filio,</span> <span class='ocrx_word' id='word_1_101' title='bbox 1243 1226 1297 1288; x_wconf 86' lang='lat' dir='ltr'>sed</span> 
     </span>
     <span class='ocr_line' id='line_1_10' title="bbox 3 1318 1298 1402; baseline 0.005 -20"><span class='ocrx_word' id='word_1_102' title='bbox 3 1339 4 1370; x_wconf 74' lang='lat'>1</span> <span class='ocrx_word' id='word_1_103' title='bbox 51 1338 131 1399; x_wconf 90' lang='lat' dir='ltr'>quae</span> <span class='ocrx_word' id='word_1_104' title='bbox 154 1318 184 1380; x_wconf 94' lang='lat' dir='ltr'>in</span> <span class='ocrx_word' id='word_1_105' title='bbox 206 1319 294 1382; x_wconf 88' lang='lat' dir='ltr'>Patre</span> <span class='ocrx_word' id='word_1_106' title='bbox 323 1327 410 1394; x_wconf 83' lang='lat' dir='ltr'>sunt,</span> <span class='ocrx_word' id='word_1_107' title='bbox 439 1320 542 1382; x_wconf 88' lang='lat' dir='ltr'>eadem</span> <span class='ocrx_word' id='word_1_108' title='bbox 571 1329 643 1384; x_wconf 90' lang='lat' dir='ltr'>sunt</span> <span class='ocrx_word' id='word_1_109' title='bbox 669 1322 700 1384; x_wconf 93' lang='lat' dir='ltr'>in</span> <span class='ocrx_word' id='word_1_110' title='bbox 722 1321 807 1383; x_wconf 81' lang='lat' dir='ltr'>Filio.</span> <span class='ocrx_word' id='word_1_111' title='bbox 852 1323 937 1385; x_wconf 87' lang='lat' dir='ltr'>Unde</span> <span class='ocrx_word' id='word_1_112' title='bbox 959 1323 1029 1402; x_wconf 87' lang='lat' dir='ltr'>qnia</span> <span class='ocrx_word' id='word_1_113' title='bbox 1058 1341 1135 1402; x_wconf 87' lang='lat' dir='ltr'>quae</span> <span class='ocrx_word' id='word_1_114' title='bbox 1157 1325 1189 1386; x_wconf 91' lang='lat' dir='ltr'>in</span> <span class='ocrx_word' id='word_1_115' title='bbox 1209 1324 1298 1388; x_wconf 81' lang='lat' dir='ltr'>Patre</span> 
     </span>
     <span class='ocr_line' id='line_1_11' title="bbox 50 1420 1298 1506; baseline 0.008 -26"><span class='ocrx_word' id='word_1_116' title='bbox 50 1421 137 1483; x_wconf 86' lang='lat' dir='ltr'>vides</span> <span class='ocrx_word' id='word_1_117' title='bbox 159 1420 243 1483; x_wconf 86' lang='lat' dir='ltr'>vides</span> <span class='ocrx_word' id='word_1_118' title='bbox 265 1439 385 1501; x_wconf 87' lang='lat' dir='ltr'>qunque</span> <span class='ocrx_word' id='word_1_119' title='bbox 406 1420 438 1484; x_wconf 93' lang='lat' dir='ltr'>in</span> <span class='ocrx_word' id='word_1_120' title='bbox 459 1420 546 1498; x_wconf 84' lang='lat' dir='ltr'>Filio,</span> <span class='ocrx_word' id='word_1_121' title='bbox 569 1429 650 1485; x_wconf 85' lang='lat' dir='ltr'>reete</span> <span class='ocrx_word' id='word_1_122' title='bbox 672 1422 743 1486; x_wconf 88' lang='lat' dir='ltr'>illud</span> <span class='ocrx_word' id='word_1_123' title='bbox 765 1423 955 1506; x_wconf 76' lang='lat' dir='ltr'>intelligitur:</span> <span class='ocrx_word' id='word_1_124' title='bbox 982 1425 1048 1499; x_wconf 74' lang='lat' dir='ltr'>Qut</span> <span class='ocrx_word' id='word_1_125' title='bbox 1068 1426 1151 1490; x_wconf 77' lang='lat' dir='ltr'>uidet</span> <span class='ocrx_word' id='word_1_126' title='bbox 1171 1445 1227 1498; x_wconf 84' lang='lat' dir='ltr'>me,</span> <span class='ocrx_word' id='word_1_127' title='bbox 1250 1431 1298 1490; x_wconf 88' lang='lat' dir='ltr'>ni·</span> 
     </span>
     <span class='ocr_line' id='line_1_12' title="bbox 51 1521 258 1586; baseline -0.005 -1"><span class='ocrx_word' id='word_1_128' title='bbox 51 1525 103 1585; x_wconf 87' lang='lat' dir='ltr'>det</span> <span class='ocrx_word' id='word_1_129' title='bbox 126 1521 258 1586; x_wconf 85' lang='lat' dir='ltr'>Patrem.</span> 
     </span>
    </p>
   </div>
   <div class='ocr_carea' id='block_1_4' title="bbox 1 1724 1368 3939">
    <p class='ocr_par' dir='ltr' id='par_1_4' title="bbox 1 1724 1368 3939">
     <span class='ocr_line' id='line_1_13' title="bbox 141 1724 1294 1816; baseline 0.003 -25"><span class='ocrx_word' id='word_1_130' title='bbox 141 1728 172 1791; x_wconf 88' lang='lat'>3.</span> <span class='ocrx_word' id='word_1_131' title='bbox 217 1724 271 1787; x_wconf 83' lang='lat' dir='ltr'>His</span> <span class='ocrx_word' id='word_1_132' title='bbox 294 1743 365 1805; x_wconf 74' lang='lat' dir='ltr'>ergo</span> <span class='ocrx_word' id='word_1_133' title='bbox 387 1725 428 1788; x_wconf 86' lang='lat' dir='ltr'>ita</span> <span class='ocrx_word' id='word_1_134' title='bbox 450 1725 634 1788; x_wconf 76' lang='lat' dir='ltr'>confirmatis</span> <span class='ocrx_word' id='word_1_135' title='bbox 656 1725 768 1805; x_wconf 87' lang='lat' dir='ltr'>impius</span> <span class='ocrx_word' id='word_1_136' title='bbox 792 1724 859 1786; x_wconf 88' lang='lat' dir='ltr'>siue</span> <span class='ocrx_word' id='word_1_137' title='bbox 881 1725 972 1788; x_wconf 92' lang='lat' dir='ltr'>dubio</span> <span class='ocrx_word' id='word_1_138' title='bbox 994 1727 1045 1790; x_wconf 91' lang='lat' dir='ltr'>ille</span> <span class='ocrx_word' id='word_1_139' title='bbox 1066 1727 1222 1792; x_wconf 86' lang='lat' dir='ltr'>habendus</span> <span class='ocrx_word' id='word_1_140' title='bbox 1238 1741 1294 1816; x_wconf 81' lang='lat' dir='ltr'>est,</span> 
     </span>
     <span class='ocr_line' id='line_1_14' title="bbox 2 1825 1294 1910; baseline 0.005 -20"><span class='ocrx_word' id='word_1_141' title='bbox 2 1857 3 1866; x_wconf 19' lang='grc' dir='ltr'><strong>κ</strong></span> <span class='ocrx_word' id='word_1_142' title='bbox 50 1827 103 1906; x_wconf 86' lang='lat' dir='ltr'>qui</span> <span class='ocrx_word' id='word_1_143' title='bbox 126 1827 234 1890; x_wconf 81' lang='lat' dir='ltr'>Filium</span> <span class='ocrx_word' id='word_1_144' title='bbox 254 1846 318 1890; x_wconf 86' lang='lat' dir='ltr'>rem</span> <span class='ocrx_word' id='word_1_145' title='bbox 341 1835 468 1890; x_wconf 78' lang='lat' dir='ltr'>mentam</span> <span class='ocrx_word' id='word_1_146' title='bbox 485 1845 555 1890; x_wconf 88' lang='lat' dir='ltr'>esse</span> <span class='ocrx_word' id='word_1_147' title='bbox 570 1827 732 1888; x_wconf 81' lang='lat' dir='ltr'>contendit</span> <span class='ocrx_word' id='word_1_148' title='bbox 777 1825 948 1890; x_wconf 86' lang='lat' dir='ltr'>Hinoenim</span> <span class='ocrx_word' id='word_1_149' title='bbox 964 1830 1051 1891; x_wconf 81' lang='lat' dir='ltr'>lateri</span> <span class='ocrx_word' id='word_1_150' title='bbox 1073 1839 1207 1910; x_wconf 78' lang='lat' dir='ltr'>cogetur,</span> <span class='ocrx_word' id='word_1_151' title='bbox 1229 1849 1294 1896; x_wconf 84' lang='lat' dir='ltr'>rem</span> 
     </span>
     <span class='ocr_line' id='line_1_15' title="bbox 51 1928 1293 2018; baseline 0.004 -27"><span class='ocrx_word' id='word_1_152' title='bbox 51 1938 182 1991; x_wconf 87' lang='lat' dir='ltr'>creatam</span> <span class='ocrx_word' id='word_1_153' title='bbox 204 1929 303 2018; x_wconf 84' lang='lat' dir='ltr'>ipsum</span> <span class='ocrx_word' id='word_1_154' title='bbox 326 1947 445 2008; x_wconf 86' lang='lat' dir='ltr'>quoque</span> <span class='ocrx_word' id='word_1_155' title='bbox 467 1947 537 1992; x_wconf 87' lang='lat' dir='ltr'>esse</span> <span class='ocrx_word' id='word_1_156' title='bbox 559 1929 690 2004; x_wconf 83' lang='lat' dir='ltr'>iontem,</span> <span class='ocrx_word' id='word_1_157' title='bbox 722 1928 801 1990; x_wconf 87' lang='lat' dir='ltr'>uude</span> <span class='ocrx_word' id='word_1_158' title='bbox 828 1937 946 1992; x_wconf 75' lang='lat' dir='ltr'>emanet</span> <span class='ocrx_word' id='word_1_159' title='bbox 972 1940 1070 1993; x_wconf 86' lang='lat' dir='ltr'>oreatn</span> <span class='ocrx_word' id='word_1_160' title='bbox 1093 1932 1241 2011; x_wconf 84' lang='lat' dir='ltr'>snpientia</span> <span class='ocrx_word' id='word_1_161' title='bbox 1263 1941 1293 1997; x_wconf 91' lang='lat' dir='ltr'>et</span> 
     </span>
     <span class='ocr_line' id='line_1_16' title="bbox 1 2030 1289 2112; baseline 0.005 -20"><span class='ocrx_word' id='word_1_162' title='bbox 1 2063 2 2077; x_wconf 33' lang='grc' dir='ltr'><strong>κ</strong></span> <span class='ocrx_word' id='word_1_163' title='bbox 50 2031 195 2104; x_wconf 84' lang='lat' dir='ltr'>Verbum,</span> <span class='ocrx_word' id='word_1_164' title='bbox 218 2031 248 2092; x_wconf 91' lang='lat' dir='ltr'>in</span> <span class='ocrx_word' id='word_1_165' title='bbox 270 2049 330 2110; x_wconf 88' lang='lat' dir='ltr'>quo</span> <span class='ocrx_word' id='word_1_166' title='bbox 353 2030 463 2108; x_wconf 85' lang='lat' dir='ltr'>omnin,</span> <span class='ocrx_word' id='word_1_167' title='bbox 485 2049 561 2112; x_wconf 83' lang='lat' dir='ltr'>quae</span> <span class='ocrx_word' id='word_1_168' title='bbox 587 2031 685 2094; x_wconf 85' lang='lat' dir='ltr'>Patris</span> <span class='ocrx_word' id='word_1_169' title='bbox 709 2037 798 2105; x_wconf 90' lang='lat' dir='ltr'>sunt,</span> <span class='ocrx_word' id='word_1_170' title='bbox 821 2031 961 2092; x_wconf 76' lang='lat' dir='ltr'>existunt</span> <span class='ocrx_word' id='word_1_171' title='bbox 1004 2032 1164 2094; x_wconf 82' lang='lat' dir='ltr'>Praeterea</span> <span class='ocrx_word' id='word_1_172' title='bbox 1185 2035 1232 2096; x_wconf 81' lang='lat' dir='ltr'>vel</span> <span class='ocrx_word' id='word_1_173' title='bbox 1254 2053 1289 2098; x_wconf 77' lang='lat' dir='ltr'>ex</span> 
     </span>
     <span class='ocr_line' id='line_1_17' title="bbox 1 2131 1290 2220; baseline 0.003 -26"><span class='ocrx_word' id='word_1_174' title='bbox 1 2166 2 2174; x_wconf 25' lang='grc' dir='ltr'><strong>κ</strong></span> <span class='ocrx_word' id='word_1_175' title='bbox 50 2132 101 2194; x_wconf 89' lang='lat' dir='ltr'>bis</span> <span class='ocrx_word' id='word_1_176' title='bbox 124 2132 338 2220; x_wconf 76' lang='lat' dir='ltr'>cumprehendi</span> <span class='ocrx_word' id='word_1_177' title='bbox 358 2141 477 2212; x_wconf 89' lang='lat' dir='ltr'>potest,</span> <span class='ocrx_word' id='word_1_178' title='bbox 500 2151 588 2214; x_wconf 84' lang='lat' dir='ltr'>quum</span> <span class='ocrx_word' id='word_1_179' title='bbox 610 2131 703 2197; x_wconf 82' lang='lat' dir='ltr'>tuutis</span> <span class='ocrx_word' id='word_1_180' title='bbox 726 2132 768 2194; x_wconf 90' lang='lat' dir='ltr'>sit</span> <span class='ocrx_word' id='word_1_181' title='bbox 786 2131 963 2198; x_wconf 73' lang='lat' dir='ltr'>brianonum</span> <span class='ocrx_word' id='word_1_182' title='bbox 986 2133 1133 2196; x_wconf 85' lang='lat' dir='ltr'>haeresis.</span> <span class='ocrx_word' id='word_1_183' title='bbox 1175 2135 1290 2215; x_wconf 85' lang='lat' dir='ltr'>Nempe</span> 
     </span>
     <span class='ocr_line' id='line_1_18' title="bbox 51 2233 1288 2314; baseline 0.002 -18"><span class='ocrx_word' id='word_1_184' title='bbox 51 2253 181 2314; x_wconf 85' lang='lat' dir='ltr'>quorum</span> <span class='ocrx_word' id='word_1_185' title='bbox 205 2251 308 2296; x_wconf 87' lang='lat' dir='ltr'>sumus</span> <span class='ocrx_word' id='word_1_186' title='bbox 331 2234 462 2309; x_wconf 84' lang='lat' dir='ltr'>similes,</span> <span class='ocrx_word' id='word_1_187' title='bbox 493 2234 618 2298; x_wconf 84' lang='lat' dir='ltr'>eandem</span> <span class='ocrx_word' id='word_1_188' title='bbox 647 2251 767 2313; x_wconf 82' lang='lat' dir='ltr'>quoqne</span> <span class='ocrx_word' id='word_1_189' title='bbox 794 2251 882 2312; x_wconf 85' lang='lat' dir='ltr'>quam</span> <span class='ocrx_word' id='word_1_190' title='bbox 911 2233 953 2295; x_wconf 92' lang='lat' dir='ltr'>illi</span> <span class='ocrx_word' id='word_1_191' title='bbox 974 2243 1110 2296; x_wconf 75' lang='lat' dir='ltr'>naturam</span> <span class='ocrx_word' id='word_1_192' title='bbox 1132 2235 1288 2310; x_wconf 83' lang='lat' dir='ltr'>babemus.</span> 
     </span>
     <span class='ocr_line' id='line_1_19' title="bbox 1 2334 1289 2415; baseline 0.001 -17"><span class='ocrx_word' id='word_1_193' title='bbox 1 2374 2 2406; x_wconf 57' lang='lat'>2</span> <span class='ocrx_word' id='word_1_194' title='bbox 53 2343 143 2415; x_wconf 80' lang='lat' dir='ltr'>atque</span> <span class='ocrx_word' id='word_1_195' title='bbox 165 2335 240 2398; x_wconf 87' lang='lat' dir='ltr'>adeo</span> <span class='ocrx_word' id='word_1_196' title='bbox 263 2335 535 2400; x_wconf 85' lang='lat' dir='ltr'>consubstantiales</span> <span class='ocrx_word' id='word_1_197' title='bbox 558 2353 674 2398; x_wconf 89' lang='lat' dir='ltr'>sumus.</span> <span class='ocrx_word' id='word_1_198' title='bbox 720 2334 796 2407; x_wconf 85' lang='lat' dir='ltr'>Quia</span> <span class='ocrx_word' id='word_1_199' title='bbox 817 2335 908 2414; x_wconf 79' lang='lat' dir='ltr'>igitur</span> <span class='ocrx_word' id='word_1_200' title='bbox 938 2335 1078 2397; x_wconf 88' lang='lat' dir='ltr'>homines</span> <span class='ocrx_word' id='word_1_201' title='bbox 1100 2336 1214 2398; x_wconf 86' lang='lat' dir='ltr'>similes</span> <span class='ocrx_word' id='word_1_202' title='bbox 1235 2355 1289 2399; x_wconf 90' lang='lat' dir='ltr'>su·</span> 
     </span>
     <span class='ocr_line' id='line_1_20' title="bbox 49 2435 1288 2512; baseline 0.002 -12"><span class='ocrx_word' id='word_1_203' title='bbox 49 2455 120 2500; x_wconf 90' lang='lat' dir='ltr'>mus</span> <span class='ocrx_word' id='word_1_204' title='bbox 144 2445 174 2499; x_wconf 89' lang='lat' dir='ltr'>et</span> <span class='ocrx_word' id='word_1_205' title='bbox 195 2437 298 2499; x_wconf 89' lang='lat' dir='ltr'>eadem</span> <span class='ocrx_word' id='word_1_206' title='bbox 321 2435 409 2500; x_wconf 89' lang='lat' dir='ltr'>nobis</span> <span class='ocrx_word' id='word_1_207' title='bbox 431 2445 616 2512; x_wconf 79' lang='lat' dir='ltr'>ostentum,</span> <span class='ocrx_word' id='word_1_208' title='bbox 640 2453 745 2498; x_wconf 86' lang='lat' dir='ltr'>sumus</span> <span class='ocrx_word' id='word_1_209' title='bbox 767 2435 878 2498; x_wconf 85' lang='lat' dir='ltr'>ideireo</span> <span class='ocrx_word' id='word_1_210' title='bbox 901 2436 1025 2500; x_wconf 79' lang='lat' dir='ltr'>invioem</span> <span class='ocrx_word' id='word_1_211' title='bbox 1045 2437 1288 2502; x_wconf 80' lang='lat' dir='ltr'>cousubstantia-</span> 
     </span>
     <span class='ocr_line' id='line_1_21' title="bbox 1 2537 1290 2618; baseline 0.002 -18"><span class='ocrx_word' id='word_1_212' title='bbox 1 2578 2 2584; x_wconf 22' lang='grc' dir='ltr'><strong>κ</strong></span> <span class='ocrx_word' id='word_1_213' title='bbox 48 2539 106 2602; x_wconf 86' lang='lat' dir='ltr'>les.</span> <span class='ocrx_word' id='word_1_214' title='bbox 151 2537 263 2602; x_wconf 77' lang='lat' dir='ltr'>Eodem</span> <span class='ocrx_word' id='word_1_215' title='bbox 291 2539 370 2602; x_wconf 88' lang='lat' dir='ltr'>enim</span> <span class='ocrx_word' id='word_1_216' title='bbox 399 2539 538 2602; x_wconf 89' lang='lat' dir='ltr'>omnibus</span> <span class='ocrx_word' id='word_1_217' title='bbox 568 2547 616 2602; x_wconf 92' lang='lat' dir='ltr'>est</span> <span class='ocrx_word' id='word_1_218' title='bbox 642 2537 826 2614; x_wconf 78' lang='lat' dir='ltr'>mortalitas,</span> <span class='ocrx_word' id='word_1_219' title='bbox 858 2538 1027 2618; x_wconf 87' lang='lat' dir='ltr'>norruptio,</span> <span class='ocrx_word' id='word_1_220' title='bbox 1056 2539 1238 2602; x_wconf 71' lang='lat' dir='ltr'>mutabilitas</span> <span class='ocrx_word' id='word_1_221' title='bbox 1259 2548 1290 2602; x_wconf 89' lang='lat' dir='ltr'>et</span> 
     </span>
     <span class='ocr_line' id='line_1_22' title="bbox 1 2639 1287 2722; baseline 0.002 -20"><span class='ocrx_word' id='word_1_222' title='bbox 1 2682 3 2690; x_wconf 40' lang='lat' dir='ltr'>t</span> <span class='ocrx_word' id='word_1_223' title='bbox 51 2643 140 2722; x_wconf 78' lang='lat' dir='ltr'>origo</span> <span class='ocrx_word' id='word_1_224' title='bbox 162 2659 198 2702; x_wconf 81' lang='lat' dir='ltr'>ex</span> <span class='ocrx_word' id='word_1_225' title='bbox 219 2640 323 2703; x_wconf 86' lang='lat' dir='ltr'>nihilo.</span> <span class='ocrx_word' id='word_1_226' title='bbox 366 2641 470 2720; x_wconf 78' lang='lat' dir='ltr'>Augeb&#39;</span> <span class='ocrx_word' id='word_1_227' title='bbox 492 2639 605 2721; x_wconf 87' lang='lat' dir='ltr'>pariter</span> <span class='ocrx_word' id='word_1_228' title='bbox 632 2641 711 2703; x_wconf 87' lang='lat' dir='ltr'>iuter</span> <span class='ocrx_word' id='word_1_229' title='bbox 738 2659 772 2704; x_wconf 90' lang='lat' dir='ltr'>se</span> <span class='ocrx_word' id='word_1_230' title='bbox 795 2641 910 2722; x_wconf 90' lang='lat' dir='ltr'>aliaque</span> <span class='ocrx_word' id='word_1_231' title='bbox 934 2641 1033 2703; x_wconf 91' lang='lat' dir='ltr'>omnia</span> <span class='ocrx_word' id='word_1_232' title='bbox 1056 2649 1177 2704; x_wconf 90' lang='lat' dir='ltr'>naturae</span> <span class='ocrx_word' id='word_1_233' title='bbox 1200 2641 1287 2704; x_wconf 82' lang='lat' dir='ltr'>sinri-</span> 
     </span>
     <span class='ocr_line' id='line_1_23' title="bbox 48 2741 1287 2824; baseline 0.002 -20"><span class='ocrx_word' id='word_1_234' title='bbox 48 2743 176 2805; x_wconf 89' lang='lat' dir='ltr'>litudine</span> <span class='ocrx_word' id='word_1_235' title='bbox 198 2761 301 2806; x_wconf 87' lang='lat' dir='ltr'>secum</span> <span class='ocrx_word' id='word_1_236' title='bbox 328 2741 518 2806; x_wconf 81' lang='lat' dir='ltr'>conveniunt.</span> <span class='ocrx_word' id='word_1_237' title='bbox 562 2743 740 2806; x_wconf 80' lang='lat' dir='ltr'>scrutentur</span> <span class='ocrx_word' id='word_1_238' title='bbox 767 2761 839 2822; x_wconf 83' lang='lat' dir='ltr'>ergo</span> <span class='ocrx_word' id='word_1_239' title='bbox 864 2743 1001 2806; x_wconf 89' lang='lat' dir='ltr'>bomines</span> <span class='ocrx_word' id='word_1_240' title='bbox 1023 2743 1091 2822; x_wconf 90' lang='lat' dir='ltr'>plus</span> <span class='ocrx_word' id='word_1_241' title='bbox 1112 2761 1209 2824; x_wconf 83' lang='lat' dir='ltr'>aequo</span> <span class='ocrx_word' id='word_1_242' title='bbox 1232 2761 1287 2806; x_wconf 91' lang='lat' dir='ltr'>ou·</span> 
     </span>
     <span class='ocr_line' id='line_1_24' title="bbox 1 2843 1286 2925; baseline 0.002 -19"><span class='ocrx_word' id='word_1_243' title='bbox 1 2867 2 2872; x_wconf 47' lang='lat'>¹</span> <span class='ocrx_word' id='word_1_244' title='bbox 49 2845 145 2920; x_wconf 88' lang='lat' dir='ltr'>riosi,</span> <span class='ocrx_word' id='word_1_245' title='bbox 175 2844 200 2905; x_wconf 90' lang='lat' dir='ltr'>si</span> <span class='ocrx_word' id='word_1_246' title='bbox 224 2845 302 2906; x_wconf 86' lang='lat' dir='ltr'>iuter</span> <span class='ocrx_word' id='word_1_247' title='bbox 322 2843 429 2906; x_wconf 81' lang='lat' dir='ltr'>Filium</span> <span class='ocrx_word' id='word_1_248' title='bbox 453 2853 482 2908; x_wconf 92' lang='lat' dir='ltr'>et</span> <span class='ocrx_word' id='word_1_249' title='bbox 503 2863 554 2906; x_wconf 87' lang='lat' dir='ltr'>res</span> <span class='ocrx_word' id='word_1_250' title='bbox 577 2853 690 2906; x_wconf 83' lang='lat' dir='ltr'>creatas</span> <span class='ocrx_word' id='word_1_251' title='bbox 714 2844 833 2906; x_wconf 87' lang='lat' dir='ltr'>intersit</span> <span class='ocrx_word' id='word_1_252' title='bbox 854 2844 952 2925; x_wconf 82' lang='lat' dir='ltr'>aliqua</span> <span class='ocrx_word' id='word_1_253' title='bbox 979 2843 1160 2918; x_wconf 87' lang='lat' dir='ltr'>similitudo,</span> <span class='ocrx_word' id='word_1_254' title='bbox 1189 2844 1237 2908; x_wconf 78' lang='lat' dir='ltr'>rel</span> <span class='ocrx_word' id='word_1_255' title='bbox 1259 2846 1286 2908; x_wconf 95' lang='lat' dir='ltr'>si</span> 
     </span>
     <span class='ocr_line' id='line_1_25' title="bbox 1 2944 1287 3027; baseline 0.003 -19"><span class='ocrx_word' id='word_1_256' title='bbox 1 2992 3 2998; x_wconf 25' lang='lat' dir='ltr'>r</span> <span class='ocrx_word' id='word_1_257' title='bbox 50 2966 96 3022; x_wconf 87' lang='lat' dir='ltr'>ea,</span> <span class='ocrx_word' id='word_1_258' title='bbox 121 2965 197 3027; x_wconf 87' lang='lat' dir='ltr'>quae</span> <span class='ocrx_word' id='word_1_259' title='bbox 219 2947 250 3008; x_wconf 91' lang='lat' dir='ltr'>in</span> <span class='ocrx_word' id='word_1_260' title='bbox 271 2944 347 3006; x_wconf 88' lang='lat' dir='ltr'>Filio</span> <span class='ocrx_word' id='word_1_261' title='bbox 371 2953 450 3020; x_wconf 84' lang='lat' dir='ltr'>sunt,</span> <span class='ocrx_word' id='word_1_262' title='bbox 473 2945 504 3008; x_wconf 93' lang='lat' dir='ltr'>in</span> <span class='ocrx_word' id='word_1_263' title='bbox 526 2945 618 3009; x_wconf 89' lang='lat' dir='ltr'>rebus</span> <span class='ocrx_word' id='word_1_264' title='bbox 640 2945 725 3008; x_wconf 72' lang='lat' dir='ltr'>loebe</span> <span class='ocrx_word' id='word_1_265' title='bbox 747 2947 883 3026; x_wconf 85' lang='lat' dir='ltr'>reperire</span> <span class='ocrx_word' id='word_1_266' title='bbox 897 2946 1026 3026; x_wconf 79' lang='lat' dir='ltr'>possint,</span> <span class='ocrx_word' id='word_1_267' title='bbox 1050 2965 1109 3026; x_wconf 86' lang='lat' dir='ltr'>qno</span> <span class='ocrx_word' id='word_1_268' title='bbox 1124 2946 1184 3010; x_wconf 87' lang='lat' dir='ltr'>illis</span> <span class='ocrx_word' id='word_1_269' title='bbox 1199 2947 1287 3012; x_wconf 86' lang='lat' dir='ltr'>lineat</span> 
     </span>
     <span class='ocr_line' id='line_1_26' title="bbox 1 3047 1334 3128; baseline 0.005 -22"><span class='ocrx_word' id='word_1_270' title='bbox 1 3099 2 3106; x_wconf 74' lang='grc'>,</span> <span class='ocrx_word' id='word_1_271' title='bbox 48 3048 182 3110; x_wconf 83' lang='lat' dir='ltr'>Verbum</span> <span class='ocrx_word' id='word_1_272' title='bbox 203 3048 259 3110; x_wconf 87' lang='lat' dir='ltr'>Dei</span> <span class='ocrx_word' id='word_1_273' title='bbox 279 3066 345 3110; x_wconf 87' lang='lat' dir='ltr'>rem</span> <span class='ocrx_word' id='word_1_274' title='bbox 367 3055 496 3110; x_wconf 86' lang='lat' dir='ltr'>creatam</span> <span class='ocrx_word' id='word_1_275' title='bbox 518 3047 677 3128; x_wconf 86' lang='lat' dir='ltr'>appellere.</span> <span class='ocrx_word' id='word_1_276' title='bbox 721 3047 831 3110; x_wconf 83' lang='lat' dir='ltr'>Verum</span> <span class='ocrx_word' id='word_1_277' title='bbox 852 3047 882 3110; x_wconf 90' lang='lat' dir='ltr'>id</span> <span class='ocrx_word' id='word_1_278' title='bbox 899 3065 1050 3128; x_wconf 85' lang='lat' dir='ltr'>uunquam</span> <span class='ocrx_word' id='word_1_279' title='bbox 1064 3047 1216 3110; x_wconf 82' lang='lat' dir='ltr'>invenient</span> <span class='ocrx_word' id='word_1_280' title='bbox 1229 3047 1285 3112; x_wconf 80' lang='lat' dir='ltr'>viri</span> <span class='ocrx_word' id='word_1_281' title='bbox 1329 3054 1334 3072; x_wconf 88' lang='lat'>&#39;</span> 
     </span>
     <span class='ocr_line' id='line_1_27' title="bbox 1 3148 1368 3230; baseline 0.001 -23"><span class='ocrx_word' id='word_1_282' title='bbox 1 3195 2 3206; x_wconf 68' lang='grc'>,</span> <span class='ocrx_word' id='word_1_283' title='bbox 47 3167 194 3230; x_wconf 83' lang='lat' dir='ltr'>perquam</span> <span class='ocrx_word' id='word_1_284' title='bbox 223 3148 373 3211; x_wconf 87' lang='lat' dir='ltr'>temerarii</span> <span class='ocrx_word' id='word_1_285' title='bbox 401 3157 489 3227; x_wconf 82' lang='lat' dir='ltr'>atque</span> <span class='ocrx_word' id='word_1_286' title='bbox 517 3167 533 3210; x_wconf 91' lang='lat' dir='ltr'>a</span> <span class='ocrx_word' id='word_1_287' title='bbox 561 3156 630 3212; x_wconf 78' lang='lat' dir='ltr'>uere</span> <span class='ocrx_word' id='word_1_288' title='bbox 663 3148 772 3229; x_wconf 90' lang='lat' dir='ltr'>pietate</span> <span class='ocrx_word' id='word_1_289' title='bbox 800 3149 983 3212; x_wconf 76' lang='lat' dir='ltr'>oberrantes.</span> <span class='ocrx_word' id='word_1_290' title='bbox 1026 3149 1101 3211; x_wconf 86' lang='lat' dir='ltr'>Nam</span> <span class='ocrx_word' id='word_1_291' title='bbox 1129 3149 1161 3212; x_wconf 93' lang='lat' dir='ltr'>in</span> <span class='ocrx_word' id='word_1_292' title='bbox 1191 3149 1368 3214; x_wconf 72' lang='lat' dir='ltr'>rebuseess.</span> 
     </span>
     <span class='ocr_line' id='line_1_28' title="bbox 49 3249 1286 3331; baseline 0.004 -19"><span class='ocrx_word' id='word_1_293' title='bbox 49 3251 160 3313; x_wconf 84' lang='lat' dir='ltr'>creatis</span> <span class='ocrx_word' id='word_1_294' title='bbox 182 3249 254 3312; x_wconf 91' lang='lat' dir='ltr'>nibil</span> <span class='ocrx_word' id='word_1_295' title='bbox 277 3259 324 3312; x_wconf 85' lang='lat' dir='ltr'>est</span> <span class='ocrx_word' id='word_1_296' title='bbox 346 3249 552 3330; x_wconf 88' lang='lat' dir='ltr'>omnipotens,</span> <span class='ocrx_word' id='word_1_297' title='bbox 582 3251 721 3331; x_wconf 82' lang='lat' dir='ltr'>nullaque</span> <span class='ocrx_word' id='word_1_298' title='bbox 749 3252 780 3314; x_wconf 92' lang='lat' dir='ltr'>in</span> <span class='ocrx_word' id='word_1_299' title='bbox 808 3251 931 3313; x_wconf 86' lang='lat' dir='ltr'>alterius</span> <span class='ocrx_word' id='word_1_300' title='bbox 958 3251 1011 3314; x_wconf 86' lang='lat' dir='ltr'>sed</span> <span class='ocrx_word' id='word_1_301' title='bbox 1040 3251 1135 3314; x_wconf 86' lang='lat' dir='ltr'>solius</span> <span class='ocrx_word' id='word_1_302' title='bbox 1156 3251 1210 3314; x_wconf 79' lang='lat' dir='ltr'>liei</span> <span class='ocrx_word' id='word_1_303' title='bbox 1238 3262 1286 3317; x_wconf 88' lang='lat' dir='ltr'>est</span> 
     </span>
     <span class='ocr_line' id='line_1_29' title="bbox 1 3351 1285 3435; baseline 0.002 -20"><span class='ocrx_word' id='word_1_304' title='bbox 1 3398 2 3424; x_wconf 49' lang='lat'>1</span> <span class='ocrx_word' id='word_1_305' title='bbox 48 3359 207 3432; x_wconf 81' lang='lat' dir='ltr'>potestate.</span> <span class='ocrx_word' id='word_1_306' title='bbox 252 3351 404 3432; x_wconf 86' lang='lat' dir='ltr'>Siquidem</span> <span class='ocrx_word' id='word_1_307' title='bbox 429 3352 505 3416; x_wconf 80' lang='lat' dir='ltr'>eneti</span> <span class='ocrx_word' id='word_1_308' title='bbox 525 3365 677 3418; x_wconf 78' lang='lat' dir='ltr'>erturrout</span> <span class='ocrx_word' id='word_1_309' title='bbox 696 3354 826 3435; x_wconf 75' lang='lat' dir='ltr'>plon&#39;um</span> <span class='ocrx_word' id='word_1_310' title='bbox 847 3353 912 3426; x_wconf 83' lang='lat' dir='ltr'>Dei,</span> <span class='ocrx_word' id='word_1_311' title='bbox 937 3361 966 3415; x_wconf 90' lang='lat' dir='ltr'>et</span> <span class='ocrx_word' id='word_1_312' title='bbox 986 3353 1112 3416; x_wconf 71' lang='lat' dir='ltr'>Domini</span> <span class='ocrx_word' id='word_1_313' title='bbox 1130 3365 1176 3418; x_wconf 79' lang='lat' dir='ltr'>est</span> <span class='ocrx_word' id='word_1_314' title='bbox 1198 3365 1285 3418; x_wconf 85' lang='lat' dir='ltr'>terro</span> 
     </span>
     <span class='ocr_line' id='line_1_30' title="bbox 49 3451 1283 3534; baseline 0.002 -19"><span class='ocrx_word' id='word_1_315' title='bbox 49 3465 79 3518; x_wconf 88' lang='lat' dir='ltr'>et</span> <span class='ocrx_word' id='word_1_316' title='bbox 98 3453 257 3533; x_wconf 78' lang='lat' dir='ltr'>plenitudo</span> <span class='ocrx_word' id='word_1_317' title='bbox 280 3458 355 3516; x_wconf 85' lang='lat' dir='ltr'>elue.</span> <span class='ocrx_word' id='word_1_318' title='bbox 400 3451 488 3516; x_wconf 85' lang='lat' dir='ltr'>More</span> <span class='ocrx_word' id='word_1_319' title='bbox 510 3456 586 3518; x_wconf 82' lang='lat' dir='ltr'>uidit</span> <span class='ocrx_word' id='word_1_320' title='bbox 608 3464 643 3530; x_wconf 29' lang='lat' dir='ltr'>et·</span> <span class='ocrx_word' id='word_1_321' title='bbox 657 3455 745 3534; x_wconf 80' lang='lat' dir='ltr'>supr‘t.</span> <span class='ocrx_word' id='word_1_322' title='bbox 790 3454 898 3518; x_wconf 84' lang='lat' dir='ltr'>Omnia</span> <span class='ocrx_word' id='word_1_323' title='bbox 927 3453 1054 3534; x_wconf 83' lang='lat' dir='ltr'>denique</span> <span class='ocrx_word' id='word_1_324' title='bbox 1082 3456 1210 3518; x_wconf 82' lang='lat' dir='ltr'>creatori</span> <span class='ocrx_word' id='word_1_325' title='bbox 1237 3457 1283 3518; x_wconf 84' lang='lat' dir='ltr'>la·</span> 
     </span>
     <span class='ocr_line' id='line_1_31' title="bbox 49 3553 1283 3633; baseline 0.005 -19"><span class='ocrx_word' id='word_1_326' title='bbox 49 3555 200 3616; x_wconf 86' lang='lat' dir='ltr'>mutantur</span> <span class='ocrx_word' id='word_1_327' title='bbox 222 3554 390 3633; x_wconf 82' lang='lat' dir='ltr'>iaciuntque</span> <span class='ocrx_word' id='word_1_328' title='bbox 411 3553 535 3616; x_wconf 87' lang='lat' dir='ltr'>verbum</span> <span class='ocrx_word' id='word_1_329' title='bbox 558 3555 622 3619; x_wconf 85' lang='lat' dir='ltr'>eius</span> <span class='ocrx_word' id='word_1_330' title='bbox 645 3555 758 3617; x_wconf 91' lang='lat' dir='ltr'>eteius</span> <span class='ocrx_word' id='word_1_331' title='bbox 781 3555 921 3618; x_wconf 84' lang='lat' dir='ltr'>mandato</span> <span class='ocrx_word' id='word_1_332' title='bbox 944 3553 1096 3618; x_wconf 88' lang='lat' dir='ltr'>obediunt.</span> <span class='ocrx_word' id='word_1_333' title='bbox 1141 3557 1177 3618; x_wconf 80' lang='lat' dir='ltr'>tt</span> <span class='ocrx_word' id='word_1_334' title='bbox 1192 3557 1283 3620; x_wconf 82' lang='lat' dir='ltr'>Filius</span> 
     </span>
     <span class='ocr_line' id='line_1_32' title="bbox 50 3654 1281 3737; baseline 0.005 -21"><span class='ocrx_word' id='word_1_335' title='bbox 50 3655 242 3734; x_wconf 84' lang='lat' dir='ltr'>omnipotens</span> <span class='ocrx_word' id='word_1_336' title='bbox 266 3663 314 3717; x_wconf 91' lang='lat' dir='ltr'>est</span> <span class='ocrx_word' id='word_1_337' title='bbox 334 3663 368 3716; x_wconf 93' lang='lat' dir='ltr'>ut</span> <span class='ocrx_word' id='word_1_338' title='bbox 387 3654 493 3730; x_wconf 84' lang='lat' dir='ltr'>Peter,</span> <span class='ocrx_word' id='word_1_339' title='bbox 522 3657 602 3737; x_wconf 88' lang='lat' dir='ltr'>quod</span> <span class='ocrx_word' id='word_1_340' title='bbox 630 3657 730 3736; x_wconf 88' lang='lat' dir='ltr'>utique</span> <span class='ocrx_word' id='word_1_341' title='bbox 758 3665 788 3719; x_wconf 91' lang='lat' dir='ltr'>et</span> <span class='ocrx_word' id='word_1_342' title='bbox 816 3656 958 3737; x_wconf 86' lang='lat' dir='ltr'>seriptum</span> <span class='ocrx_word' id='word_1_343' title='bbox 988 3665 1018 3718; x_wconf 88' lang='lat' dir='ltr'>et</span> <span class='ocrx_word' id='word_1_344' title='bbox 1047 3667 1203 3720; x_wconf 86' lang='lat' dir='ltr'>ostensum</span> <span class='ocrx_word' id='word_1_345' title='bbox 1226 3668 1281 3722; x_wconf 83' lang='lat' dir='ltr'>est</span> 
     </span>
     <span class='ocr_line' id='line_1_33' title="bbox 49 3756 1281 3840; baseline 0.003 -22"><span class='ocrx_word' id='word_1_346' title='bbox 49 3757 125 3820; x_wconf 85' lang='lat' dir='ltr'>item</span> <span class='ocrx_word' id='word_1_347' title='bbox 145 3756 219 3818; x_wconf 91' lang='lat' dir='ltr'>nibil</span> <span class='ocrx_word' id='word_1_348' title='bbox 252 3757 401 3819; x_wconf 80' lang='lat' dir='ltr'>intentes</span> <span class='ocrx_word' id='word_1_349' title='bbox 424 3768 538 3820; x_wconf 85' lang='lat' dir='ltr'>creatas</span> <span class='ocrx_word' id='word_1_350' title='bbox 560 3762 665 3821; x_wconf 77' lang='lat' dir='ltr'>natura</span> <span class='ocrx_word' id='word_1_351' title='bbox 686 3759 867 3820; x_wconf 82' lang='lat' dir='ltr'>immutabile</span> <span class='ocrx_word' id='word_1_352' title='bbox 888 3767 944 3820; x_wconf 89' lang='lat' dir='ltr'>est.</span> <span class='ocrx_word' id='word_1_353' title='bbox 989 3757 1141 3838; x_wconf 83' lang='lat' dir='ltr'>Siquidem</span> <span class='ocrx_word' id='word_1_354' title='bbox 1163 3761 1281 3840; x_wconf 89' lang='lat' dir='ltr'>quidam</span> 
     </span>
     <span class='ocr_line' id='line_1_34' title="bbox 51 3858 1281 3939; baseline 0.003 -18"><span class='ocrx_word' id='word_1_355' title='bbox 51 3879 87 3922; x_wconf 82' lang='lat' dir='ltr'>ex</span> <span class='ocrx_word' id='word_1_356' title='bbox 109 3858 229 3939; x_wconf 75' lang='lat' dir='ltr'>Angelis</span> <span class='ocrx_word' id='word_1_357' title='bbox 252 3858 387 3920; x_wconf 84' lang='lat' dir='ltr'>ordinem</span> <span class='ocrx_word' id='word_1_358' title='bbox 408 3878 496 3921; x_wconf 88' lang='lat' dir='ltr'>suum</span> <span class='ocrx_word' id='word_1_359' title='bbox 517 3877 579 3922; x_wconf 91' lang='lat' dir='ltr'>non</span> <span class='ocrx_word' id='word_1_360' title='bbox 602 3872 807 3936; x_wconf 81' lang='lat' dir='ltr'>servaverunt,</span> <span class='ocrx_word' id='word_1_361' title='bbox 831 3869 861 3922; x_wconf 90' lang='lat' dir='ltr'>et</span> <span class='ocrx_word' id='word_1_362' title='bbox 882 3859 991 3923; x_wconf 83' lang='lat' dir='ltr'>stelloe</span> <span class='ocrx_word' id='word_1_363' title='bbox 1013 3879 1075 3924; x_wconf 74' lang='lat' dir='ltr'>nou</span> <span class='ocrx_word' id='word_1_364' title='bbox 1096 3873 1170 3924; x_wconf 81' lang='lat' dir='ltr'>sunt</span> <span class='ocrx_word' id='word_1_365' title='bbox 1190 3881 1281 3926; x_wconf 78' lang='lat' dir='ltr'>mun-</span> 
     </span>
    </p>
   </div>
   <div class='ocr_carea' id='block_1_5' title="bbox 49 4037 1282 4650">
    <p class='ocr_par' dir='ltr' id='par_1_5' title="bbox 49 4037 1281 4110">
     <span class='ocr_line' id='line_1_35' title="bbox 49 4037 1281 4110; baseline 0.002 -16"><span class='ocrx_word' id='word_1_366' title='bbox 49 4053 74 4097; x_wconf 86' lang='lat' dir='ltr'>et</span> <span class='ocrx_word' id='word_1_367' title='bbox 90 4047 195 4096; x_wconf 78' lang='lat' dir='ltr'>Fetcttn.</span> <span class='ocrx_word' id='word_1_368' title='bbox 218 4046 240 4096; x_wconf 92' lang='lat' dir='ltr'>l.</span> <span class='ocrx_word' id='word_1_369' title='bbox 284 4045 336 4094; x_wconf 85' lang='lat' dir='ltr'>llox</span> <span class='ocrx_word' id='word_1_370' title='bbox 360 4053 417 4108; x_wconf 83' lang='lat' dir='ltr'>post</span> <span class='ocrx_word' id='word_1_371' title='bbox 439 4037 526 4096; x_wconf 76' lang='grc' dir='ltr'><strong><em>εἰπεῖν</em></strong></span> <span class='ocrx_word' id='word_1_372' title='bbox 543 4045 599 4110; x_wconf 64' lang='lat' dir='ltr'>liar.</span> <span class='ocrx_word' id='word_1_373' title='bbox 618 4055 642 4096; x_wconf 84' lang='lat' dir='ltr'>et</span> <span class='ocrx_word' id='word_1_374' title='bbox 723 4063 745 4110; x_wconf 76' lang='lat' dir='ltr'>g.</span> <span class='ocrx_word' id='word_1_375' title='bbox 764 4047 797 4096; x_wconf 82' lang='lat' dir='ltr'>lta</span> <span class='ocrx_word' id='word_1_376' title='bbox 817 4047 876 4108; x_wconf 72' lang='lat' dir='ltr'>lleg.</span> <span class='ocrx_word' id='word_1_377' title='bbox 895 4047 997 4106; x_wconf 69' lang='lat' dir='ltr'>Segner.</span> <span class='ocrx_word' id='word_1_378' title='bbox 1017 4045 1115 4097; x_wconf 84' lang='lat' dir='ltr'>anler.</span> <span class='ocrx_word' id='word_1_379' title='bbox 1134 4052 1157 4094; x_wconf 87' lang='lat' dir='ltr'>et</span> <span class='ocrx_word' id='word_1_380' title='bbox 1176 4043 1281 4096; x_wconf 76' lang='lat' dir='ltr'>Felelrn.</span> 
     </span>
    </p>

    <p class='ocr_par' dir='ltr' id='par_1_6' title="bbox 50 4106 1282 4243">
     <span class='ocr_line' id='line_1_36' title="bbox 50 4106 1281 4180; baseline 0.001 -17"><span class='ocrx_word' id='word_1_381' title='bbox 50 4115 150 4176; x_wconf 71' lang='lat' dir='ltr'>Seguer.</span> <span class='ocrx_word' id='word_1_382' title='bbox 168 4115 283 4164; x_wconf 86' lang='lat' dir='ltr'>omittunt</span> <span class='ocrx_word' id='word_1_383' title='bbox 299 4107 410 4180; x_wconf 71' lang='grc' dir='ltr'>κτίσμα.</span> <span class='ocrx_word' id='word_1_384' title='bbox 692 4114 714 4164; x_wconf 85' lang='grc'>1.</span> <span class='ocrx_word' id='word_1_385' title='bbox 748 4117 776 4164; x_wconf 81' lang='lat' dir='ltr'>lt</span> <span class='ocrx_word' id='word_1_386' title='bbox 793 4115 834 4164; x_wconf 77' lang='lat' dir='ltr'>elii</span> <span class='ocrx_word' id='word_1_387' title='bbox 853 4123 877 4164; x_wconf 85' lang='lat' dir='ltr'>et</span> <span class='ocrx_word' id='word_1_388' title='bbox 896 4117 952 4162; x_wconf 71' lang='lat' dir='ltr'>editi</span> <span class='ocrx_word' id='word_1_389' title='bbox 976 4106 1109 4177; x_wconf 71' lang='grc' dir='ltr'><strong><em>ἀγγέλοις.</em></strong></span> <span class='ocrx_word' id='word_1_390' title='bbox 1145 4113 1205 4162; x_wconf 87' lang='lat' dir='ltr'>ibid.</span> <span class='ocrx_word' id='word_1_391' title='bbox 1225 4114 1281 4175; x_wconf 69' lang='lat' dir='ltr'>lteg.</span> 
     </span>
     <span class='ocr_line' id='line_1_37' title="bbox 83 4171 1282 4243; baseline 0.002 -13"><span class='ocrx_word' id='word_1_392' title='bbox 83 4197 104 4231; x_wconf 87' lang='lat' dir='ltr'>e.</span> <span class='ocrx_word' id='word_1_393' title='bbox 123 4183 163 4232; x_wconf 90' lang='lat' dir='ltr'>Sic</span> <span class='ocrx_word' id='word_1_394' title='bbox 182 4183 237 4242; x_wconf 72' lang='lat' dir='ltr'>fleg.</span> <span class='ocrx_word' id='word_1_395' title='bbox 261 4188 285 4229; x_wconf 87' lang='lat' dir='ltr'>et</span> <span class='ocrx_word' id='word_1_396' title='bbox 304 4181 404 4243; x_wconf 71' lang='lat' dir='ltr'>segnes.</span> <span class='ocrx_word' id='word_1_397' title='bbox 439 4183 468 4230; x_wconf 83' lang='lat' dir='ltr'>lt</span> <span class='ocrx_word' id='word_1_398' title='bbox 486 4181 566 4232; x_wconf 89' lang='lat' dir='ltr'>0tteb.</span> <span class='ocrx_word' id='word_1_399' title='bbox 584 4171 638 4230; x_wconf 75' lang='lat' dir='ltr'>dno</span> <span class='ocrx_word' id='word_1_400' title='bbox 690 4191 712 4231; x_wconf 85' lang='lat' dir='ltr'>et</span> <span class='ocrx_word' id='word_1_401' title='bbox 729 4183 868 4240; x_wconf 65' lang='lat' dir='ltr'>Senoniae.</span> <span class='ocrx_word' id='word_1_402' title='bbox 888 4171 1007 4229; x_wconf 70' lang='lat' dir='ltr'>redu«</span> <span class='ocrx_word' id='word_1_403' title='bbox 1024 4175 1123 4230; x_wconf 71' lang='grc' dir='ltr'><em>πάντα.</em></span> <span class='ocrx_word' id='word_1_404' title='bbox 1160 4180 1240 4232; x_wconf 78' lang='lat' dir='ltr'>Ceteri</span> <span class='ocrx_word' id='word_1_405' title='bbox 1258 4189 1282 4232; x_wconf 83' lang='lat' dir='ltr'>et</span> 
     </span>
    </p>

    <p class='ocr_par' dir='ltr' id='par_1_7' title="bbox 51 4237 1046 4300">
     <span class='ocr_line' id='line_1_38' title="bbox 51 4237 1046 4300; baseline 0.007 -9"><span class='ocrx_word' id='word_1_406' title='bbox 51 4244 155 4298; x_wconf 75' lang='grc' dir='ltr'>τούτων</span> <span class='ocrx_word' id='word_1_407' title='bbox 178 4241 234 4298; x_wconf 78' lang='lat' dir='ltr'>idos</span> <span class='ocrx_word' id='word_1_408' title='bbox 256 4261 306 4300; x_wconf 77' lang='lat' dir='ltr'>ur·</span> <span class='ocrx_word' id='word_1_409' title='bbox 353 4249 433 4300; x_wconf 82' lang='lat' dir='ltr'>Ceteri</span> <span class='ocrx_word' id='word_1_410' title='bbox 457 4256 481 4298; x_wconf 82' lang='lat' dir='ltr'>et</span> <span class='ocrx_word' id='word_1_411' title='bbox 504 4249 561 4299; x_wconf 78' lang='lat' dir='ltr'>editi</span> <span class='ocrx_word' id='word_1_412' title='bbox 585 4237 639 4297; x_wconf 73' lang='lat' dir='ltr'>dat</span> <span class='ocrx_word' id='word_1_413' title='bbox 689 4250 744 4300; x_wconf 83' lang='lat' dir='ltr'>editi</span> <span class='ocrx_word' id='word_1_414' title='bbox 763 4243 797 4298; x_wconf 79' lang='lat' dir='ltr'>rei</span> <span class='ocrx_word' id='word_1_415' title='bbox 814 4241 882 4297; x_wconf 67' lang='lat' dir='ltr'>atta</span> <span class='ocrx_word' id='word_1_416' title='bbox 899 4243 930 4296; x_wconf 77' lang='grc' dir='ltr'>δὲ</span> <span class='ocrx_word' id='word_1_417' title='bbox 947 4243 1046 4298; x_wconf 70' lang='grc' dir='ltr'><em>πάντα.</em></span> 
     </span>
    </p>

    <p class='ocr_par' dir='ltr' id='par_1_8' title="bbox 49 4307 1155 4384">
     <span class='ocr_line' id='line_1_39' title="bbox 49 4307 1155 4384; baseline 0.005 -24"><span class='ocrx_word' id='word_1_418' title='bbox 49 4310 156 4366; x_wconf 73' lang='grc' dir='ltr'><em>τούτων</em></span> <span class='ocrx_word' id='word_1_419' title='bbox 176 4309 298 4384; x_wconf 77' lang='grc' dir='ltr'><strong><em>μάλιστα</em></strong></span> <span class='ocrx_word' id='word_1_420' title='bbox 322 4307 378 4364; x_wconf 78' lang='grc' dir='ltr'>ἴδοι</span> <span class='ocrx_word' id='word_1_421' title='bbox 403 4307 505 4366; x_wconf 53' lang='lat' dir='ltr'>stete.</span> <span class='ocrx_word' id='word_1_422' title='bbox 548 4316 637 4367; x_wconf 80' lang='lat' dir='ltr'>ibidem</span> <span class='ocrx_word' id='word_1_423' title='bbox 723 4319 746 4366; x_wconf 89' lang='lat' dir='ltr'>b.</span> <span class='ocrx_word' id='word_1_424' title='bbox 765 4317 820 4379; x_wconf 68' lang='lat' dir='ltr'>lteg.</span> <span class='ocrx_word' id='word_1_425' title='bbox 840 4327 864 4367; x_wconf 77' lang='lat' dir='ltr'>et</span> <span class='ocrx_word' id='word_1_426' title='bbox 882 4321 982 4368; x_wconf 62' lang='grc' dir='ltr'><strong>ὅπου.</strong></span> <span class='ocrx_word' id='word_1_427' title='bbox 1001 4315 1069 4366; x_wconf 76' lang='grc' dir='ltr'>θεοῦ</span> <span class='ocrx_word' id='word_1_428' title='bbox 1086 4307 1155 4366; x_wconf 69' lang='lat' dir='ltr'>ott».</span> 
     </span>
    </p>

    <p class='ocr_par' dir='ltr' id='par_1_9' title="bbox 50 4375 1280 4516">
     <span class='ocr_line' id='line_1_40' title="bbox 50 4375 1280 4451; baseline 0.002 -21"><span class='ocrx_word' id='word_1_429' title='bbox 50 4381 107 4446; x_wconf 73' lang='lat' dir='ltr'>ling.</span> <span class='ocrx_word' id='word_1_430' title='bbox 125 4393 148 4436; x_wconf 81' lang='lat' dir='ltr'>et</span> <span class='ocrx_word' id='word_1_431' title='bbox 158 4385 258 4446; x_wconf 59' lang='lat' dir='ltr'>sepner.</span> <span class='ocrx_word' id='word_1_432' title='bbox 269 4375 400 4451; x_wconf 69' lang='grc' dir='ltr'>αἱρέσεως</span> <span class='ocrx_word' id='word_1_433' title='bbox 417 4382 473 4431; x_wconf 70' lang='grc' dir='ltr'>τῶν</span> <span class='ocrx_word' id='word_1_434' title='bbox 487 4375 637 4450; x_wconf 72' lang='grc' dir='ltr'>Ἆρειανόν.</span> <span class='ocrx_word' id='word_1_435' title='bbox 722 4386 736 4434; x_wconf 92' lang='lat' dir='ltr'>i.</span> <span class='ocrx_word' id='word_1_436' title='bbox 762 4385 889 4447; x_wconf 63' lang='lat' dir='ltr'>itepsegn</span> <span class='ocrx_word' id='word_1_437' title='bbox 910 4384 979 4445; x_wconf 67' lang='lat' dir='ltr'>angl.</span> <span class='ocrx_word' id='word_1_438' title='bbox 991 4386 1060 4436; x_wconf 84' lang='lat' dir='ltr'>ant.</span> <span class='ocrx_word' id='word_1_439' title='bbox 1073 4385 1176 4434; x_wconf 70' lang='lat' dir='ltr'>fele-lm.</span> <span class='ocrx_word' id='word_1_440' title='bbox 1188 4381 1207 4432; x_wconf 95' lang='lat' dir='ltr'>l.</span> <span class='ocrx_word' id='word_1_441' title='bbox 1221 4377 1280 4432; x_wconf 75' lang='lat' dir='ltr'>duo·</span> 
     </span>
     <span class='ocr_line' id='line_1_41' title="bbox 85 4445 1278 4516; baseline -0.002 -17"><span class='ocrx_word' id='word_1_442' title='bbox 85 4453 101 4502; x_wconf 87' lang='lat' dir='ltr'>t.</span> <span class='ocrx_word' id='word_1_443' title='bbox 125 4453 229 4502; x_wconf 78' lang='lat' dir='ltr'>Fetelm.</span> <span class='ocrx_word' id='word_1_444' title='bbox 249 4451 272 4501; x_wconf 80' lang='lat'>2.</span> <span class='ocrx_word' id='word_1_445' title='bbox 292 4461 316 4502; x_wconf 86' lang='lat' dir='ltr'>et</span> <span class='ocrx_word' id='word_1_446' title='bbox 334 4445 460 4511; x_wconf 68' lang='lat' dir='ltr'>editlrdr</span> <span class='ocrx_word' id='word_1_447' title='bbox 477 4445 637 4512; x_wconf 69' lang='lat' dir='ltr'>resedente.</span> <span class='ocrx_word' id='word_1_448' title='bbox 687 4449 743 4502; x_wconf 78' lang='lat' dir='ltr'>rori.</span> <span class='ocrx_word' id='word_1_449' title='bbox 763 4453 955 4516; x_wconf 75' lang='lat' dir='ltr'>lidemuproeter</span> <span class='ocrx_word' id='word_1_450' title='bbox 968 4454 1126 4512; x_wconf 63' lang='lat' dir='ltr'>tnutlnmut</span> <span class='ocrx_word' id='word_1_451' title='bbox 1146 4447 1278 4500; x_wconf 71' lang='lat' dir='ltr'>taddaei.</span> 
     </span>
    </p>

    <p class='ocr_par' dir='ltr' id='par_1_10' title="bbox 49 4512 1277 4588">
     <span class='ocr_line' id='line_1_42' title="bbox 49 4512 1277 4588; baseline -0.001 -21"><span class='ocrx_word' id='word_1_452' title='bbox 49 4515 102 4568; x_wconf 82' lang='lat' dir='ltr'>blox</span> <span class='ocrx_word' id='word_1_453' title='bbox 119 4513 151 4567; x_wconf 80' lang='grc' dir='ltr'>τὸ</span> <span class='ocrx_word' id='word_1_454' title='bbox 169 4512 304 4588; x_wconf 64' lang='grc' dir='ltr'>φθαρτόν</span> <span class='ocrx_word' id='word_1_455' title='bbox 321 4522 412 4570; x_wconf 71' lang='lat' dir='ltr'>abesto</span> <span class='ocrx_word' id='word_1_456' title='bbox 424 4520 520 4572; x_wconf 84' lang='lat' dir='ltr'>Goblsr.</span> <span class='ocrx_word' id='word_1_457' title='bbox 533 4521 635 4572; x_wconf 69' lang='lat' dir='ltr'>deletur.</span> <span class='ocrx_word' id='word_1_458' title='bbox 722 4521 744 4570; x_wconf 86' lang='lat' dir='ltr'>l.</span> <span class='ocrx_word' id='word_1_459' title='bbox 762 4524 803 4570; x_wconf 78' lang='lat' dir='ltr'>stc</span> <span class='ocrx_word' id='word_1_460' title='bbox 821 4522 878 4580; x_wconf 67' lang='lat' dir='ltr'>Rea.</span> <span class='ocrx_word' id='word_1_461' title='bbox 898 4529 921 4570; x_wconf 79' lang='lat' dir='ltr'>et</span> <span class='ocrx_word' id='word_1_462' title='bbox 933 4523 1033 4582; x_wconf 72' lang='lat' dir='ltr'>Sessuor.</span> <span class='ocrx_word' id='word_1_463' title='bbox 1069 4521 1096 4569; x_wconf 91' lang='lat' dir='ltr'>ln</span> <span class='ocrx_word' id='word_1_464' title='bbox 1115 4519 1170 4570; x_wconf 78' lang='lat' dir='ltr'>eliis</span> <span class='ocrx_word' id='word_1_465' title='bbox 1187 4532 1243 4569; x_wconf 82' lang='lat' dir='ltr'>reru</span> <span class='ocrx_word' id='word_1_466' title='bbox 1255 4521 1277 4562; x_wconf 74' lang='lat' dir='ltr'>et</span> 
     </span>
    </p>

    <p class='ocr_par' dir='ltr' id='par_1_11' title="bbox 53 4583 902 4650">
     <span class='ocr_line' id='line_1_43' title="bbox 53 4583 902 4650; baseline 0.005 -18"><span class='ocrx_word' id='word_1_467' title='bbox 53 4583 76 4633; x_wconf 88' lang='lat' dir='ltr'>l.</span> <span class='ocrx_word' id='word_1_468' title='bbox 94 4587 149 4648; x_wconf 66' lang='lat' dir='ltr'>lter.</span> <span class='ocrx_word' id='word_1_469' title='bbox 167 4597 192 4638; x_wconf 87' lang='lat' dir='ltr'>et</span> <span class='ocrx_word' id='word_1_470' title='bbox 208 4589 309 4650; x_wconf 72' lang='lat' dir='ltr'>Seguer.</span> <span class='ocrx_word' id='word_1_471' title='bbox 688 4589 758 4640; x_wconf 81' lang='lat' dir='ltr'>editis</span> <span class='ocrx_word' id='word_1_472' title='bbox 776 4589 846 4639; x_wconf 80' lang='lat' dir='ltr'>deest</span> <span class='ocrx_word' id='word_1_473' title='bbox 865 4599 902 4638; x_wconf 76' lang='lat' dir='ltr'>tt.</span> 
     </span>
    </p>
   </div>
   <div class='ocr_carea' id='block_1_6' title="bbox 85 4649 1074 4736">
    <p class='ocr_par' dir='ltr' id='par_1_12' title="bbox 85 4649 1074 4736">
     <span class='ocr_line' id='line_1_44' title="bbox 85 4649 1074 4736; baseline 0.004 -21"><span class='ocrx_word' id='word_1_474' title='bbox 85 4673 213 4719; x_wconf 77' lang='lat' dir='ltr'>arnnrteu</span> <span class='ocrx_word' id='word_1_475' title='bbox 226 4685 278 4720; x_wconf 76' lang='lat' dir='ltr'>oen.</span> <span class='ocrx_word' id='word_1_476' title='bbox 291 4685 364 4720; x_wconf 78' lang='lat' dir='ltr'>noan.</span> <span class='ocrx_word' id='word_1_477' title='bbox 376 4684 425 4736; x_wconf 70' lang='lat' dir='ltr'>nn.</span> <span class='ocrx_word' id='word_1_478' title='bbox 991 4649 994 4654; x_wconf 13' lang='grc' dir='ltr'><em>Α</em></span> <span class='ocrx_word' id='word_1_479' title='bbox 1040 4669 1074 4719; x_wconf 76' lang='grc'>48</span> 
     </span>
    </p>
   </div>
   <div class='ocr_carea' id='block_1_7' title="bbox 0 0 1568 5052">
    <p class='ocr_par' dir='ltr' id='par_1_13' title="bbox 0 0 1568 5052">
     <span class='ocr_line' id='line_1_45' title="bbox 0 0 1568 5052; baseline 0 0"><span class='ocrx_word' id='word_1_480' title='bbox 0 0 1568 5052; x_wconf 95' lang='lat' dir='ltr'> </span> 
     </span>
    </p>
   </div>
  </div>
 </body>
</html>
