3022 5056
429 379 539 430 ossum
554 381 586 427 u.
602 379 868 434 consessumque.
1047 407 1049 411 -
1184 361 1248 428 stu

64 535 124 600 enim
141 536 216 610 dixit,
245 543 387 614 utsupra
410 533 633 608 annotavimus,
655 533 724 598 feeit
746 553 815 596 eum
836 530 982 606 Verbum,
1006 529 1064 594 sed
1083 529 1337 593 bennonem

62 659 124 711 eso,
141 655 226 718 neque
245 636 274 700 id
297 643 428 709 tantuna,
454 633 509 698 sed
530 637 613 716 opud
634 655 689 699 vos
711 643 742 703 et
763 639 795 698 s'rs
816 631 911 698 medio
934 637 1034 697 oestro·
1051 634 1139 713 feeit,
1169 627 1251 709 quud

56 741 122 832 idem
139 748 180 803 est
198 757 229 801 ao
248 739 390 802 ostendit.
434 737 513 800 Sane
535 736 565 799 id
587 737 694 800 Petrus
715 738 784 817 ipse
804 735 974 818 primarium
1002 733 1112 796 hanoea
1134 731 1250 794 doetri-

60 861 112 904 nan
129 841 299 922 promulgare
320 838 468 921 insipiens
488 839 588 902 verbis
608 839 780 902 huiusmodi
803 836 969 900 annotavit:
994 835 1060 898 Viri
1079 832 1251 909 israelitae,

59 944 138 1005 redite
155 943 239 1007 serbo
259 943 346 1005 bore:
368 940 471 1015 Iesum
492 941 706 1013 Nazarenum,
733 944 850 1012 uirum,
881 955 966 1020 quent
986 935 1071 1000 Deus
1093 935 1176 1016 oqssd
1196 949 1252 996 uos

59 1047 163 1108 ostendit
181 1044 359 1116 uirtutibus,
384 1043 535 1125 qrods'qsi‘s
557 1055 587 1107 et
606 1045 715 1122 siquis,
738 1059 814 1125 quoe
833 1041 917 1104 Deus
936 1055 997 1119 per
1016 1035 1106 1098 illuns
1126 1036 1199 1115 {erit
1220 1037 1254 1096 sit

57 1147 134 1210 nediu
151 1151 251 1220 sutri,
280 1151 359 1210 sieut
387 1149 450 1226 ipsi
469 1149 564 1208 seitsin
609 1143 711 1223 itaqua
739 1143 819 1223 quod
848 1141 878 1203 in
906 1140 966 1202 fine
987 1137 1029 1200 ait
1056 1138 1147 1217 [erit.
1174 1134 1253 1197 idem

57 1247 124 1308 initio
143 1247 272 1310 vocabulo
297 1247 429 1311 ostendit
451 1245 574 1308 dixerat.
619 1244 752 1324 Namque
774 1263 810 1308 ex
832 1242 925 1322 siquis
949 1249 979 1304 et
995 1237 1155 1312 miraculis,
1178 1253 1256 1316 quse

58 1347 132 1409 edidit
148 1348 297 1424 Dominus,
331 1355 472 1412 ostensus
501 1356 549 1410 est
576 1363 638 1410 non
666 1346 793 1428 simplex
814 1346 923 1420 bomo,
955 1343 1011 1406 sed
1033 1340 1112 1402 Deos
1134 1356 1201 1406 essa
1223 1335 1254 1398 iu

57 1467 161 1529 corpore
178 1459 205 1513 et
221 1450 370 1524 Dominus
392 1467 426 1514 se
448 1449 594 1512 Christus.
640 1448 745 1512 Simile
766 1467 886 1530 quoque
908 1453 971 1519 est,
1002 1443 1083 1524 quod
1105 1459 1123 1504 a
1142 1439 1255 1502 Ioanne

55 1550 80 1611 io
98 1550 234 1632 Evangelio
256 1553 380 1624 dieitur:
413 1551 532 1615 ideireo
555 1569 627 1631 erqo
651 1570 718 1614 eum
738 1550 847 1615 Iudaei
865 1553 961 1630 rsoqa's
980 1545 1253 1629 persequebantur,

53 1671 104 1714 ooo
121 1665 225 1718 tontum
245 1656 328 1737 quud
349 1653 485 1746 sotoebqr
507 1653 675 1728 sabbatum,
697 1651 752 1714 sed
773 1661 802 1714 et
813 1656 934 1732 petrem
953 1643 1256 1729 propriomdieebut

52 1752 142 1828 beust,
172 1757 325 1838 oeqseebem
353 1775 385 1819 se
412 1757 529 1836 {aetem
551 1754 625 1818 Deo.
670 1753 732 1816 Neo
759 1752 840 1815 euim
869 1760 938 1813 tuno
959 1748 1104 1812 Dominus
1132 1763 1167 1808 ss
1189 1744 1256 1823 ipse

52 1853 127 1917 Deum
145 1857 236 1932 iiuxit,
265 1876 334 1921 eum
357 1856 437 1920 Deus
466 1856 588 1918 omuino
615 1855 680 1918 fieri
709 1873 770 1918 non
799 1862 902 1934 queat,
932 1851 985 1916 sed
1013 1869 1048 1914 se
1069 1849 1162 1910 Deum
1185 1863 1256 1908 esse

53 1956 169 2036 operibus
189 1957 374 2034 ostendebat,
398 1959 441 2020 uti
463 1957 530 2038 ipse
552 1957 609 2021 ait:
632 1957 670 2020 Si
688 1958 763 2020 mibi
782 1975 845 2020 nors
869 1951 1130 2026 crementorum
1152 1949 1257 2029 operi-

53 2057 96 2118 bus
119 2062 235 2134 eredite,
267 2071 307 2126 set
335 2065 538 2143 eoqeoseotis,
568 2065 638 2142 quio
670 2079 722 2140 eqo
744 2062 778 2122 s'rt
797 2057 892 2122 Patre
914 2071 946 2122 et
964 2055 1059 2118 Peter
1078 2057 1112 2116 s'rt
1133 2069 1180 2114 me
1201 2057 1256 2112 ert.

51 2157 90 2220 Sir
108 2179 170 2241 erqo
189 2163 351 2227 Dominum
374 2171 404 2225 et
424 2163 536 2242 Regem
559 2181 626 2224 eum
649 2161 718 2224 ierit
738 2160 827 2222 Pater
847 2159 878 2220 in
900 2156 999 2220 medio
1021 2153 1118 2218 nostri
1133 2159 1164 2214 et
1177 2148 1258 2232 apud

51 2277 110 2334 nus,
136 2265 181 2342 qui
200 2266 285 2346 prius
308 2283 370 2326 nou
392 2263 598 2328 credebamus.
643 2263 726 2326 Unde
755 2261 844 2324 etiam
872 2259 1063 2340 perspicuum
1086 2263 1148 2329 est,
1177 2269 1256 2326 eom,

50 2361 89 2438 qui
107 2381 138 2426 eo
158 2373 291 2446 tempore
314 2365 459 2428 Dominus
482 2366 689 2428 aerternae
712 2362 940 2436 ostendebatur,
970 2379 1031 2422 uon
1060 2367 1131 2421 tuno
1151 2355 1257 2418 ineos-

50 2461 116 2539 qisse
141 2466 247 2547 Regem
276 2476 320 2532 et‘
337 2468 494 2532 Dominum
522 2468 604 2541 fieri,
639 2466 693 2530 sed
721 2464 859 2545 coepisse
885 2462 1070 2526 dominatum
1098 2455 1259 2520 ostendere
1370 2540 1373 2550 ,

47 2579 118 2628 suun
137 2577 220 2649 atque
242 2570 334 2633 edam
356 2570 433 2650 apud
456 2589 511 2632 eos
533 2586 708 2651 propagare,
731 2566 780 2646 qui
804 2575 889 2629 antea
911 2583 972 2628 nou
994 2559 1164 2624 credebaut.

119 2873 162 2936 tt.
205 2874 238 2936 Si
271 2847 364 2954 igitur
392 2873 577 2946 existimant,
606 2871 789 2934 salvatorem
821 2867 980 2930 Dominum
1014 2873 1044 2926 et
1065 2863 1177 2940 Regem
1199 2872 1262 2918 non

46 2969 136 3046 tuisse,
165 2985 326 3057 autequam
347 2977 432 3038 fieret
452 2977 597 3038 homo-ot
618 2973 715 3036 aruris
737 2969 915 3052 supplicium
948 2966 1078 3037 subiret,
1109 2961 1163 3025 sed
1191 2965 1264 3020 tuno

47 3077 141 3136 tanum
160 3075 323 3142 Dominum
346 3096 415 3140 esse
437 3077 590 3157 coepisseq
612 3075 760 3148 noverint,
787 3091 820 3134 se
843 3071 947 3134 eadem
968 3085 1044 3148 quae
1065 3065 1261 3128 samosaten-

45 3173 79 3232 sis
104 3187 199 3256 aperte
227 3183 378 3261 proferre.
430 3179 484 3241 Sin
517 3187 632 3254 autem,
666 3185 701 3238 ut
727 3175 855 3238 vidimus
885 3188 1036 3252 supraque
1064 3163 1351 3236 osonuiosuenos.

44 3271 170 3342 Donnms
190 3289 221 3342 ot
243 3283 311 3346 Rex
333 3291 380 3346 est
402 3292 555 3354 aeternus,
578 3279 688 3360 quippe
712 3297 778 3340 eom
793 3275 940 3339 Abraham
961 3289 1029 3336 eum
1043 3279 1182 3348 tanquam
1197 3265 1261 3328 Do-

43 3376 140 3442 minum
159 3382 278 3456 adoret,
302 3391 333 3445 et
355 3383 470 3464 diuqses
493 3383 587 3444 diost:
610 3380 711 3462 iqitor
726 3380 874 3443 Dominus
894 3377 977 3457 pluit
993 3390 1087 3454 super
1101 3369 1265 3434 Sodomam

44 3487 68 3536 tt
86 3479 283 3548 uooorrtosa
314 3485 447 3566 subqbser
474 3495 504 3547 et
530 3490 630 3566 s'qnem
651 3484 675 3544 o'
693 3480 840 3552 Domino,
870 3485 900 3540 et
921 3475 1011 3539 David
1041 3480 1142 3536 oanat:
1175 3470 1266 3534 Diuit

42 3573 170 3648 Dominus
192 3586 329 3650 Domino
350 3605 436 3659 uteo,
459 3587 567 3650 sedeo
590 3585 709 3648 deutris
731 3587 822 3654 meis,
846 3588 876 3642 et
900 3579 1040 3644 Tbrurtos
1065 3587 1148 3648 tetus,
1170 3571 1264 3640 Deus,

68 3881 87 3926 t·
102 3883 153 3934 μου
171 3874 243 3926 abest
263 3890 277 3924 s
296 3875 396 3939 Sequer.
416 3881 440 3924 et
456 3872 562 3923 i’eicbm.
575 3872 600 3922 4.
675 3869 728 3921 bion
746 3871 845 3932 Seqrier.
857 3861 1005 3934 ὁπομεῑνει.
1024 3863 1129 3914 Febrim.
1140 3857 1163 3910 5.
1175 3864 1199 3908 et
1209 3856 1267 3918 neq.

66 3969 85 4016 b·
220 3975 365 4026 tn„
379 3969 498 4040 tur·
675 3930 969 4068 terebrantur
987 3923 1190 4050 ttiirrtt
1204 3979 1266 4058 a„

38 4029 167 4094 rebeus,
195 4043 295 4094 ibidem
315 4043 414 4108 Sequar.
434 4041 580 4094 etFeieitrn.
599 4041 623 4092 4.
676 4074 755 4125 Gemi
775 4083 797 4125 οι
815 4075 889 4124 ‘diuo
909 4069 1026 4122 Comma·
1045 4057 1113 4129 ἴσχε,
1150 4062 1202 4111 qm
1221 4065 1267 4109 50.

38 4113 64 4216 {1⁵
72 4112 299 4242 εἷξαῖῗᾶςψθίειι
312 4110 626 4240 segffihcstoffit.cgffiegrr
676 4125 1176 4261 {f‘ffiiissrgegffl‘g‘uggffhbwmfwffi
1205 4127 1269 4186 adm

38 4238 136 4362 :tun
154 4247 177 4362 ὲ·
191 4247 279 4366 rib.
296 4241 625 4376 ‘'tibidibeifd'ii
696 4254 1272 4400 qqqffeqqqqe{irrerebat

38 4374 129 4489 {me'
151 4383 182 4462 l.t
193 4392 225 4434 et
238 4383 267 4434 4.
287 4374 324 4438 bc
340 4376 356 4432 b
372 4381 429 4434 νῦν.
456 4383 503 4434 diii
515 4391 540 4434 et
553 4381 626 4433 editis
676 4409 803 4464 Μωσέως
818 4405 953 4475 unm·

69 4448 144 4496 mm‘¹'
163 4463 202 4503 ως
219 4464 286 4499 ⁷¹²7·
685 4491 745 4532 ·m.
765 4481 869 4530 brisim.
888 4477 910 4527 2
937 4485 961 4526 et
979 4475 1036 4525 editi
1059 4473 1150 4523 addunt
1166 4461 1218 4523 bert
1235 4459 1272 4516 ἂν

58 4557 78 4620 ,ἵ-
95 4550 197 4610 Stenas.
224 4551 330 4602 Gobisr.
354 4560 378 4604 et
395 4553 501 4604 Febrim.
523 4553 544 4602 i.
562 4545 628 4620 nqis·
679 4547 724 4598 ad
743 4541 808 4600 rubr
823 4537 940 4614 tgbqobe
957 4554 1017 4623 stou,
1036 4555 1099 4624 qoqe
1117 4539 1141 4588 iu
1158 4535 1271 4618 qtjisds·

38 4621 147 4671 iimm-
183 4619 233 4670 biii
253 4626 282 4670 et
299 4621 355 4674 editi
372 4621 428 4688 πρὸ
445 4617 628 4686 resirbrqroe.
679 4625 747 4673 sust.
783 4616 837 4666 itas
854 4618 955 4678 sequar.
972 4623 1013 4666 atr
1029 4621 1118 4660 usuros
1136 4613 1246 4656 atores.
