3158 5050
512 333 656 378 errsronr
671 334 691 376 ι.
708 333 743 376 tn
760 334 956 382 supernonere.
1286 323 1346 386 679

92 485 207 560 Filii,
237 485 360 548 dicentis
382 483 507 546 seilicet:
537 485 599 565 Epo
622 503 690 547 sunt
710 490 841 557 ueritus,
871 491 904 548 ut
930 505 984 548 vos
1013 487 1091 550 nuda
1118 507 1190 550 voce
1219 493 1437 570 spirt'tusreeo.

100 589 223 650 audita
251 595 386 650 sanctum
408 585 552 668 Spiritum
581 605 648 648 esse
675 587 927 668 suspicaremini?
970 587 1013 649 Ex
1041 589 1096 650 hae
1125 597 1221 652 emen
1249 591 1349 670 regula

106 709 178 752 eos
201 689 288 750 velim
309 689 423 768 excipi,
446 688 495 768 qui
518 707 584 753 curn
607 687 751 784 Spiritum
774 697 907 752 sanctum
925 690 988 752 iam
1011 691 1209 771 accepissent,
1233 693 1269 754 de
1291 692 1347 754 iis-

109 793 194 856 dem
214 793 247 853 lit
267 801 374 872 postea
395 790 501 854 iterum
514 777 647 864 'meatim
670 791 716 852 vel
728 792 780 871 qui
802 811 867 854 orm
882 793 964 872 prins
980 793 1102 874 quidde
1117 794 1229 874 Spiritu
1244 801 1431 858 sanctonum.

111 894 305 958 credendum
331 893 370 955 sit
398 893 569 967 didicerint,
603 893 711 955 deinde
737 894 924 974 repetitionis
951 903 983 958 et
1014 895 1253 960 commonitionis
1275 915 1346 976 ergo

112 1013 206 1060 mua
234 1015 306 1058 uoce
333 999 461 1076 spiritus
489 995 605 1075 prolata
633 995 700 1076 quis
727 996 776 1058 ille
804 997 1013 1077 intelligendus
1045 998 1086 1060 sit
1112 1015 1173 1060 non
1199 985 1347 1078 ignorant,

113 1098 251 1160 maxime
283 1098 350 1176 quia
374 1098 419 1159 sie
433 1097 528 1159 'etiam
550 1116 617 1158 cum
640 1097 761 1160 articulo
785 1099 974 1178 exprimetur.
1018 1099 1151 1180 lienique
1167 1099 1245 1166 ¹sine
1273 1103 1347 1164 arti-

114 1201 193 1262 culo
215 1200 259 1262 vel
280 1200 431 1280 praedicto
445 1215 448 1220 ·
462 1200 661 1262 additamento
684 1219 834 1280 nunquam
856 1201 998 1282 Spiritum
1027 1210 1160 1264 sanetum
1189 1201 1349 1286 significari

113 1302 306 1364 inveneritis.
350 1301 529 1364 Huiusmodi
551 1311 623 1364 sunt
645 1321 688 1376 ca,
712 1321 787 1382 quse
808 1302 916 1364 Paulus
939 1303 974 1364 ad
996 1303 1114 1368 Galatas
1137 1302 1256 1366 scribit:
1282 1304 1349 1368 Hoc

117 1405 225 1469 solunt
247 1423 266 1466 o
287 1405 370 1466 ectu
392 1403 461 1466 eolo
484 1405 618 1466 discere:
640 1401 851 1485 despectius
875 1404 946 1485 lepti
959 1405 1111 1486 Spiritum
1130 1411 1284 1488 complens
1306 1425 1349 1470 nn
1461 1383 1469 1406 ⁸

117 1525 164 1570 eac
185 1508 292 1570 auditu
313 1503 408 1586 fidei?
451 1504 547 1578 Quem
576 1505 757 1566 vernalium
779 1514 967 1586 acceperant,
1001 1525 1087 1586 quam
1112 1506 1255 1590 Spiritum
1275 1527 1348 1570 sen·

117 1618 215 1681 mum,
235 1607 284 1688 qui
307 1605 495 1669 erodentibus
517 1616 547 1668 et
567 1625 623 1687 per
644 1608 878 1686 regenerationis
893 1608 1038 1670 lavacrum
1053 1609 1277 1672 renascentibus
1293 1609 1346 1670 da·
1457 1657 1461 1668 .

116 1707 196 1772 tur?
215 1709 283 1788 ‚ld
305 1708 589 1770 Thessalonicenses
612 1719 710 1770 eutem
732 1709 849 1792 scribit:
874 1709 1022 1791 Spiritum
1044 1711 1138 1774 nolite
1160 1715 1345 1790 entinpuere.

118 1811 237 1892 Nempe
259 1830 329 1885 eos,
351 1811 526 1891 quietique
549 1821 693 1872 novuent
715 1792 801 1891 quem
824 1821 999 1891 acceperant
1020 1812 1178 1892 Spiritum,
1202 1811 1345 1874 adnrone·

118 1915 184 1990 hat,
205 1933 244 1976 ne
266 1931 418 1976 accensam
442 1913 471 1972 in
487 1897 568 1992 ipsis
584 1913 714 1992 Spiritus
737 1913 860 1994 gretiam
881 1933 918 1976 ex
939 1914 1114 1994 negligentia
1130 1914 1345 1993 extinguerent.

121 2017 211 2090 Quod
234 2017 260 2078 si
281 2015 482 2096 Evangelistae
503 2017 534 2076 in
556 2015 722 2094 Euangeliis
743 2015 781 2076 de
798 2015 949 2092 Salvatorc
968 2016 1096 2078 humano
1119 2034 1203 2078 more
1223 2023 1347 2096 propter

121 2137 242 2182 carnem
264 2117 300 2178 ab
323 2135 358 2179 eo
381 2125 542 2180 assumtam
565 2118 639 2179 haee
659 2117 784 2178 habent:
806 2118 893 2181 lesus
915 2129 1015 2180 cutem
1031 2118 1141 2198 plenus
1157 2117 1278 2199 Spiritu
1293 2135 1346 2179 re-

120 2239 246 2301 pressos
269 2239 288 2282 o
309 2219 455 2291 lordono,
490 2227 520 2280 et
544 2218 625 2282 Tunc
647 2219 731 2282 lere:
755 2221 861 2286 ductus
882 2231 928 2282 est
948 2225 981 2282 rt:
1003 2221 1154 2284 desertum
1175 2239 1194 2282 o
1215 2217 1345 2300 Spiritu,

3 2399 4 2405 ἵ
120 2321 201 2386 idem
229 2339 348 2402 quoque
377 2339 486 2382 sensus
516 2321 564 2382 hio
591 2319 795 2383 observandus
823 2331 880 2382 ost.
931 2293 1081 2401 Siquidem
1109 2323 1193 2402 prius
1221 2339 1237 2382 a
1265 2321 1346 2382 Luca

122 2425 234 2486 dictum
256 2425 363 2486 luerat:
392 2423 583 2486 factumest
604 2435 718 2494 autem,
749 2443 814 2486 cum
843 2426 1055 2504 baptizaretur
1083 2417 1178 2486 omnis
1197 2422 1342 2504 populus,

124 2537 152 2589 et
175 2525 246 2588 lesu
268 2527 421 2606 baptizato
443 2536 474 2586 et
495 2535 610 2596 oronte,
634 2534 774 2605 opertum
793 2537 841 2604 est
863 2523 990 2599 osclum,
1020 2535 1049 2586 ct
1071 2525 1221 2588 deseendit
1242 2523 1345 2604 Spiri-

125 2619 174 2690 t'tts
198 2639 319 2692 sanctus
344 2625 503 2707 corporat·
522 2631 618 2706 speeie
642 2629 719 2688 emet
742 2626 879 2688 columbo
900 2630 932 2686 in
953 2630 1061 2704 speum
1095 2625 1239 2696 Quocirca
1254 2631 1344 2702 patet,

123 2728 222 2808 ipsum
243 2728 386 2809 Spiritum
417 2735 551 2792 sanetum
580 2726 710 2806 Spiritus
736 2726 885 2794 vocabulo,
906 2723 965 2787 illie
993 2724 1159 2803 significari.
1203 2723 1345 2786 Similiter
1451 2719 1456 2726 '

123 2830 199 2911 apud
220 2849 296 2910 quos
318 2839 364 2892 est
385 2829 514 2909 Spiritus
530 2836 673 2902 sanctus,
703 2827 771 2890 licet
798 2828 864 2890 sine
890 2825 1090 2888 additamento
1112 2824 1242 2906 Spiritus
1275 2833 1343 2886 tan-

124 2933 335 3008 runcinatur,
364 2950 425 2993 nou
447 2930 639 2994 dubitandum
666 2937 765 2991 tamen
793 2936 840 2990 est
860 2928 930 3008 quin
953 2927 1082 3008 Spiritus
1105 2933 1225 2990 sanetus
1248 2927 1342 3002 den07

124 3042 210 3108 tetur,
231 3034 406 3114 praesertim
429 3033 455 3096 si
479 3032 557 3094 adsit
577 3031 726 3094 articulus.

207 3343 236 3402 5.
280 3339 341 3398 Vos
364 3347 460 3398 autem
484 3337 641 3410 ostendite,
665 3336 744 3430 quod
767 3335 849 3401 vobis
872 3335 1096 3414 proposuimus,
1119 3336 1144 3398 si
1166 3335 1341 3428 nempeali-

125 3439 189 3502 cubi
211 3439 243 3500 in
265 3439 416 3519 Scriptura
439 3438 535 3502 divina
557 3439 700 3519 Spiritum
725 3445 857 3500 sanctum
880 3438 1036 3500 invenistis
1055 3439 1257 3500 tantummodo
1273 3437 1342 3518 Spi-

123 3541 210 3602 ritum
233 3540 371 3620 appellari
395 3540 459 3602 sine
481 3541 631 3620 praedicto
654 3541 851 3604 additamento
875 3549 905 3602 et
927 3541 1144 3614 observatione,
1170 3540 1254 3602 cuius
1277 3557 1341 3598 me·

125 3639 272 3702 minimus.
315 3641 349 3703 ld
370 3654 449 3704 certo
472 3661 619 3722 nunquam
642 3650 792 3722 praestare
814 3643 982 3722 potueritis.
1008 3634 1177 3720 'siquidem
1192 3657 1341 3718 nunquam

125 3835 194 3894 patet.
232 3827 283 3877 ltux
301 3827 355 3877 tuit.
375 3829 440 3891 Regii
459 3837 482 3878 et
499 3830 598 3892 sepner.
618 3827 705 3876 hebent
757 3828 970 3892 tetelmprtmns.
1006 3827 1084 3878 Ceteri
1095 3836 1118 3876 et
1127 3827 1182 3878 editi
1199 3815 1251 3887 κᾷν
1261 3817 1338 3872 ὅταν.

124 3889 153 3944 τὸ
179 3889 248 3945 τότε.
292 3896 388 3947 Goblcr.
414 3906 438 3946 et
456 3897 560 3946 l'elclm.
584 3896 602 3946 l.
626 3888 705 3944 καὶὸ
758 3888 1154 3957 lloxlle3.l.et8egner.viclr
1171 3884 1245 3960 αὗτῷ
1262 3905 1342 3958 προς-

121 3955 226 4023 laesos.
262 3964 305 4013 ttii
329 3973 353 4014 tt
370 3957 489 4014 editiatul
506 3957 554 4020 τό,
581 3975 617 4012 τε.
654 3963 706 4015 lior
755 3955 847 4022 θήκης.
884 3963 957 4012 l’tnlo
975 3961 1249 4027 postllnglic.etdasil.
1267 3951 1339 4025 ἔχον.

123 4035 176 4083 item
195 4032 261 4094 Regii
279 4040 303 4081 et
320 4033 419 4094 Segner.
443 4034 532 4083 renent
548 4026 705 4100 opstipum,
756 4031 835 4082 Ceteri
847 4039 869 4080 et
886 4033 942 4082 editi
959 4023 1037 4098 ἔχων.

124 4107 147 4150 nt
169 4107 191 4150 et
209 4100 300 4162 duplic.
324 4101 461 4152 Gcblecian·
486 4109 508 4150 et
526 4103 630 4152 Felcltm.
643 4100 665 4149 l.
684 4106 708 4149 et

124 4169 201 4218 Ottols.
238 4169 282 4218 snt
301 4183 355 4218 uero
373 4161 542 4236 προείρηται.
580 4169 706 4219 ltemilrid.

124 4237 177 4299 lien.
193 4236 214 4286 l.
234 4237 367 4298 etSegner.
384 4230 429 4284 tu
445 4229 551 4300 ἐγένετο
570 4231 599 4285 δὲ
616 4245 662 4286 etc.

156 4319 175 4366 Β.
191 4305 253 4367 lise.
269 4305 290 4353 l.
301 4311 325 4353 et
337 4305 408 4366 Sepu.
428 4298 470 4358 ὥς.
508 4305 567 4355 llrld.
586 4319 647 4370 qtrns
665 4319 704 4353 se·

125 4380 225 4438 qnnntnr
247 4374 318 4422 rerba
342 4367 388 4420 etei
412 4365 495 4430 δῆλον
518 4387 595 4444 nepus
613 4373 641 4422 td
661 4383 707 4431 ση-

125 4433 289 4506 μαινόμενον
306 4441 393 4490 ebsont
418 4441 504 4503 alleg.
525 4441 547 4490 2.
568 4441 709 4491 (tolleret

125 4509 256 4559 reterns.
268 4509 359 4571 lngttc.
377 4493 411 4568 ἦν
429 4511 484 4558 trem
503 4509 571 4558 esen
583 4509 671 4570 anseg.
685 4508 707 4557 t.

156 4575 177 4626 lt.
195 4577 236 4627 Sic
254 4578 310 4641 lleg.
331 4577 352 4627 l.
371 4577 511 4640 Segnerieo.
530 4576 666 4628 Gcblerian.
686 4583 709 4626 et

791 4134 806 4181 l.
825 4133 963 4195 Scssuerien.
980 4127 1126 4198 προταθέν.
1150 4131 1207 4188 Res.
1222 4131 1244 4182 l.
1262 4143 1342 4196 προς·

758 4195 850 4249 rodda.
891 4203 948 4262 liep.
967 4201 990 4250 2.
1008 4195 1149 4266 eporedia.
1177 4197 1222 4248 ltti
1243 4207 1266 4250 et
1285 4197 1341 4248 editi

756 4261 911 4332 reponte-liv.
931 4270 981 4318 llo:
1001 4269 1056 4330 Rsp.
1069 4267 1120 4316 iet
1132 4267 1230 4328 Septies
1240 4256 1340 4332 ηὕρετε.

758 4338 814 4398 lies.
822 4335 845 4385 2.
862 4329 917 4402 γὰρ
936 4327 1043 4402 clears,
1063 4338 1119 4386 item
1138 4335 1226 4396 Anglic.
1238 4335 1340 4386 etflasil.

758 4405 800 4456 scd
818 4405 870 4454 sine
876 4405 964 4521 portic.
974 4399 1037 4470 γάρ.
1074 4403 1147 4452 Paulo
1158 4412 1213 4468 post
1221 4394 1260 4452 ἐπ’
1273 4404 1341 4454 deest

759 4473 782 4522 in
802 4473 857 4534 lleg.
919 4464 988 4530 πλήν
1006 4488 1018 4522 a
1037 4471 1134 4524 Gohlor.
1154 4481 1177 4522 ct
1193 4471 1297 4522 Felsina.
1316 4471 1336 4521 l-

760 4550 783 4590 et
799 4553 830 4605 γε
848 4557 860 4590 a
879 4541 935 4602 lleg.
957 4540 977 4588 l.
998 4550 1021 4590 et
1038 4541 1155 4602 Scpoer.¹
