3062 5044
445 399 676 444 transrotatus
694 397 890 449 summouere.
961 397 969 406 ·
1222 386 1280 448 731

55 553 148 615 dictus
171 561 227 638 est.
273 551 311 613 Ut
331 552 402 613 item
417 551 508 613 Filius
532 563 578 614 est
601 549 744 630 sapientia
767 558 798 610 et
819 551 939 625 veritas,
963 551 1007 613 sic
1029 551 1116 613 etiam
1139 553 1368 634 scriptumnsra.

55 664 115 728 est,
149 653 291 733 Spiritum
321 671 390 714 csse
413 633 550 733 spiritum
572 652 735 733 sapientiae
759 646 950 714 ettveritatts.
995 653 1087 714 Filius
1119 662 1167 714 est
1194 655 1282 716 etiam

54 755 147 818 virtus
171 755 224 816 Dei
246 761 277 816 et
297 755 435 818 damnus
458 755 579 835 gloriae.
624 754 769 816 Similiter
790 753 922 834 Spiritus
946 754 1052 816 dicitur
1075 756 1198 836 spiritus
1223 757 1282 819 vir·
1292 769 1368 812 uma.

53 855 124 919 tutis
153 865 182 918 et
210 855 333 936 spiritns
362 856 490 936 gioriae,
524 856 561 917 de
597 856 705 936 quibus
737 855 862 935 singuiis
892 855 936 917 sic
962 856 1093 935 loquitur
1122 857 1284 937 Scriptura,

53 977 161 1038 nempe
182 957 234 1019 ubi
255 957 363 1024 Patrius
387 958 423 1019 ad
447 957 616 1020 Corinthios
639 955 755 1020 scribit:
790 957 826 1019 Si
845 962 924 1020 enim
946 963 1170 1040 coqnooiesent,
1203 979 1284 1022 nun-

54 1079 142 1142 quam
163 1059 326 1122 Dominam
347 1060 464 1140 qtnriae
488 1059 724 1140 cruniim‘ssent.
769 1059 805 1120 tu
827 1058 912 1120 aiibi:
937 1059 1006 1121 Non
1029 1064 1107 1122 mim
1128 1065 1285 1141 accepistis
1365 1099 1367 1104 ·

54 1165 196 1242 spiritum
219 1164 377 1224 servitutis
400 1165 510 1245 iterum
533 1167 564 1224 in
588 1167 738 1233 timorem,
770 1163 823 1224 sed
849 1165 1007 1243 accepistis
1030 1161 1183 1244 Spiritum
1210 1163 1284 1224 ado·
1338 1164 1341 1170 '

50 1265 178 1344 ptiauis.
222 1261 266 1323 Et·
280 1263 403 1324 iterum:
433 1262 516 1338 db'sit
537 1261 621 1324 Deus
643 1261 796 1343 Spiritum
817 1262 890 1324 Filii
916 1268 967 1326 sui
992 1269 1025 1326 in
1057 1265 1150 1325 corda
1183 1275 1286 1326 oestro
1386 1299 1390 1304 -

48 1345 249 1426 ‘cumaeam
272 1364 355 1425 Abba
373 1374 475 1445 pater.
519 1363 626 1425 Petrus
648 1363 719 1424 item
735 1363 854 1424 scribit:
877 1363 915 1426 Si
935 1365 1167 1445 exprobramini
1180 1369 1212 1426 in
1228 1383 1285 1428 πο-
1357 1429 1360 1436 ,

51 1470 132 1530 meite
154 1459 277 1536 Cbristi,
302 1465 388 1536 beati,
412 1466 553 1547 quoniam
574 1465 691 1544 ptorioe
714 1477 741 1528 et
762 1467 888 1530 virtutis
911 1476 939 1527 et
954 1465 1014 1526 Dei
1033 1464 1170 1545 Spiritus
1193 1483 1286 1546 super

52 1585 106 1628 aas
131 1569 288 1648 requievit.
333 1565 402 1644 ipsc
431 1573 530 1626 eutem
552 1566 696 1628 Dominus
718 1564 861 1644 Spiritum
891 1574 922 1627 et
942 1567 1073 1628 ueritatis
1098 1565 1287 1646 spiritumet

51 1658 233 1747 paracletum
263 1684 331 1728 esse
360 1675 461 1746 aperte
489 1673 625 1758 testatur.
675 1667 718 1728 lix
746 1667 855 1747 quibus
884 1675 964 1748 patet
990 1670 1152 1750 perfactam
1182 1668 1213 1728 in
1235 1667 1284 1728 ilio

52 1787 122 1831 esse
144 1767 328 1830 Trinitatem.
371 1769 406 1829 in
436 1769 485 1830 illo
516 1769 614 1849 itaque
637 1769 765 1831 Verbum
794 1787 843 1831 res
872 1779 986 1831 creatas
1018 1769 1161 1850 glorificat
1183 1769 1283 1830 bomi-

51 1883 166 1950 nesque
187 1870 261 1931 deos
284 1877 314 1931 et
334 1867 413 1930 [ilios
436 1871 565 1932 efficiens
587 1871 668 1932 Patri
689 1870 816 1932 adducit.
860 1871 947 1950 Atqui
969 1871 1012 1945 is,
1044 1870 1094 1950 qni
1126 1888 1176 1931 res
1200 1888 1284 1931 crea·
1347 1867 1350 1874 “

51 1981 95 2033 tas
120 1963 188 2034 cum
209 1970 307 2032 Verbo
330 1970 493 2051 coniungit,
516 1973 582 2052 ipse
605 1980 685 2034 certo
707 1991 757 2034 res
779 1979 877 2034 creata
900 1991 969 2033 esse
991 1965 1052 2034 nort
1070 1980 1181 2052 potest.
1227 1970 1285 2043 Qui

51 2073 124 2135 item
146 2091 196 2135 res
219 2081 332 2135 creatas
355 2073 432 2134 filios
454 2057 650 2148 efficit,·'nou
681 2059 783 2161 potes't
804 2091 821 2135 n
842 2073 918 2134 uitio
941 2073 1055 2134 alienus
1080 2092 1158 2134 esse.
1201 2072 1285 2133 diio-

51 2175 123 2254 qoin
147 2173 235 2236 alium
257 2174 394 2254 spiritum
417 2193 561 2255 quaerere
583 2193 707 2238 necesse
731 2183 820 2250 esset,
845 2183 875 2236 nt
898 2161 954 2236 isia
975 2174 1007 2234 in
1029 2174 1080 2236 ilio
1103 2193 1169 2236 cum
1188 2172 1285 2234 Verbo
1527 2239 1528 2248 χ

51 2275 193 2355 coniungi
213 2285 327 2357 posset.
373 2278 481 2339 Verum
511 2278 541 2339 id
569 2277 785 2358 perabsurdum
814 2284 870 2338 est.
915 2264 1106 2356 Quapropter
1134 2274 1305 2336 fatendum·
1415 2273 1417 2278 ’
1527 2291 1528 2298 “

51 2386 115 2454 cst„
132 2395 195 2439 non
217 2397 252 2440 ex
274 2379 365 2440 rebus
387 2379 473 2441 iactis
496 2397 565 2442 esse
587 2378 740 2458 Spiritum,
764 2378 817 2439 sed
841 2370 1001 2439 divinitatis
1017 2377 1114 2440 Patris
1130 2375 1286 2456 proprium
1330 2433 1335 2441 .

51 2497 137 2552 esse,
169 2477 199 2540 in
230 2499 289 2559 quo
319 2490 349 2543 ct
375 2482 474 2561 ipsum
497 2481 626 2543 Verbum
656 2499 705 2542 res
729 2481 820 2541 iactas
844 2478 959 2540 divinae
982 2486 1105 2540 naturae
1127 2484 1285 2539 consortes

49 2580 160 2642 reddit.
204 2582 356 2661 dulciis,
388 2583 420 2644 in
442 2602 501 2663 quo
524 2591 628 2644 natura
650 2589 748 2644 creata
770 2579 930 2642 divinitatis
953 2580 987 2640 fit
1006 2578 1175 2659 particeps,
1204 2585 1286 2640 extra

49 2681 148 2744 Patris
171 2681 350 2746 divinitatem
372 2684 437 2765 ipse
460 2675 612 2747 essenon
634 2690 744 2766 potest.
813 2665 844 2704 '⁸

138 2785 192 2848 26.
236 2783 374 2847 Ceterum
396 2805 432 2848 ex
452 2786 500 2848 bie
524 2803 642 2866 qnoque
662 2784 817 2866 percipere
832 2782 911 2856 licet,
935 2779 1078 2861 Spiritum
1094 2777 1185 2840 rebus
1201 2797 1286 2846 crea·

51 2883 89 2945 tis
114 2884 302 2964 superiorem
330 2885 478 2966 aliumque
506 2905 523 2948 a
549 2885 639 2948 rebus
668 2883 753 2953 iactis
783 2901 862 2944 csse.
906 2881 1020 2960 Nempe
1042 2877 1233 2942 immutabilis
1258 2887 1288 2939 et

49 2983 203 3047 varietatis
225 3004 332 3066 erpere
355 2994 402 3049 est
425 2987 555 3069 Spiritus
578 2993 715 3050 sanctus:
738 2985 875 3068 Spiritus
899 2991 1041 3054 sanctus,
1065 2979 1170 3059 inquit,
1195 2981 1287 3042 disei-

46 3085 158 3168 piinae
178 3088 276 3168 sapiet
297 3089 416 3165 dolum,
446 3097 475 3150 et
501 3090 623 3169 cnseret
643 3105 676 3150 se
698 3105 716 3149 a
739 3085 989 3167 capitationibus,
1018 3100 1094 3164 quae
1122 3091 1196 3144 aaut
1223 3086 1288 3142 siue

49 3187 220 3250 intellectu.
264 3187 303 3250 Et
323 3189 429 3252 Petrus
452 3189 508 3250 ait:
530 3189 569 3250 in
590 3189 882 3271 incorruptibilitate
905 3189 1001 3269 quieti
1019 3196 1049 3247 et
1069 3185 1199 3246 modesti
1217 3181 1289 3265 Spi-

50 3295 150 3352 ritus.
192 3289 229 3351 Et
243 3289 360 3362 ,iterum
381 3291 421 3352 iu⁴
434 3290 584 3370 Sapientia
606 3290 729 3370 legitur:
756 3287 836 3351 Tuus
859 3292 938 3350 enim
960 3291 1162 3365 incorruptus
1185 3283 1290 3364 Spiri-

52 3405 105 3453 tus
129 3400 174 3454 ιιι
194 3397 228 3453 in
250 3393 399 3456 omnibus.
443 3391 517 3452 item
540 3391 566 3454 si
588 3391 682 3455 Nemo
707 3393 845 3473 coquooit
868 3408 942 3471 quae
965 3399 1038 3453 sunt
1052 3387 1118 3457 Der,
1140 3390 1204 3448 nisi
1216 3385 1289 3466 Spi-

52 3497 138 3555 ritus
160 3491 226 3564 Der'‚
249 3498 303 3575 qni
322 3504 368 3556 est
391 3497 524 3573 inipso,
549 3511 609 3554 non
633 3502 678 3556 est
699 3502 796 3554 autem
820 3491 897 3572 apud
913 3490 1016 3564 Deum,
1041 3498 1073 3550 ut
1095 3487 1181 3549 docet
1202 3487 1288 3546 iaco·

52 3591 129 3668 bus,
167 3592 394 3657 Trauemutatio
428 3613 481 3656 nec
514 3597 731 3660 vicissitudinis
766 3595 974 3691 qbumbrotio:
1015 3591 1079 3652 iure
1112 3605 1147 3650 ac
1178 3585 1286 3647 merito

51 3743 145 3793 ποιῶν
161 3739 192 3795 δέ
210 3754 256 3796 etc.
293 3747 382 3796 ibidem
401 3762 445 3812 pro
465 3741 604 3796 συνάπτον
622 3749 672 3805 ιιι,
697 3747 768 3796 uerit.
789 3745 859 3797 Gabi.
878 3752 902 3792 et
919 3744 1023 3792 Fetctrm.
1046 3741 1066 3792 i.
1092 3747 1118 3790 nt
1141 3746 1164 3788 ct
1183 3739 1288 3789 Graecas

51 3814 221 3875 septimber.
243 3813 424 3864 1.Feicbm.².
444 3815 647 3879 scoticuteqt-
696 3815 837 3878 Scripturas
863 3819 940 3862 textos
965 3812 1054 3860 babent
1071 3799 1204 3858 παιδείας.
1240 3806 1285 3855 tut

52 3891 91 3930 mr
111 3873 288 3938 συνδοξάζπν.
325 3885 381 3946 tter.
394 3883 420 3932 2.
439 3885 555 3934 mendose
574 3881 647 3932 babet
697 3890 722 3932 et
739 3882 796 3932 editi
815 3873 926 3946 copias·
1076 3881 1077 3884 ’

51 3943 258 4080 ‘viffoitei'g‘iret
268 4017 348 4068 Ottob.
366 4011 396 4067 ἐν
408 4015 517 4085 χριστῷ
535 4009 645 4082 συνάψῃ
698 4066 711 4099 e
713 3983 755 4100 diti
768 3973 1246 4116 iffi{idmieieqipiepiqi'fkffiei'
1258 3983 1289 4091 :qi

51 4082 90 4148 ’ᾧ
110 4083 180 4149 θεῷ·
215 4085 268 4135 ⁸¹⁰¹
291 4083 648 4149 'fliuffly‘r'i‘ffivm''
698 4119 751 4168 otiis
771 4111 1287 4178 etSepucr.ecScripturactcxtuabes13

53 4145 374 4284 ξξιιῗιῗυέηξὶθάἕξυῖ
391 4151 647 4284 ἱῖξῗῃὲέεξὶῗζῖθξ·
698 4201 767 4250 sequ.
786 4175 869 4231 πάλιν
887 4184 956 4233 deest
973 4183 995 4230 in
1007 4181 1104 4232 Gobter.
1116 4187 1139 4228 et
1153 4177 1298 4243 Feicbmd„

53 4289 84 4336 tia
112 4289 203 4338 desunt
231 4291 256 4338 in
280 4283 354 4350 Scipio
374 4287 395 4337 2.
417 4299 440 4339 et
458 4289 563 4338 i'etcbm.
582 4286 605 4336 2.
624 4295 649 4337 et
732 4301 755 4348 q.
774 4286 815 4335 Sic
833 4283 923 4346 Sept.
942 4283 1042 4344 Sequer.
1061 4280 1130 4332 Gabi.
1150 4280 1289 4330 erroreum.

54 4355 142 4405 editis:
168 4349 199 4404 ir
223 4369 246 4420 ep
272 4349 305 4402 rie
326 4349 428 4422 γενητὰ
454 4348 567 4419 ὄλόγιις
584 4353 647 4404 Seo-
701 4354 723 4403 l.
758 4351 803 4402 dlii
823 4367 878 4401 rero
897 4359 921 4401 et
939 4351 995 4400 editi
1014 4341 1039 4398 ei
1056 4350 1177 4398 omittunt.
1214 4346 1288 4396 Paulo

53 4421 137 4471 ποιεῖ.
699 4428 755 4485 post
773 4435 820 4484 pro
837 4416 940 4484 τροπῆς
948 4421 1047 4480 sepner.
1061 4415 1133 4466 babet
1143 4412 1288 4482 spontaneis.

87 4505 110 4538 e.
131 4491 170 4540 Sic
187 4491 245 4554 fleg.
259 4492 280 4541 i.
300 4491 400 4554 Segner.
420 4489 492 4540 uasti.
512 4489 611 4541 Gobier.
624 4495 648 4539 et
700 4488 780 4538 ottob.
799 4485 964 4556 προτροπῆς.
1002 4485 1053 4534 tter
1072 4485 1126 4547 aaa.
1141 4485 1163 4536 l.
1182 4493 1205 4532 et
1217 4485 1289 4542 Sego.

52 4555 195 4608 felcamb
232 4559 277 4608 itti
296 4573 351 4609 rero
370 4567 393 4610 et
411 4559 468 4608 editi
487 4549 515 4606 tn
533 4549 648 4607 τούτων.
700 4565 755 4620 past
780 4550 810 4604 ir
828 4555 866 4620 rqi
885 4553 941 4619 θεῷ
960 4553 1196 4608 omittnatroiror,
1225 4547 1290 4614 quod

53 4623 133 4673 Panto
151 4634 207 4689 post
224 4627 296 4677 iidem
316 4641 373 4678 mes.
393 4626 486 4689 sept.
505 4625 645 4688 Sequerian.
699 4625 723 4674 in
742 4624 797 4676 aliis
817 4633 840 4674 et
858 4625 927 4674 editis
946 4624 1040 4686 tegitur.
1075 4631 1077 4636 '
