3022 5056
464 381 573 426 omaro
589 381 622 424 rr.
639 381 755 426 nonu
770 381 904 426 mneos
1220 365 1285 430 297

84 545 143 610 dns,
163 535 210 598 sed
230 533 305 616 qnod
327 551 395 596 eum
416 532 480 596 reri
501 532 554 595 Dei
578 533 619 594 ait
639 531 743 608 Filius,
770 532 865 594 fidelis
888 532 953 612 ipse
975 551 1093 614 quoque
1116 542 1172 607 εει,
1195 533 1371 613 eiquesur.

82 635 266 710 iuomuibus,
288 655 363 716 quae
384 633 493 696 dixerit
513 634 663 708 secentur,
686 635 760 695 fides
784 643 830 696 eat
850 619 1024 698 commoda}
1068 635 1201 715 Namque
1223 635 1283 699 iut-

83 739 209 802 mutabiiis
230 745 380 820 permanet
401 755 457 800 nee
480 736 509 799 in
533 755 587 798 sua
616 736 744 798 bumana
769 735 1027 800 administratione
1055 744 1106 798 ent
1136 739 1285 818 cdrporeo

80 839 185 902 adventu
204 839 288 902 nilum
310 838 402 902 subiit
423 839 627 901 mutationem.

150 945 176 1004 7.
216 942 265 1004 Sia
291 957 363 1021 ergo
385 939 502 1002 retundi
524 947 625 1020 potest
645 938 764 1000 iliorum
786 937 985 1018 impudentia,
1015 937 1137 1018 soloque
1165 959 1202 1002 ex
1227 939 1285 1002 bae

80 1041 187 1104 dictione
207 1045 278 1123 feeit
300 1049 435 1104 amantes
458 1059 512 1103 eos
535 1039 774 1120 arbitrautssque
792 1039 846 1102 Dei
867 1039 996 1102 Verbum
1018 1040 1218 1103 iactum-esse
1236 1043 1282 1104 ia-

81 1143 197 1206 onmem
218 1152 263 1206 est
284 1141 432 1206 refellere.
476 1143 665 1225 Quapropter
694 1160 760 1204 enm
788 1149 888 1206 rectus
916 1141 956 1204 sit
984 1141 1102 1204 illorum
1124 1141 1286 1205 verborum

80 1263 183 1318 semus,
212 1255 386 1326 constetque
407 1263 443 1308 ex
466 1261 520 1320 eo,
544 1245 730 1324 quandonam
754 1252 784 1306 ει
805 1243 841 1308 ad
863 1243 934 1325 quid
955 1263 1013 1306 vox
1033 1245 1107 1323 {ecit
1128 1244 1286 1322 referatur,

80 1363 182 1408 necate
207 1354 252 1409 est
283 1363 319 1409 ex
340 1365 375 1408 ea
397 1346 462 1427 ipsa
484 1345 700 1408 haeretieorum
722 1345 881 1407 ostendere
909 1344 1126 1427 stupiditatem,
1158 1345 1371 1410 maximenon.

80 1447 111 1518 si,
129 1455 157 1510 ut
173 1457 254 1512 autea
278 1448 415 1523 diximus,
439 1448 475 1510 ud
498 1447 561 1510 eius
583 1455 700 1527 ternpus
722 1455 752 1508 et
773 1465 858 1510 usum
878 1447 1101 1511 attenderimus.
1143 1446 1210 1510 Non
1225 1447 1286 1528 igi·

78 1555 118 1608 tur
134 1567 191 1612 mm
211 1551 287 1614 haec
307 1550 419 1613 diceret
438 1549 616 1629 Apostolus,
646 1549 683 1610 de
705 1548 770 1624 his,
798 1567 873 1628 qnae
895 1557 962 1612 aute
984 1549 1165 1634 creationem
1188 1559 1283 1624 erant,

75 1649 149 1712 rerba
168 1651 300 1726 iaciebat,
323 1653 376 1714 sed
399 1651 436 1713 de
457 1651 506 1714 his
528 1650 678 1725 duntaxat,
701 1669 777 1730 quae
792 1649 920 1713 Verbum
943 1669 1060 1714 carnem
1082 1653 1191 1716 iactum
1212 1671 1286 1733 spe·

75 1757 185 1826 camon
206 1754 250 1817 sie
274 1754 353 1816 euim
375 1753 519 1833 eeripwm
542 1761 602 1814 est:
629 1751 721 1826 Unde,
745 1753 865 1832 fratrea
887 1757 1002 1826 cuncti,
1025 1757 1192 1819 vocationis
1216 1771 1288 1817 eoe-

75 1851 146 1916 iestis
171 1860 355 1938 participes,
389 1855 579 1920 aeacidarute
611 1854 784 1936 apostolam
817 1865 846 1917 et
875 1855 1051 1936 pontificem
1083 1855 1286 1935 consessionis

73 1965 181 2018 marrae
201 1956 324 2032 lecum,
348 1962 401 2039 qui
419 1955 519 2038 fidelia
540 1967 587 2020 eat
608 1960 644 2028 ei,
667 1959 721 2038 qui
740 1958 814 2036 {aad
835 1955 933 2019 titoni.
978 1947 1174 2030 Qnaddonam
1195 1957 1286 2037 igitur

73 2056 166 2120 missus
186 2066 242 2133 est,
268 2067 319 2121 ant
340 2057 526 2138 quandonam
550 2064 684 2120 nostram
707 2057 803 2120 induit
824 2056 967 2121 earueni
1012 2057 1208 2132 Quandonam
1226 2077 1286 2121 uo-

72 2165 139 2220 strae
166 2159 366 2224 confessionis
397 2160 530 2240 pontifex
553 2158 738 2222 estractus?
781 2158 887 2222 Nonne
916 2168 1003 2235 tune,
1033 2179 1100 2222 erim
1127 2167 1286 2242 postquam
1364 2179 1369 2190 ·

70 2262 218 2338 pronubis
241 2283 279 2326 se
302 2263 367 2344 ipse
389 2261 559 2336 obtulisset,
582 2279 690 2341 corpus
705 2262 841 2324 excitavit
859 2281 896 2324 ex
909 2261 1046 2336 mortuis,
1069 2279 1207 2342 nuncque
1222 2281 1286 2337 eos,

70 2360 111 2439 qni
131 2361 220 2444 ipsius
244 2366 464 2445 amplectuntur
478 2363 576 2437 fldem,
592 2362 718 2427 adducit
733 2371 764 2425 et
778 2366 867 2426 offert
880 2363 970 2437 Patri,
995 2381 1100 2427 omncs
1123 2363 1286 2439 redimens,

70 2469 169 2542 etpro
196 2465 340 2528 omnibns
369 2465 432 2527 Deo
462 2463 647 2528 satisfaciens
676 2483 803 2545 eumque
832 2465 993 2546 propitium
1025 2463 1177 2537 reddens?
1220 2463 1289 2526 Nou*

69 2559 155 2644 itaque
174 2566 341 2647 Apostolus
369 2565 458 2628 Verbi
485 2575 618 2628 naturam
645 2565 693 2628 vei
719 2566 884 2628 naurralem
913 2567 977 2628 eius
1007 2585 1042 2628 ex
1070 2565 1157 2627 Patre
1189 2571 1290 2628 orrum

68 2661 108 2724 bis
126 2667 311 2746 significabat
331 2666 471 2730 vocibus:
498 2668 560 2742 Quo
579 2667 679 2750 fidelia
702 2679 747 2732 cst
769 2671 799 2729 ει·
821 2671 873 2748 qai
891 2666 966 2746 fecit
987 2666 1092 2740 iiiem3
1120 2665 1212 2740 absit,
1242 2667 1287 2728 si-

67 2765 172 2843 qnidem
192 2769 340 2844 efficiens,
363 2787 422 2831 nou
446 2769 583 2832 effectum
606 2777 654 2830 est
674 2767 823 2842 Verbum
852 2765 906 2829 sed
929 2766 992 2828 eius
1015 2765 1051 2828 ad
1073 2765 1210 2827 homiues
1233 2764 1289 2826 ad-

66 2875 171 2932 veutum
193 2879 225 2932 ct
245 2873 358 2934 factum
379 2871 580 2950 pontificatum
603 2869 760 2946 indicabat,
784 2877 817 2932 nt
838 2887 873 2930 ex
889 2868 962 2947 legis
978 2876 1009 2930 et
1022 2867 1149 2929 daronis
1163 2865 1290 2930 historia

63 2963 122 3030 iicet
146 2973 332 3053 perspicere.
381 2971 443 3034 Nee
468 2972 547 3034 enirn
575 2973 674 3034 Aaron
702 2971 834 3051 pontifex
867 2970 985 3050 genitus
1008 2979 1069 3043 est,
1103 2969 1157 3032 sed
1185 2968 1288 3044 bomo,

64 3069 106 3145 qui
126 3082 242 3150 postea,
275 3093 343 3136 eum
364 3072 427 3136 beo
449 3074 573 3154 placuit,
601 3076 695 3136 iaetus
724 3080 773 3135 est
792 3072 943 3152 poutiicx;
973 3071 1052 3152 quod
1085 3070 1204 3152 quidem
1227 3089 1290 3132 uon

64 3173 158 3249 quovis
178 3177 273 3239 modo
297 3183 393 3238 actum
417 3183 480 3249 est,
504 3195 558 3238 nee
578 3175 628 3238 ilie
650 3174 802 3237 consuetis
825 3193 860 3238 ex
882 3174 1068 3237 vestimentis
1090 3173 1223 3256 pontifex
1245 3179 1291 3235 est

65 3273 185 3352 agnitos,
208 3279 265 3341 sed
289 3276 476 3359 epomidem,
499 3277 641 3358 poderem
664 3285 694 3338 et
715 3275 859 3338 rationale
881 3275 994 3349 induit,
1016 3295 1089 3355 ques
1112 3283 1211 3338 restes
1231 3271 1287 3336 nei

62 3371 137 3438 iussu
157 3386 332 3444 textueraut
353 3379 505 3450 mulieres,
536 3379 643 3459 quibus
666 3376 715 3440 ille
737 3375 859 3439 indutus
882 3377 911 3438 in
935 3385 1035 3439 sancta
1057 3376 1288 3458 ingrediebatur,

61 3482 88 3534 nt
107 3479 287 3544 sacrificinm
309 3500 365 3562 pro
388 3480 500 3562 populo
522 3483 653 3554 offerret,
676 3500 710 3542 ac
723 3479 812 3542 ueluti
828 3478 944 3542 medius
961 3479 1196 3542 constituebatur
1211 3480 1291 3540 inter

61 3571 107 3638 bei
125 3581 277 3646 visionem
300 3591 330 3645 et
351 3582 506 3644 bominum
528 3581 681 3645 sacrificia.
726 3582 776 3644 Sic
797 3581 887 3661 igitur
907 3581 974 3662 ipse
1002 3599 1120 3662 quoque
1141 3581 1287 3643 Dominus

61 3677 91 3736 ia
109 3686 267 3765 principio
297 3683 417 3764 quidem
446 3693 514 3748 erut
544 3685 685 3758 Verium,
714 3693 743 3748 ει
773 3683 900 3747 Verbum
922 3692 989 3746 erut
1012 3684 1095 3764 opud
1116 3681 1227 3754 Dmm,
1260 3689 1290 3742 ει

85 4001 101 4050 i.
129 4004 170 4054 Sic
194 4005 304 4067 Sequar.
329 4003 428 4056 Gobiec.
452 4011 477 4056 ει
499 4005 604 4055 Febrim.
626 4005 649 4054 i.
701 4017 753 4054 σιν.
788 4004 880 4055 ibidem
899 4003 997 4055 Gobier.
1017 3991 1291 4066 eti'eictrm.i.ei'pque

57 4073 77 4116 at
92 4069 227 4136 Scriptura.
266 4073 311 4122 trit
335 4085 391 4121 raro
416 4080 440 4122 at
458 4074 515 4124 editi
533 4063 651 4139 ἀδελφοί
701 4067 788 4122 αὐτὸν
803 4065 904 4122 neusin
921 4061 990 4120 ὄντα
1008 4079 1053 4119 ειε.
1090 4129 1097 4144 ἱ
1177 4125 1186 4145 ¹
1257 4125 1266 4146 1

54 4148 110 4198 μιν.
736 4143 758 4192 tr.
777 4142 834 4203 Rep.
853 4149 877 4190 et
894 4138 999 4188 Fatetur.
1012 4138 1035 4187 5.
1053 4147 1100 4183 και
1117 4133 1164 4193 τῆς
1180 4131 1291 4200 Aspar.

54 4218 105 4278 ,a
128 4207 221 4270 Regius
256 4214 281 4258 ct
309 4207 465 4258 Feiciruauui
483 4207 507 4258 b.
537 4207 649 4258 omittunt
701 4209 752 4258 idox
772 4209 829 4269 nep.
847 4207 940 4269 inqiie.
958 4213 982 4255 ει
1000 4203 1105 4254 isicium.
1124 4202 1147 4253 4.
1166 4197 1292 4268 γεγέννη-

60 4268 161 4326 teucer.
701 4277 755 4325 ius.
791 4276 834 4324 ttii
854 4283 878 4324 et
896 4273 953 4323 editi
970 4267 1122 4336 γεγένηται.

84 4341 105 4388 b.
124 4341 276 4392 Feictrm.5.
294 4335 378 4409 corp.
424 4343 484 4394 ibid.
510 4341 649 4394 isiciumi.
737 4343 753 4392 Ι.
778 4343 818 4392 Sic
836 4343 935 4402 Sequar.
955 4340 1028 4391 basii.
1046 4338 1291 4402 inaliessepflobi.

55 4404 202 4477 ucuqtpu
220 4407 265 4474 τῷ
281 4403 416 4476 πνεύματι
433 4403 479 4459 καὶ
495 4405 589 4479 nuepi.
701 4409 809 4460 Feicim.
821 4410 843 4459 l.
854 4417 877 4459 ει
887 4409 911 4458 5.
947 4409 1026 4460 Ceteri
1040 4421 1095 4458 raro
1109 4415 1132 4458 ει
1143 4408 1200 4458 aditi
1217 4399 1298 4456 ducv‘

85 4475 99 4522 i.
122 4476 165 4526 Sic
184 4478 293 4539 Segasa.
311 4480 409 4530 Goblar.
430 4479 534 4530 deletum.
548 4480 570 4529 t.
583 4486 607 4528 ει
616 4477 650 4537 4.,
702 4469 876 4544 δεκόμενος.
911 4475 1003 4528 ibidem
1028 4475 1169 4538 Saguntino.
1194 4475 1293 4527 Gobter.

54 4541 91 4590 aad
108 4543 132 4594 iu
151 4545 211 4596 noto
231 4547 334 4606 Sequar.
354 4546 452 4598 additur
465 4543 650 4598 arriootuaeori.
702 4545 808 4596 Fatcim.
829 4545 851 4594 l.
870 4553 894 4595 et
911 4545 936 4596 d.
954 4538 1005 4604 τὴν
1020 4537 1156 4610 lampaide,
1176 4536 1227 4592 τὸν
1242 4553 1292 4590 rcc-

56 4609 96 4658 Atii
111 4621 136 4662 ει
154 4613 218 4664 aditi
238 4603 292 4672 nir
308 4607 450 4683 Rumpis
461 4607 546 4682 φύσει
554 4610 650 4682 yem-
703 4607 781 4680 θήρη,
801 4605 833 4662 τὸ
851 4605 954 4679 λόγων.
