3072 5056
345 367 487 412 raasson
503 367 541 410 ns
556 362 699 410 camaris
714 365 857 408 numeras
872 363 990 408 srmone.
1245 347 1284 410 73

86 523 155 584 aolus
173 521 253 582 huius
276 497 392 580 restrae
413 515 591 580 delectionis
609 523 694 596 pater
709 524 737 577 et
752 523 856 578 auctor
871 515 976 590 extitit,
998 513 1143 596 vobisque
1156 515 1371 596 primumcasa.

84 623 241 702 impietatem
261 621 337 684 hauc
358 618 564 692 inseminarit,
594 635 628 680 ac
649 617 737 680 mam
759 635 839 680 nunc
859 615 981 692 suadet,
1011 625 1045 678 ut
1065 607 1287 680 oecumenicam

84 727 214 806 Spnodum
234 723 340 786 restris
362 719 526 784 maledictis
548 717 747 793 insectemini,
772 719 841 798 quia
863 718 999 780 videlicet
1019 735 1080 780 non
1102 725 1209 794 restra,
1233 718 1287 782 sed

84 829 123 890 illa
140 825 293 899 definierit,
321 841 397 904 qnae
418 822 455 884 ah
477 822 563 884 initio
586 821 734 884 tradidere
756 828 850 882 testes
873 813 996 894 cenati,
1029 821 1079 900 qui
1107 829 1137 882 et
1157 819 1286 882 ministri

84 927 266 990 terhi'luere.
307 925 381 988 llam
404 924 487 996 fides,
510 940 598 1004 quarn
613 921 751 1003 Spnodus
769 922 880 1002 scripto
902 923 1038 984 conlcsea
1061 931 1117 998 est,
1138 922 1203 1002 ipsa
1218 941 1286 984 rere

84 1040 121 1092 est
138 1028 294 1091 Catholicae
315 1025 473 1099 Ecclesiae,
496 1043 583 1104 quem
605 1032 639 1086 ut
660 1031 825 1098 tuerentur,
846 1023 956 1103 placuit
976 1022 1070 1084 beatis
1092 1023 1229 1086 Patribus
1247 1025 1287 1087 ita

84 1131 194 1192 scrihere
215 1129 410 1210 Arianamque
438 1126 586 1188 haeresim
613 1125 820 1188 condemnare.
865 1125 942 1187 Hinc
968 1123 1010 1186 illi
1038 1125 1226 1204 potissimum
1248 1125 1287 1188 oh

83 1233 144 1293 hauc
162 1250 276 1296 eausam
299 1230 451 1311 Synodum
472 1227 643 1291 mlumniari
665 1235 818 1290 conentur.
861 1225 934 1288 Nam
956 1244 1017 1288 non
1038 1233 1097 1287 tam
1118 1225 1288 1290 huiusmodi

83 1333 241 1395 dictionibus
263 1332 441 1404 cruciantur,
464 1347 552 1410 qnam
575 1329 654 1410 qnod
677 1329 746 1390 inde
768 1326 895 1392 convici
921 1335 992 1389 sunt
1012 1345 1073 1388 non
1095 1327 1193 1389 solum
1215 1328 1288 1390 hae·

83 1435 151 1497 retici
170 1453 243 1509 esse,
267 1434 321 1496 sed
343 1431 409 1495 aliis
433 1431 521 1494 etiam
543 1431 701 1494 haereticis
724 1429 907 1492 audaciores.

151 1539 197 1602 28.
239 1537 342 1616 ltaque
364 1552 431 1596 cum
453 1551 522 1596 suas
545 1532 610 1594 illae
633 1531 753 1594 voculas
775 1531 872 1592 futiles
887 1549 954 1592 ease
969 1537 1040 1592 tunc
1054 1538 1179 1610 pateret,
1202 1549 1287 1594 cum·

81 1657 126 1716 qua
144 1647 199 1699 tam
218 1637 303 1700 facile
325 1653 428 1698 eorum
451 1634 588 1714 inpietas
603 1651 724 1713 semper
744 1633 979 1705 convinceretur,
1003 1649 1105 1694 rocem
1120 1621 1285 1715 ἆγενήτου,

82 1737 104 1798 id
122 1746 163 1800 est
181 1737 356 1810 noo-lacti,
385 1755 400 1800 a
424 1735 544 1798 Graecis
567 1755 621 1797 seu
643 1733 808 1796 Gentilibus
830 1742 901 1795 sunt
922 1733 1040 1804 mutati,
1064 1742 1097 1794 ut
1116 1733 1373 1796 huiuamodiresr.

82 1838 156 1901 innixi
175 1839 316 1902 vocabulo
339 1855 445 1902 rnrsus
466 1838 543 1899 inter
567 1855 617 1898 rea
639 1837 730 1898 lactas
754 1843 868 1897 creatas
890 1834 943 1896 llei
965 1834 1111 1909 Verbum,
1131 1853 1186 1914 per
1207 1835 1288 1916 qnod

82 1957 121 2000 res
139 1941 214 2020 ipsae
234 1943 329 2003 laetae
350 1947 435 2014 erint,
458 1945 666 2012 numerarentp
689 1946 769 1999 unta
792 1955 896 1999 eorum
918 1935 1015 1998 estin
1038 1937 1158 2016 propria
1180 1935 1287 2016 impie·

82 2047 128 2100 tate
147 2043 302 2104 asserenda
324 2040 520 2122 impudentia,
547 2047 664 2102 tautam
691 2038 851 2119 pertinacia
878 2037 909 2098 in
931 2035 1123 2116 blasphemiis
1146 2039 1288 2102 adversus

82 2137 219 2206 lominum
240 2141 440 2224 proferendis.
486 2141 519 2202 Si
553 2139 642 2220 igitur
664 2147 773 2202 tantam
796 2157 867 2219 prae
889 2157 922 2202 se
944 2139 1043 2200 lerunt
1063 2137 1286 2219 impudentiam.

83 2242 136 2318 quia
155 2243 237 2304 huius
260 2243 344 2304 roris
367 2238 613 2322 significationem
635 2241 782 2321 ignorant,
805 2259 877 2304 sane
898 2239 927 2301 id
950 2240 987 2301 ah
1010 2240 1058 2302 lais
1080 2240 1164 2321 ipsis,
1187 2240 1287 2320 aqud·

83 2341 126 2404 hus
150 2363 209 2406 mm
234 2363 395 2424 accepere,
425 2343 616 2406 ediscendum
647 2351 719 2405 erat.
763 2342 799 2404 lli
828 2359 935 2422 nempe
963 2350 1108 2414 mentem,
1141 2359 1229 2420 quam
1251 2359 1287 2404 ex

83 2441 156 2518 hono,
176 2452 204 2506 et
223 2447 364 2520 aninum,
384 2427 474 2524 ‘rpnam
496 2455 531 2506 ea
553 2451 652 2506 moute
675 2462 742 2506 csse
763 2444 861 2516 aiunt,
883 2443 1017 2523 quamvis
1041 2443 1119 2504 unde
1140 2443 1206 2506 illae
1227 2443 1287 2506 sint

84 2543 118 2605 eis
136 2565 188 2608 aon
209 2547 315 2619 lateat,
345 2555 443 2608 nmen
465 2547 648 2607 non-lactas
671 2545 769 2608 dicere
791 2545 863 2608 mihil
884 2553 956 2607 sunt
976 2543 1075 2618 veriti,
1109 2561 1170 2606 non
1192 2546 1286 2625 ignari

85 2645 185 2722 scilieet,
206 2667 239 2710 se
261 2651 322 2711 hoc
343 2647 485 2710 vocabulo
508 2646 580 2708 nihil
602 2647 758 2726 deprimo
781 2646 942 2726 principio,
966 2663 1001 2706 ea
1022 2665 1081 2725 quo
1103 2645 1186 2724 ipsso
1207 2665 1285 2726 quo-

84 2763 129 2825 que
147 2757 257 2812 monae
280 2758 369 2823 sunt,
396 2749 562 2810 detrahere.
605 2749 648 2810 lta
676 2749 793 2827 inquam
821 2746 889 2808 illos
911 2764 1029 2825 quoque
1051 2745 1132 2825 loqui
1154 2747 1286 2820 decebat,

84 2856 124 2908 aut
141 2857 212 2912 certe
232 2851 318 2914 nullo
340 2851 430 2912 modo
453 2851 489 2911 de
511 2850 568 2922 his,
591 2867 666 2928 quae
687 2848 835 2928 ignorant,
858 2848 1018 2910 disserere.
1063 2847 1150 2919 Quod
1172 2843 1289 2926 siquid

84 2945 142 3010 haec
159 2969 211 3012 ror
233 2951 391 3033 significet,
414 2971 448 3013 se
470 2949 633 3031 intelligere
655 2957 770 3030 putant,
792 2967 915 3010 necesse
938 2947 1059 3009 omnino
1076 2955 1132 3022 est,
1154 2959 1187 3010 ut
1205 2948 1289 3029 ipsos

84 3047 298 3130 interrogemus,
321 3052 448 3115 maxime
469 3070 536 3114 cum
559 3071 593 3114 ea
615 3070 651 3113 ca
673 3051 780 3113 divinis
801 3050 909 3112 litteris
931 3067 991 3110 non
1015 3050 1055 3110 sit
1075 3049 1212 3124 collecta,
1235 3050 1289 3111 sed

84 3150 148 3211 nulla
164 3151 205 3214 illi
225 3153 398 3233 Scripturse
419 3153 592 3216 auctoritate
613 3152 677 3216 lnlti
700 3171 756 3233 pro
778 3153 843 3232 ipsa
864 3160 1006 3231 pugnent.
1049 3149 1207 3213 Enimvero
1233 3169 1288 3231 ego

86 3251 184 3327 quidem
204 3255 382 3330 memorari,
409 3273 466 3336 qua
494 3255 531 3316 de
561 3271 650 3318 causa
671 3272 766 3334 quove
788 3271 883 3316 sonan
903 3251 1040 3333 Synodns
1063 3251 1116 3314 has
1138 3271 1228 3316 voces
1251 3271 1290 3316 ecc

86 3353 235 3420 aulum
256 3367 287 3418 et
311 3356 579 3420 consuletnnn'olis
601 3364 799 3435 congruenter
819 3355 883 3428 his,
913 3372 989 3434 quae
1011 3371 1046 3414 er
1068 3353 1229 3434 Scripturis
1252 3354 1289 3416 de

86 3495 128 3578 ζὶῑρ
148 3500 174 3554 lt
190 3521 237 3556 roo
255 3501 326 3574 ἀρχὴ
345 3507 486 3573 γίγνοιτο,
506 3497 554 3556 odat
573 3499 608 3556 ἂν
624 3502 653 3565 ἐξ
701 3511 751 3571 fieri
770 3523 842 3570 omne,
863 3509 925 3572 quod
941 3510 974 3570 lit,
995 3509 1070 3572 iprum
1087 3515 1162 3557 eutem
1180 3525 1209 3558 ec
1224 3509 1288 3559 orello

88 3571 157 3634 telis
174 3571 309 3640 γίγνοιτο.
347 3569 438 3635 ἐπειδὴ
463 3571 492 3624 dd
518 3567 652 3640 ἀγένητόν
702 3579 742 3640 fit;
761 3591 814 3624 unm
831 3577 852 3624 si
868 3577 1008 3638 principium
1025 3589 1055 3624 er
1072 3577 1290 3639 cripsippeorum

88 3627 141 3694 ἔθη,
157 3638 200 3690 καὶ
216 3635 400 3712 ἀδιάφθορον
417 3634 483 3692 αὐτὸ
504 3631 652 3724 drdpxpal·
701 3647 764 3708 ploret
783 3659 812 3694 ea
827 3644 951 3708 principio.
977 3643 1134 3699 denudavero
1144 3648 1290 3706 noo-[aetum

89 3717 131 3752 ret,
162 3709 186 3758 te
209 3713 294 3776 paucis
320 3713 467 3762 interiectis:
492 3703 516 3760 ei
539 3707 558 3758 d
594 3721 653 3759 ectr
703 3719 744 3772 eat,
772 3727 814 3760 oce
840 3711 901 3759 idem
917 3725 986 3774 posse
1004 3711 1119 3774 corrumpi
1136 3725 1228 3760 eteersse
1247 3716 1289 3758 ret.

89 3770 153 3848 raiae
169 3769 253 3832 ιῦιως
270 3773 345 3845 ἔχον,
362 3773 401 3845 μὴ
421 3771 484 3826 ettae
504 3766 651 3826 reciperet
703 3779 730 3828 Et
740 3778 889 3842 paulopost:
907 3777 976 3827 Porro
989 3779 1010 3826 si
1023 3779 1057 3828 ito
1068 3793 1115 3827 non
1126 3784 1160 3826 eet
1167 3777 1290 3827 aliudesse

88 3834 141 3918 3¹33
157 3837 218 3922 viad
235 3839 478 3912 κινοῡνῆψυχήν·
497 3839 525 3902 ἐξ
534 3837 653 3910 ἀνάγκης
703 3848 743 3908 id,
771 3848 833 3910 quod
857 3847 957 3909 reipsum
974 3851 1061 3904 moret,
1090 3859 1157 3908 perot
1181 3845 1288 3904 animoso,

87 3919 200 3968 “pariter
217 3927 244 3962 τε
259 3909 305 3962 καὶ
315 3905 459 3962 ἀθάνατον
470 3905 544 3978 ψυχὴ
557 3905 591 3961 ἂν
601 3907 650 3973 εἴη.
705 3929 797 3963 necesse
814 3917 915 3977 profecte
933 3915 1004 3976 [uerit
1023 3914 1122 3960 animum
1141 3916 1220 3959 erreet
1231 3925 1290 3960 non-

88 3971 165 4052 llnest:
182 3981 259 4032 Oanis
277 3985 355 4032 esim
373 3983 562 4032 estimmortolls.
588 3983 654 4038 (laod
704 3987 827 4058 sectom'et
845 3980 1002 4056 immortalem.
1032 3977 1152 4056 llactenna
1163 3977 1238 4037 Plato,
1250 3977 1291 4041 qni

88 4055 230 4167 lami:
246 4051 653 4181 ttl‘le'ttt'lltlil:,tltf
704 4049 873 4173 iiiiii?
891 4048 1291 4170 :ldttt'l'llllt't‘lll

88 4175 193 4240 “l'idm
207 4185 275 4246 fiam
292 4187 359 4236 lrolet
376 4192 466 4244 noter,
485 4186 546 4234 sitne
563 4199 653 4250 puopoe
705 4184 771 4242 licet,
789 4197 801 4231 a
821 4195 916 4232 somno
928 4181 977 4229 lleo
997 4187 1100 4228 creatam
1112 4179 1187 4229 luisse
1200 4179 1290 4230 diserte

87 4243 141 4318 Μ
155 4250 226 4301 lohet.
261 4253 341 4302 &hoa
357 4255 430 4316 ipitur
446 4253 515 4314 illud,
535 4254 596 4316 pond
615 4267 653 4301 ae-
706 4251 785 4302 docet.

86 4323 149 4372 narn
162 4327 239 4380 mouet,
259 4321 313 4384 puio
331 4323 432 4385 reipsum
449 4335 495 4370 ooo
513 4321 605 4378 decerit,
624 4335 653 4368 ne
738 4335 760 4367 c.
781 4317 821 4366 Sic
840 4315 896 4378 llcg.
917 4324 940 4365 et
958 4313 1029 4363 Basil.
1065 4315 1092 4364 lt
1110 4315 1289 4367 editioComm.

87 4383 261 4448 *orticariam
278 4402 379 4452 espmm
397 4389 499 4446 desierim
516 4388 653 4451 quinetiam
704 4376 774 4434 odric
792 4374 844 4434 dat.
1179 4407 1183 4414 ·

89 4451 163 4507 εειΤίθ,
179 4467 224 4515 rate
238 4462 364 4516 macerer,
384 4457 421 4505 tic
437 4458 506 4518 sona,
525 4457 568 4506 lior
584 4456 652 4518 prin-
717 4465 721 4475 ·
738 4453 761 4502 d.
780 4441 829 4500 oriar
846 4450 914 4500 deest
932 4451 955 4500 in
972 4449 1289 4502 editioneCommeliniaoa·

90 4513 160 4572 ‘illm
178 4525 211 4568 etl
232 4528 316 4572 notes.
350 4521 491 4586 Principium
516 4527 592 4572 aetem
618 4527 652 4571 est
703 4521 747 4570 ced
771 4519 875 4568 hahetur
892 4520 916 4568 in
936 4531 994 4568 maa.
1013 4517 1069 4582 ltep.
1087 4527 1112 4568 et
1129 4517 1201 4567 hasil.
1219 4523 1258 4566 atr

90 4585 222 4644 mittin.
257 4589 292 4639 Ea
306 4591 422 4656 principio
440 4603 500 4640 mast
516 4595 652 4641 mussent
703 4587 735 4637 ita
754 4586 866 4650 legerunt
883 4585 1115 4638 imbuendamald.
1134 4593 1158 4636 et
1174 4583 1234 4636 Naar
