3118 5052
420 303 594 376 'omero
608 329 642 376 u.
657 329 774 376 coerce
786 329 922 376 manes.
1072 323 1082 340 ·
1237 317 1301 382 eet

107 497 135 548 ot
152 504 196 548 ros
215 481 404 555 contenditis,
432 481 582 566 particeps
604 499 674 544 esse
696 497 757 544 non
779 489 890 562 potest.
934 481 1052 556 Quanto
1073 482 1163 562 igitur
1185 483 1391 550 illenrmrmor.

108 597 146 650 est
163 585 310 658 dementia,
340 603 377 646 er
403 601 461 663 qua
483 600 533 645 res
555 582 614 646 iam
636 585 727 646 lacus
749 582 813 644 ueri
836 601 897 646 non
918 583 1055 664 potuisse
1076 584 1215 648 arbitrari
1234 585 1304 652 illos

107 707 209 750 oeoesse
235 695 286 749 est
328 689 374 750 An
401 703 473 748 rero
501 685 627 748 necdum
654 686 747 746 lactas
770 703 837 746 esse
859 684 1018 764 opinantur
1039 686 1305 767 intermediumque

105 789 212 869 aliquem
232 789 324 850 adhuc
343 784 514 868 quaerunt?
556 787 630 850 Naro
653 785 733 848 iuxta
756 784 877 865 impiam
898 785 975 848 hanc
995 795 1026 848 et
1046 787 1165 850 stolum
1186 787 1306 852 illorum

105 889 256 954 renuntiare
277 889 398 953 minime
420 889 585 952 existerent
605 888 694 952 etiem
716 907 760 961 ea,
784 906 859 968 qnae
875 886 1015 960 existunt,
1032 905 1099 952 eum
1112 889 1306 956 intermedius

105 1011 154 1058 noo
171 992 335 1074 reperiatur.

173 1097 218 1160 ti.
259 1097 294 1158 dt
315 1111 387 1156 vero
410 1091 480 1174 quid
503 1089 643 1156 obiiciant
663 1089 828 1154 rideamus.
859 1089 968 1165 „Ecce
989 1089 1137 1172 inquiunt,
1157 1091 1238 1154 lleus
1253 1093 1307 1174 per'

105 1195 239 1276 „llopsem
259 1195 403 1277 populum
425 1193 547 1258 deduxit
568 1213 603 1256 ex
624 1194 765 1274 Aegypto,
788 1212 844 1274 per
863 1193 990 1256 eundem
1005 1192 1101 1273 legent
1114 1192 1205 1268 dedit,
1229 1201 1306 1271 tane

107 1297 175 1368 „etsi
199 1299 283 1360 homo
312 1297 379 1378 ipse
407 1305 488 1368 erat,
524 1315 559 1358 ao
586 1295 713 1374 proinde
735 1293 843 1358 similia
866 1313 920 1374 per
941 1293 1040 1358 simile
1060 1303 1190 1374 possunt
1210 1295 1307 1358 neser·

107 1395 194 1478 illique
213 1398 336 1462 manime
359 1395 459 1460 decuit
480 1397 554 1460 haee
575 1414 629 1458 eos
652 1395 778 1458 latenter
797 1395 896 1475 loqui,
920 1415 958 1458 ne
978 1415 1098 1458 summo
1120 1395 1309 1461 allicerentur

104 1499 207 1577 pudore
245 1499 308 1562 Nec
341 1499 421 1562 enim
449 1499 566 1578 Moyses
599 1497 715 1560 missus
748 1505 796 1558 est
824 1497 860 1558 ad
889 1497 1049 1560 creandum
1076 1516 1173 1578 neque
1198 1505 1235 1560 ut
1262 1517 1307 1572 ee,

101 1617 163 1678 quae
186 1620 242 1664 non
270 1612 360 1674 sunt,
388 1609 508 1664 vocaret
529 1607 562 1662 ut
583 1597 659 1672 sint,
689 1617 785 1679 neque
807 1607 839 1661 ot
860 1599 998 1662 homines
1019 1597 1133 1662 similes
1154 1599 1308 1683 formaret,

101 1701 145 1762 sed
174 1709 279 1766 tentum
311 1712 349 1764 ut
375 1703 454 1782 apud
483 1701 626 1782 populum
654 1709 685 1762 et
705 1700 784 1782 apud
805 1719 905 1779 regern
927 1701 1114 1764 Pharaonem
1134 1719 1308 1766 sermonum

100 1813 166 1866 esset
185 1805 372 1879 administer3
401 1823 476 1885 quae
497 1805 633 1884 prolecto
656 1803 780 1866 moltero
803 1803 881 1864 inter
903 1822 935 1866 se
958 1803 1109 1898 dplleruot
1153 1802 1226 1865 Nam
1249 1803 1308 1866 mi·

99 1903 208 1968 nistrare
226 1925 330 1970 rerum
353 1908 495 1969 lecturum
518 1913 565 1968 est
588 1909 724 1984 tanquam
747 1923 913 1978 serromm,
936 1923 984 1968 res
1006 1923 1077 1968 vero
1099 1904 1264 1986 producere
1279 1913 1310 1966 et

96 2023 182 2069 creare
201 2009 293 2072 solies
318 2007 372 2070 liei
395 2015 442 2070 est
462 2006 635 2088 propriique
658 2007 724 2068 eius
747 2005 834 2070 Verbi
857 2015 886 2068 et
907 2006 1078 2086 sapientiae.
1122 2007 1200 2070 llinc
1220 2025 1308 2070 nemo

99 2107 161 2170 alius
182 2110 210 2170 in
230 2110 325 2174 rebus
348 2111 486 2174 creandis
510 2109 641 2172 occurrit
662 2117 781 2189 praeter
802 2107 900 2172 solum
917 2093 970 2172 liei
982 2107 1119 2183 Verbum,
1143 2114 1243 2174 omerio
1264 2106 1396 2174 siens

97 2210 199 2288 quidem
220 2217 251 2275 ie
274 2217 431 2295 rapientia
452 2213 538 2291 scoto
559 2221 642 2286 ruet,
665 2223 693 2276 et
716 2216 781 2274 sirie
800 2209 892 2274 terte
908 2213 1025 2291 foetum
1039 2221 1087 2275 est
1101 2209 1187 2276 eiiii.
1222 2211 1311 2284 Quod

96 2319 182 2375 autem
201 2315 235 2376 ad
257 2333 325 2388 eos,
348 2313 399 2394 qni
420 2313 601 2382 ministrant
624 2319 750 2391 spectat,
771 2330 834 2374 non
856 2329 934 2374 unus
956 2321 1053 2385 certe,
1076 2311 1130 2374 sed
1151 2331 1188 2375 ex
1209 2311 1309 2376 omni·

94 2411 141 2476 lus
166 2417 281 2495 plurimi
314 2423 399 2490 sont,
430 2434 507 2496 qnos
535 2415 675 2478 nimirum
701 2413 828 2476 Domino
857 2413 1002 2492 placuerit
1023 2412 1149 2478 mittere.
1194 2411 1311 2478 Etenim

95 2514 166 2578 nolti
185 2517 378 2598 Archangeli,
401 2517 486 2580 multi
509 2515 623 2578 Throni
646 2523 677 2578 et
697 2516 866 2578 Potestates
888 2533 923 2577 oo
944 2515 1178 2590 nominationes,
1201 2515 1310 2578 miliia-

93 2635 141 2695 que
159 2620 280 2683 millium
314 2627 344 2682 et
371 2617 471 2682 decies
498 2617 608 2680 millies
635 2618 711 2682 dena
740 2603 830 2680 millia
853 2615 1022 2680 ministrant
1042 2635 1078 2678 ao
1097 2625 1217 2697 praesto
1240 2624 1312 2680 aunt

93 2718 335 2786 admissionem.
380 2719 463 2782 llulti
494 2739 613 2799 quoque
643 2727 714 2782 sunt
740 2718 924 2799 Prophetae,
957 2717 1114 2782 duodecim
1135 2726 1212 2795 ἰιιιιιι
1239 2717 1312 2780 item

93 2821 214 2899 Apostoli
237 2833 268 2886 et
289 2823 413 2886 Paulus.
457 2821 495 2884 Et
517 2840 588 2882 rern
611 2821 678 2902 ipse
699 2819 818 2902 idopses
841 2839 902 2882 non
921 2819 1026 2900 ¹solue,
1048 2819 1103 2882 sed
1124 2819 1222 2882 daron
1243 2837 1313 2884 cum

92 2939 137 2994 eo,
164 2943 197 2986 ee
224 2924 336 2988 deinde
363 2922 411 2986 elii
434 2921 620 3002 septuaginta
642 2929 745 2984 sendo
767 2921 881 3001 Spiritu
903 2919 1010 3000 repleti
1039 2928 1126 2994 sunt3
1157 2939 1193 2982 ac
1219 2920 1314 3000 ltoyst

89 3021 165 3086 lesus
186 3025 262 3090 lilios
285 3025 367 3088 Nave
389 3025 547 3097 successit,
570 3024 616 3086 cui
639 3041 815 3086 successere
835 3022 963 3098 ludices,
985 3021 1135 3086 lodicibus
1158 3040 1229 3085 rero
1250 3041 1313 3088 non
1336 3023 1343 3036 ‘

91 3141 158 3188 onus
179 3129 230 3190 sed
252 3128 343 3192 multi
365 3127 473 3207 Reges.
518 3126 551 3188 Si
574 3125 664 3205 igitur
685 3133 802 3188 creatos
825 3133 855 3186 et
870 3125 965 3188 lactus
981 3132 1063 3187 esset
1077 3123 1180 3200 Filius,
1201 3125 1312 3192 mutos

89 3245 196 3308 quoque
217 3230 393 3294 huiusmodi
418 3229 496 3290 tilios
520 3247 589 3291 esse
612 3236 776 3308 oporteret,
799 3235 833 3290 ut
854 3225 965 3288 multos
985 3227 1097 3306 pariter
1112 3227 1178 3290 eioe
1193 3227 1312 3307 generis

88 3327 232 3394 ministros
253 3331 385 3394 haberet
405 3329 502 3401 [leus.
530 3329 780 3410 quemadmodum
801 3329 926 3392 aliorum
948 3347 1054 3408 magne
1076 3337 1123 3392 est
1143 3327 1311 3394 multitudo.

90 3427 215 3499 Quodsi
238 3432 269 3495 id
294 3449 398 3494 rerum
421 3449 483 3493 non
506 3441 562 3504 est,
587 3430 640 3494 sed
661 3449 711 3494 res
732 3431 851 3512 quidem
866 3439 981 3493 creatae
996 3430 1105 3515 moltap
1119 3440 1198 3502 sunt,
1221 3450 1313 3496 unum

89 3539 175 3595 entem
198 3527 255 3624 est'
270 3533 419 3610 Verbum3
452 3533 520 3613 quis
542 3551 603 3596 non
626 3531 696 3594 inde
716 3532 876 3614 perspicit,
903 3531 1010 3596 Filium
1031 3532 1069 3594 ab
1092 3531 1230 3594 omnibus
1253 3531 1312 3596 dil-

90 3631 170 3708 lene,
203 3655 261 3698 nco
293 3654 345 3698 res
381 3643 495 3698 creatas
524 3633 567 3697 illi
588 3653 657 3696 esse
686 3637 841 3715 aequales,
873 3635 926 3698 sed
960 3651 1028 3698 enon
1059 3633 1213 3713 proprium
1243 3651 1313 3696 esso

87 3729 199 3800 Patris?
245 3737 335 3800 Unde
362 3753 425 3798 non
453 3735 773 3811 multasuntllerha,
797 3735 851 3798 sed
874 3734 1087 3800 solomanum
1108 3733 1196 3798 onius
1217 3731 1314 3798 Patris

114 4091 136 4141 i·
153 4093 257 4156 Sequor.
277 4085 350 4158 nqis·
366 4087 488 4155 βασιλέα.
760 4093 784 4142 Ιι.
803 4093 843 4142 Sic
860 4093 959 4151 Sequer.
978 4088 1076 4138 Golrlrr.
1095 4087 1200 4138 l'elclrm.
1221 4087 1242 4138 l.
1253 4095 1278 4138 et
1291 4087 1317 4140 l.

113 4175 132 4209 e.
151 4163 253 4213 Gelrler.
275 4171 302 4214 ct
321 4161 426 4210 lielrlnr.
449 4153 504 4221 lai
520 4154 559 4227 pri
576 4152 674 4225 μόνον.
728 4160 756 4210 it
773 4159 813 4208 elii
832 4166 856 4208 et
873 4159 931 4208 editi
942 4151 989 4206 eoi
1000 4149 1112 4208 uester.
1142 4155 1233 4206 ibidem
1245 4155 1317 4208 uolt.

113 4229 128 4276 l.
151 4231 192 4280 Sic
209 4233 318 4293 sepner.
337 4229 393 4292 neg.
407 4231 478 4280 llaeil.
490 4225 559 4280 tioid‘.
571 4229 677 4278 t'etetre.
729 4238 752 4280 rt
771 4227 874 4276 Felelrnr.
896 4226 916 4275 l.
936 4215 1018 4277 edric
1033 4216 1080 4272 arci
1094 4213 1204 4290 ’Acprim

87 4293 166 4348 leti.
202 4300 252 4348 etit
270 4307 296 4347 et
315 4297 371 4346 editi
388 4289 444 4364 reip
463 4297 584 4348 omittant.
614 4296 676 4346 lleid.
763 4318 1319 4398 ¹·saw·”papopoeelmmgpmd

83 4357 436 4495 iekirpfelgewzm
455 4434 559 4484 mm·
580 4434 601 4482 ι.
616 4439 641 4483 a
651 4431 677 4484 ι,
727 4387 849 4515 m&
887 4395 914 4444 ln
932 4389 987 4444 aliis
1005 4401 1029 4444 et
1046 4395 1117 4446 editis
1131 4389 1180 4451 ul
1189 4397 1319 4462 utrobique

84 4499 108 4546 dt
123 4501 163 4550 elii
182 4511 208 4552 et
227 4503 289 4550 eelrti
311 4497 476 4566 λειτουργῶν
492 4495 539 4550 arui
555 4493 677 4567 ἑτοίμων

82 4559 116 4618 eir
132 4563 162 4618 rii
181 4563 441 4627 lindocoliierdre.
761 4567 784 4616 ιι.
804 4566 904 4626 sepner.
920 4555 951 4614 ir
967 4557 1073 4616 redere.
