3158 5050
552 355 660 398 onorio
677 355 721 398 nr.
738 355 853 400 currus
868 357 1003 400 surtinus.
1309 350 1370 412 603

137 515 186 569 est
208 525 242 569 ao
263 505 289 566 si
312 505 470 578 diceretur,
493 505 611 566 Patrem
633 506 770 586 potuisse
791 526 852 568 non
875 527 944 568 esse
967 507 1088 572 bonurn.
1133 511 1243 574 Verum
1258 527 1457 596 quem-nou·
1502 496 1512 511 ⁸

135 609 299 672 admodum
323 617 353 669 et
375 625 494 686 semper
516 615 546 668 et
568 611 674 668 natura
695 607 792 669 bonus
816 616 862 670 est
884 609 982 682 Pater,
1005 611 1045 672 ita
1070 631 1189 692 semper
1203 620 1307 677 natura
1324 627 1370 680 est

137 727 298 791 generans.
342 708 397 769 Hic
426 717 523 772 autem
551 708 692 787 loquendi
713 710 838 772 modus:
868 709 956 772 Pater
976 711 1038 772 rult
1059 712 1166 774 Filium
1189 725 1219 778 et
1240 717 1369 780 Verbum
1424 711 1432 723 “

136 813 202 876 vult
223 812 357 883 Patrem,
381 828 442 872 uon
465 807 688 872 antecedentem
712 811 833 892 denotat
853 813 1050 898 voluntatem,
1081 816 1132 876 sed
1155 825 1277 879 naturae
1301 837 1370 898 gor-

136 913 310 995 ruquitatem
341 912 550 992 essentiaeque
578 911 791 992 proprietatem
818 931 852 975 ao
879 914 1103 976 similitudinem
1139 916 1283 995 designat.
1333 919 1372 981 Ut

139 1016 220 1076 enim
241 1013 279 1076 de
302 1013 463 1092 splendore
486 1022 515 1074 et
536 1013 603 1075 luoe
626 1013 683 1075 diei
705 1020 822 1094 potest:
846 1015 995 1096 Splendor
1009 1036 1070 1078 non
1086 1016 1176 1078 habet
1190 1019 1371 1082 voluntatem

137 1117 170 1178 in
192 1115 259 1198 luae
279 1114 520 1190 antecedentem,
549 1116 602 1176 sed
632 1124 677 1177 est
698 1116 840 1178 naturalis
864 1118 928 1179 eius
951 1118 1045 1190 letus,
1076 1137 1163 1200 quern
1185 1119 1247 1182 vult
1266 1120 1332 1195 lux,
1355 1141 1372 1182 a

137 1233 197 1296 qua
219 1216 364 1296 gignitur,
388 1236 448 1278 non
471 1217 630 1280 voluntatis
653 1217 875 1290 deliberatione,
900 1219 953 1280 sed
977 1228 1082 1282 natura
1105 1231 1135 1284 et
1156 1221 1298 1296 veritate,
1330 1223 1455 1284 itanoro.

136 1320 176 1382 de
197 1314 285 1380 Patre
311 1327 342 1380 et
362 1318 438 1379 Filio
460 1328 541 1380 reete
564 1318 621 1381 dici
643 1319 756 1398 possit:
779 1319 867 1381 Pater
889 1330 967 1383 amat
990 1329 1019 1384 et
1041 1322 1103 1386 vult
1124 1321 1242 1397 Filium,
1266 1331 1295 1386 et
1316 1324 1368 1386 Fi-

135 1421 197 1483 lius
220 1430 298 1482 amat
319 1429 349 1482 et
370 1420 432 1482 vult
452 1421 581 1482 Patrem.

224 1625 276 1689 67.
319 1621 364 1684 Ne
390 1604 482 1700 igituir
508 1621 668 1682 voluntatis
697 1640 774 1704 opus
803 1622 968 1702 appelletur
995 1623 1105 1697 Filius,
1142 1643 1198 1688 neo
1226 1625 1370 1688 Valentini
1439 1686 1445 1695 ,

134 1741 224 1786 orror
249 1724 282 1786 in
304 1723 466 1787 Euulesiam
497 1723 671 1794 inducatur,
702 1723 755 1784 sed
787 1725 888 1786 vivens
920 1725 969 1785 ille
993 1726 1149 1788 eonsilium
1172 1746 1319 1807 verusque
1342 1739 1372 1790 et
1475 1702 1484 1715 ⁶

133 1824 280 1888 naturalis
303 1811 399 1886 Patlis
422 1825 501 1893 letae
522 1819 594 1888 'esse
616 1824 740 1900 dicatur,
763 1833 796 1885 ut
817 1825 891 1887 lucis
914 1826 1064 1905 splendor.
1110 1827 1260 1890 Sicorim
1282 1829 1371 1892 Pater

132 1928 203 2008 ipse
225 1925 429 2010 est'looutus:
450 1925 615 1996 Eructavit
632 1929 691 1988 'our
711 1945 811 1990 meum
836 1927 963 1990 Verbum
987 1929 1113 2002 bennum
1136 1929 1181 1992 oui
1204 1929 1298 1993 Filius
1322 1931 1369 1992 his

133 2026 236 2092 vorbis
250 2019 403 2091 'eonditor
426 2028 489 2108 b'po
513 2034 544 2090 ia
558 2027 660 2089 Putre
682 2038 711 2089 et
732 2027 825 2092 Pater
846 2033 880 2090 iu
902 2047 947 2090 me
971 2041 1026 2092 est.
1070 2030 1172 2110 ltaque
1195 2031 1221 2092 si
1240 2031 1369 2094 Verbum

135 2139 186 2196 est
207 2122 366 2202 in‘oorde,
390 2129 441 2194 ubi
463 2137 511 2192 est
531 2127 693 2191 voluntas?
736 2129 880 2190 Similiter
901 2129 928 2191 si
948 2130 1042 2192 Filius
1066 2141 1112 2193 est
1134 2131 1164 2194 in
1185 2132 1289 2206 Patre,
1319 2131 1370 2194 ubi

130 2241 186 2294 est
206 2229 386 2295 arbitram?
428 2223 546 2294 Deinde
564 2231 591 2292 si
614 2229 679 2312 ipre
697 2229 925 2315 ‘esbvoluntos,
949 2231 1100 2311 quomodo
1124 2233 1281 2296 eonsilium
1306 2235 1368 2296 siro

131 2333 272 2396 voluutas
301 2331 332 2394 in
360 2328 509 2394 voluntale
534 2329 606 2394 est?
651 2328 740 2392 Valde
769 2331 850 2394 enim
879 2333 938 2395 boo
967 2332 1128 2394 absurdum
1152 2343 1215 2408 est,
1245 2351 1283 2396 ne
1307 2336 1368 2395 sei-

132 2436 206 2498 lioet
226 2435 356 2498 Verbum
384 2435 416 2496 in
441 2432 553 2506 verbo,
576 2431 668 2493 Filius
696 2432 727 2504 iu
749 2431 828 2506 tilio,
858 2442 890 2496 et
911 2433 1060 2512 Sapientia
1083 2434 1114 2495 in
1138 2437 1281 2514 sapientia
1304 2435 1368 2497 tieri

132 2530 342 2628 existimetur,
367 2533 559 2614 utitsaepius
589 2534 701 2595 dietum
730 2539 784 2594 ost.
812 2528 961 2625 'Namque
985 2535 1075 2596 Filius
1098 2537 1199 2597 omnia
1222 2537 1288 2617 ipse
1311 2545 1366 2609 est,

131 2652 219 2718 quaa
231 2638 329 2722 Papris
354 2644 443 2710 suut,
475 2635 620 2716 uibilqw·
639 2641 707 2696 anto
729 2633 859 2696 Verbum
883 2643 934 2698 est
954 2635 985 2696 iu
1007 2635 1111 2710 Patre,
1142 2637 1195 2698 sed
1218 2637 1248 2698 in
1270 2637 1366 2698 Verbo
1444 2677 1452 2691 .

127 2722 225 2808 etidln
246 2737 461 2812 astruimus,
484 2747 515 2800 et
534 2755 590 2817 por
612 2736 712 2818 ipsum
734 2753 780 2809 oa,
802 2743 880 2814 quaa
899 2735 1060 2806 voluntatis
1084 2744 1164 2810 sunt,
1188 2755 1280 2816 opere
1294 2754 1366 2816 per-

129 2838 290 2916 ficiuntur,
321 2848 355 2903 ut
382 2859 418 2902 ex
440 2839 537 2901 divina
560 2837 722 2918 Scriptura
736 2829 904 2909 didioimus.
950 2837 1061 2900 Vellem
1089 2855 1177 2912 reru,
1212 2847 1245 2900 ut
1272 2838 1366 2916 impii,

121 2929 187 3024 'qui
207 2943 450 3015 eowalevenerunt
471 2940 617 3004 amentiae
636 2939 730 3002 alode
749 2937 900 3002 voluntate
923 2937 1085 3021 disputant,
1107 2939 1213 3002 vellem
1236 2940 1367 3018 inquam,
1398 3014 1402 3023 ·
1475 2967 1482 2978 ·

129 3054 169 3108 ut
194 3049 256 3106 n'on
283 3045 345 3113 iam
371 3044 589 3125 interrogarent
615 3035 773 3118 mulieres,
805 3059 879 3120 quas
907 3029 959 3102 ita¹
976 3042 1066 3121 prius,
1082 3039 1366 3122 percunctabantur:
1472 3120 1477 3128 .

128 3139 310 3208 Hobuisliue
342 3145 434 3213 lilium
465 3145 639 3228 priusquam
672 3141 854 3223 genuisses?
880 3138 1008 3205 “Verum
1040 3152 1141 3223 patros
1169 3142 1271 3223 potius
1304 3143 1363 3206 boo

130 3245 227 3320 motio
250 3246 452 3326 interrogent:
476 3247 550 3322 „dn
572 3243 766 3309 deliberando
787 3253 888 3334 patres
911 3235 1077 3318 e'llioimini,
1101 3263 1232 3307 unvero
1255 3263 1365 3310 saouu·
1429 3266 1441 3285 ⁶

85 3396 92 3409 .
129 3351 233 3425 „dum
260 3356 396 3410 naturam
423 3357 538 3411 vestrae
568 3349 656 3410 otiam
684 3345 873 3410 voluntatis?
905 3349 950 3410 An
972 3346 1059 3410 liberi
1081 3347 1203 3410 similes.
1219 3356 1290 3410 suut
1310 3367 1365 3409 re-

132 3461 243 3528 „stqae
271 3461 394 3514 naturae
422 3461 452 3514 et
479 3447 710 3518 substantiae?“
755 3448 835 3511 llaeo
856 3449 947 3528 igitur
968 3449 1122 3535 inquirant
1143 3469 1160 3512 a
1182 3447 1365 3529 parentibus,

131 3540 168 3616 tlt
190 3553 226 3616 ab
249 3553 296 3615 bis
319 3553 394 3634 ipsis
417 3554 622 3628 confutentur,
653 3571 669 3613 a
692 3549 805 3630 quibus'
824 3551 1064 3631 qrrae'elioienua
1088 3560 1169 3613 esset
1192 3565 1305 3612 emsua
1328 3551 1383 3610 de„
1494 3541 1498 3550 ’

130 3645 282 3721 nascendi
303 3655 394 3717 modo
424 3655 597 3742 quaestione
619 3649 779 3716 'bonolusio
808 3661 872 3714 tam
889 3653 1025 3732 impense
1046 3651 1230 3731 flagitarunt,
1260 3665 1366 3728 spera·
1475 3670 1489 3701 v

131 3765 263 3854 runtque
284 3775 347 3819 rem
370 3775 406 3818 ex
427 3757 503 3837 ipsis
524 3755 612 3836 plane
633 3754 817 3834 cognituros,
861 3755 941 3817 llaec
963 3754 1077 3817 seilicet
1091 3753 1134 3814 illi
1149 3759 1221 3814 sunt
1234 3765 1364 3829 respon·
1407 3785 1415 3805 .

131 3940 174 3999 τό,
211 3942 263 3993 stur
281 3943 353 3994 basil.
363 3933 438 3997 ,dut
455 3935 501 3990 nol
516 3932 608 4006 βουλή.
779 3993 793 4017 u
809 3953 830 4001 g.
849 3939 906 4002 neg.
918 3940 940 3990 1,
960 3947 984 3990 et
998 3939 1098 4000 Sequor.
1116 3929 1221 3986 ἑαυτῶν
1237 3934 1368 4000 γυναῖκας

168 4011 252 4061 asie
270 4010 357 4074 Regius
377 4012 399 4060 l.
424 4011 564 4073 Seguerian.
583 4007 682 4064 ssobler.
700 4015 724 4057 et
774 3999 909 4059 αςαῦτοί.
945 4007 1037 4057 lbideru
1055 3999 1175 4070 πότερον
1193 4003 1361 4078 obortaeq-
1469 4072 1472 4076 ἵ

132 4080 240 4153 speum.
260 4081 281 4129 l.
316 4082 345 4128 bt
361 4081 386 4129 io
411 4079 466 4128 aliis
485 4088 508 4129 et
526 4080 596 4129 editis
614 4070 628 4124 d
647 4077 723 4127 deest.
775 4074 835 4126 bler.
855 4083 878 4125 et
896 4075 1000 4125 Felelrm.
1021 4075 1043 4123 l.
1062 4089 1106 4138 pro
1125 4088 1173 4138 quo
1191 4071 1370 4135 tortionem
1441 4112 1452 4131 .

167 4179 189 4214 e.
207 4163 249 4214 Sic
267 4164 388 4226 Reginoi.
406 4163 587 4226 etSeguoriru.
621 4163 650 4213 lt
667 4160 726 4212 editi
775 4155 864 4259 ἔρξ’·
901 4141 959 4192 stem
979 4141 1285 4219 llll-R‘8·,¹·91358¹¹5r·
1303 4139 1367 4218 lle

131 4229 256 4300 γένηται,
806 4223 917 4277 υομενοι
941 4218 964 4260 et
988 4224 1042 4274 mox
1065 4221 1111 4256 και
1130 4222 1178 4267 της
1195 4221 1281 4272 opor.
1319 4207 1364 4255 Alrr

166 4317 186 4367 f·
203 4317 244 4367 Sic
262 4317 319 4378 ³⁶8·
330 4316 353 4366 ι.
371 4315 470 4378 ΜΝ.
481 4315 578 4366 comer·
587 4322 610 4364 et
619 4313 724 4364 mem
776 4279 881 4343 solitique
890 4269 1053 4343 βουλόμενοι
1062 4275 1182 4342 iidemque
1192 4269 1366 4325 noiomittunt.

134 4386 158 4436 1.
193 4385 272 4435 Ceteri
291 4392 370 4434 rotem
390 4393 413 4433 et
431 4375 642 4437 oditiddtdaiav„
663 4383 724 4431 tbid.
809 4380 832 4430 h.
852 4381 909 4442 Bag.
929 4380 950 4428 l.
970 4386 993 4428 et
1010 4379 1110 4441 Seguer.
1129 4377 1220 4428 addunt
1238 4367 1282 4425 lits
1299 4376 1364 4441 quod
1388 4396 1404 4423 ο

132 4453 189 4516 aar.
202 4453 225 4502 l.
244 4460 266 4502 et
285 4443 586 4530 Seguerisn.lfloulppqr
603 4444 633 4528 di
650 4443 723 4528 rosim
774 4449 799 4499 in
817 4449 877 4526 aliis
890 4455 914 4498 et
932 4447 1002 4497 editis
1014 4447 1090 4526 deasq
1126 4446 1217 4526 ibidem
1228 4443 1363 4526 Velabro&

131 4521 189 4584 Reg.
202 4513 387 4584 utpootoprv
404 4507 454 4567 o'rlv
471 4531 540 4571 tour.
576 4519 621 4568 tlri
632 4518 724 4568 etedur
775 4525 799 4567 et
822 4518 895 4566 odino
919 4515 1035 4571 Commi.
1060 4527 1092 4562 ou
1114 4509 1268 4580 θεληματος
1285 4525 1365 4579 ppos

132 4581 285 4655 ἐβουλόμην
301 4580 372 4640 τούς.
774 4577 851 4634 ἔστιν
867 4575 959 4650 ὅμοια.
1218 4575 1235 4607 ⁴

817 4704 840 4753 2
