2960 5026
407 223 523 268 conns
538 223 757 267 indesinentur
774 223 860 268 arsen
874 224 906 267 rr.
1199 211 1261 274 923

16 376 172 439 ocavit.
222 373 283 438 Sed
305 393 414 456 epenus
436 377 538 455 suetae
561 387 616 447 est,
641 391 714 436 oum'
730 375 811 437 diues
834 385 920 447 esset,
941 383 977 437 ut
991 394 1047 439 uos
1063 375 1148 439 illius
1164 381 1351 460 cooptaren-

1 483 131 541 ,m'ees
169 497 316 540 essemus.
368 476 526 550 Quomodo
549 485 660 550 ‚sutem
697 493 808 556 egenus
839 477 933 538 lactus
965 487 1012 538 est
1043 477 1146 540 Deus?
1191 481 1268 554 Quia

0 599 149 642 enam
180 587 316 640 naturam
339 579 370 640 in
392 579 492 658 seipso
515 577 659 640 assumsit
679 597 824 658 eamque,
848 579 917 640 dum
940 579 1003 658 ipss
1026 580 1190 644 iniustitia
1213 584 1267 645 de·

3 689 110 754 ret,
140 699 207 762 pro
231 680 401 742 bominibus
423 680 556 760 supliciis
580 679 699 754 obiecit,
723 679 984 760 quaehominibus
1002 684 1190 761 superiores
1208 685 1266 746 ho-

16 783 159 844 inibus
192 791 371 862 apparuerat
392 782 508 861 Deique
534 790 594 844 teta
624 783 698 843 lecta
729 784 833 844 luerat.
884 781 916 843 Si
946 783 1024 844 enim
1054 785 1266 866 primogenitus

0 893 114 946 ctus
153 903 221 944 non
250 893 333 946 esset
359 883 390 946 in
418 883 519 946 multis
541 883 704 958 ¹iratribus,
739 884 961 963 quomodonam
994 885 1208 965 primogenitus
1230 909 1265 951 ex

5 985 158 1046 ror-tuis
184 985 269 1048 risus
292 984 398 1048 esset?
442 986 501 1047 Cur
522 986 621 1065 itaque
644 985 756 1048 dicitis:
781 984 892 1059 ‚,lleus‚
916 985 966 1065 qui
989 1004 1043 1066 per
1061 1005 1177 1049 carnem
1193 1009 1264 1068 pas-

23 1107 101 1149 sus
137 1096 193 1148 est
221 1095 251 1148 et
282 1085 498 1149 resurrexitl“
544 1088 568 1150 0
598 1087 812 1149 absurditatem
845 1097 875 1149 et
906 1088 1137 1168 blasphemiam!
1181 1089 1267 1154 Tales

9 1197 88 1250 unt
115 1188 304 1250 Ariancrum
334 1207 433 1252 ausos.
478 1189 522 1250 llli
552 1189 630 1250 enim
661 1189 808 1252 eiusmodi
836 1189 1051 1270 blasphemiam
1080 1190 1268 1271 impudenter

18 1293 202 1363 rolerunt,
226 1291 277 1370 qui
299 1291 352 1354 Dei
367 1291 474 1354 Filium
497 1292 634 1354 simtdate
650 1291 742 1352 ileum
759 1309 929 1372 nuncupare
945 1291 1120 1365 didicerunt,
1143 1293 1268 1356 docente

7 1394 90 1454 icet
115 1391 295 1472 Scriptura,
324 1411 379 1473 per
400 1392 493 1456 Deum
517 1393 546 1454 in
569 1411 657 1455 carne
680 1391 745 1455 eius
769 1393 941 1474 passionem
964 1395 1143 1473 contigisse,
1171 1415 1267 1476 nsque

14 1512 127 1556 amen
152 1494 251 1556 Deum
273 1495 304 1556 io
326 1513 414 1556 carne
436 1511 559 1574 passum
582 1513 660 1557 esse.

117 1701 171 1762 12.
219 1697 278 1770 Qui
309 1696 399 1776 igitur
435 1695 751 1758 consubstantialitatis
788 1696 1010 1758 consessionem
1042 1715 1096 1760 sas
1132 1699 1266 1778 prolrteri

4 1799 113 1878 prius
145 1799 337 1871 declarastis,
370 1797 522 1878 quomodo
552 1797 709 1860 indivisum
739 1815 848 1858 nomen
876 1798 912 1862 ad
941 1797 1111 1877 passionem
1141 1800 1267 1873 trahitis,

9 1899 198 1978 eademque
221 1917 311 1979 opera
334 1899 541 1962 indivisibilem
565 1909 719 1970 naturam,
743 1899 922 1961 ineffabilem
944 1899 1105 1973 Deitatem,
1127 1902 1266 1964 immuta-

9 2001 118 2061 bilem
150 2011 180 2062 et
207 2001 409 2064 invariabilem
432 2001 767 2064 consubstantialitatem
796 2001 834 2063 ad
862 2001 1035 2080 passionem
1064 2001 1210 2065 deducitis
1238 2012 1268 2064 et

14 2102 239 2166 resurrexisse
268 2102 485 2166 confitemini?
518 2103 549 2165 Si
579 2103 658 2166 enim
682 2103 828 2177 Verbum,
860 2121 925 2164 cum
956 2115 1073 2165 carnem
1101 2121 1136 2166 ex
1165 2106 1266 2185 seipso

15 2213 280 2282 transmutasset,
310 2205 344 2266 sd
367 2207 539 2285 passionem
563 2223 659 2284 usque
681 2206 828 2284 perrexit,
862 2223 928 2266 cum
959 2204 1031 2266 nibil
1054 2205 1195 2285 passibile
1217 2217 1267 2270 aut

19 2305 266 2368 resurrectionis
293 2325 383 2386 capax
412 2307 442 2368 in
471 2326 504 2368 se
533 2306 745 2378 assumsisset,
780 2305 879 2384 ipsum
913 2315 993 2368 certe
1016 2305 1144 2370 Verbum
1167 2309 1265 2380 luerit,

23 2403 114 2482 quod
137 2421 260 2482 passum
289 2415 335 2468 est
357 2413 387 2467 et
408 2425 445 2468 ex
467 2407 593 2468 mortuis
617 2408 798 2480 resurrexit,
832 2407 946 2486 eritque
974 2408 1054 2470 iuxta
1081 2409 1266 2472 Valentinum

22 2505 136 2586 passio
160 2505 296 2569 Trinitati
319 2509 502 2580 communis,
533 2507 772 2588 quandoquidem
795 2508 923 2569 Verbum
953 2509 1116 2570 seeundum
1138 2509 1267 2573 divinam

25 2615 169 2670 naturam
192 2627 208 2670 a
229 2609 318 2670 Patre
339 2627 399 2670 non
423 2618 470 2670 est
491 2608 672 2672 distinctum.
717 2608 852 2682 Quodsi
874 2609 947 2670 baec
974 2609 1015 2670 its
1044 2609 1209 2690 intelligere
1238 2612 1268 2672 in

28 2711 166 2771 animum
198 2711 353 2785 inducitis,
388 2729 531 2790 quaenam
566 2710 615 2772 illa
643 2729 755 2790 quaeso
784 2711 1000 2790 Prophetarum
1032 2712 1194 2790 promissio
1217 2723 1267 2774 errt

1 2862 2 2867 1
31 2812 285 2892 Evangelistarum
307 2813 427 2892 generis
449 2813 613 2892 descriptio
636 2819 667 2874 et
680 2812 890 2891 apostotorum
907 2811 1095 2875 testificatio?
1128 2813 1187 2876 Cur
1202 2815 1266 2876 lla-

33 2914 82 2976 ria
104 2923 198 2977 mater
218 2914 287 2976 istic
308 2913 462 2976 adbibita?
507 2915 659 2987 Quorsum
682 2913 753 2976 illud
777 2914 881 2976 aetatis
904 2922 1092 2994 staturaeque
1122 2933 1266 2996 augmen-

2 3075 3 3078 ,
36 3027 104 3078 tum
125 3024 173 3078 aut
194 3017 388 3079 comestionis
412 3016 564 3096 specimen
586 3023 637 3077 aut
658 3015 706 3078 illa
728 3015 758 3077 in
775 3016 914 3078 omnibus
930 3016 1197 3079 commiserationis
1213 3037 1266 3080 ex-

39 3117 144 3180 hibitio
170 3119 214 3180 vel
242 3119 372 3180 nominis
401 3116 577 3198 impositio?
620 3119 683 3180 hut
705 3137 847 3198 quorsum
876 3118 964 3180 illud:
997 3117 1090 3180 Filius
1112 3119 1165 3182 Dei
1187 3119 1265 3182 filius

42 3217 170 3281 hominis
191 3221 285 3282 lactus
309 3229 363 3294 est,
387 3221 431 3282 rel
454 3219 541 3282 illud:
563 3219 660 3284 Homo
683 3221 824 3304 Christus
842 3219 938 3292 lesus,
961 3224 1014 3302 qui
1035 3221 1115 3283 dedit
1136 3225 1267 3301 seipsum

2 3383 3 3386 ,
43 3320 248 3383 redemtionem
265 3340 326 3402 pro
348 3323 452 3395 nobes,
477 3321 600 3384 illudve:
632 3323 761 3403 Oportet
781 3322 880 3402 fillium
903 3323 1030 3384 hominis
1052 3319 1181 3382 multum
1200 3325 1269 3400 pete·

2 3401 4 3496 ἶ
47 3429 74 3479 et
97 3421 222 3498 interfici
242 3431 270 3482 et
299 3427 391 3483 tertie
420 3425 466 3484 die
494 3441 533 3486 eu
560 3428 691 3486 mortuis
720 3418 906 3500 reserpere?
951 3419 1040 3492 Quod
1068 3420 1095 3480 si
1118 3419 1266 3480 Christum

48 3527 184 3596 quatenus
205 3518 295 3579 homo
319 3528 366 3579 est
387 3522 575 3598 passibilem,
609 3531 754 3600 quatenus
785 3539 854 3580 vero
877 3519 956 3580 lleus
985 3527 1032 3579 est
1054 3517 1265 3598 impassibilem
1370 3565 1376 3576 .

3 3615 4 3622 ’
51 3617 260 3694 concreditis,
293 3619 345 3682 sad
368 3621 405 3682 ad
428 3621 580 3701 augustias
603 3622 714 3684 redacti
736 3622 888 3701 cogitatis,
911 3620 937 3680 si
960 3619 1157 3682 confiteamini
1179 3619 1266 3682 Chri-

86 3838 107 3887 d.
124 3839 213 3900 Seguer.
232 3839 304 3890 babet
327 3834 374 3888 eei
399 3847 454 3891 ente
480 3851 627 3906 repararen-
678 3837 752 3888 νοεῖν
770 3830 802 3886 oti
818 3833 956 3904 βούλεσθε.
992 3838 1054 3890 Editi
1073 3847 1095 3888 et
1114 3837 1154 3888 elii
1181 3835 1267 3886 ταῦτα

53 3903 110 3958 τῶς.
679 3897 750 3955 eiiror
768 3905 843 3956 νοεῖν
859 3899 998 3970 βούλεσθε.

88 3991 107 4024 e.
123 3975 212 4037 Seguer.
229 3966 258 4031 ἔξ
275 3965 366 4024 αὐτοῦ.
713 3979 736 4024 b.
756 3977 853 4025 Gohler.
872 3985 896 4025 et
914 3975 1019 4024 lelelm.
1034 3974 1056 4025 l.
1075 3966 1090 4033 ri
1109 3965 1266 4032 tatastat

89 4043 102 4090 l.
125 4043 155 4090 lrs
175 4057 257 4094 omues
281 4057 339 4094 mss.
374 4043 436 4094 Editi
462 4057 517 4093 rere
544 4033 628 4096 ebrie
678 4041 727 4092 τοῦ
745 4034 891 4109 ὀνόματος,
934 4044 999 4092 lutra
1023 4055 1109 4092 omnes
1133 4043 1184 4091 tere
1208 4055 1266 4090 mss.

58 4100 93 4156 ὢν
108 4102 150 4168 εἴη.
677 4104 724 4160 καὶ
754 4102 798 4158 ὅτι
829 4103 979 4190 despumas
1011 4103 1134 4176 Χριστὸς
1156 4101 1266 4170 Ἰησοῦς.

89 4179 254 4239 pSieomnes
272 4192 331 4228 mss.
367 4178 393 4230 lu
413 4179 484 4230 editis
501 4193 558 4229 rero
575 4173 627 4238 rtis
678 4181 741 4230 Editi
760 4187 784 4229 et
801 4179 841 4230 slii
860 4171 875 4239 ἢ
895 4193 939 4226 ore
956 4187 1001 4228 etc.
1037 4179 1088 4228 llos
1107 4168 1267 4244 ἀντίλυτρον

59 4245 125 4294 deest.
161 4245 205 4296 llor
230 4247 330 4296 maltam
355 4247 446 4297 rerirnt
470 4261 544 4308 mss.;
570 4261 626 4298 nem
678 4248 747 4298 deest
771 4248 794 4297 in
818 4249 917 4310 Segoar.
943 4247 1041 4298 Gohler.
1067 4254 1090 4297 et
1108 4246 1212 4297 Velelm.
1234 4247 1265 4306 1.,

61 4312 144 4363 Gobler.
159 4313 252 4376 Segoer.
277 4313 457 4364 asteterunt.
477 4313 564 4363 reice
582 4307 626 4363 oii-
678 4331 722 4380 pro
741 4329 789 4380 quo
810 4315 898 4378 duplic.
918 4316 990 4366 hebet
1006 4306 1112 4382 λύτρον.

63 4391 96 4424 ru
111 4380 172 4430 sotir
186 4376 322 4431 πείθεσθε.
352 4374 624 4446 supereffluentes
712 4385 728 4433 i.
753 4383 962 4446 Sescentiobler.
981 4383 1155 4434 etl'elelm.l.
1173 4375 1263 4444 ἐπειδὴ

62 4447 126 4495 νοεῖν
140 4439 166 4498 ori
180 4444 314 4502 artemas.
356 4436 429 4502 basil.
447 4449 534 4500 ταῦτα
552 4441 624 4500 οὕτω
675 4445 721 4500 eoi
739 4442 895 4517 ἄνθρωπος.
