3110 5064
252 331 294 396 35
652 349 677 392 ε.
694 347 847 392 ιταιαιευ
863 347 1085 394 ικοειεειιαανι

164 497 289 564 αυτόί
310 495 350 562 τὸ
371 493 500 564 ἀτόπου
521 497 620 562 τοῦτο
644 497 845 582 συνορῶντες
866 494 1012 583 ἀρχεσθε
1034 496 1148 582 λέγειν,
1172 493 1225 564 ότι
1240 493 1259 564 5
1274 495 1348 576 υίὸς
1362 505 1476 583 κτίσμα

254 593 300 666 ῶν
323 598 434 678 ίκανὸς
454 604 592 684 γέγονεν,
618 593 704 665 ῶστε
724 593 794 663 ῦπὸ
815 600 874 662 τοῦ
896 591 1072 684 ·άγενητου
1093 604 1261 685 γενέσθαι,
1285 598 1322 680 ίξ
1342 595 1476 687 ἀνάγκης

252 701 305 767 καὶ
333 699 377 766 τὰ
403 697 489 768 ἀλλα
518 699 630 766 ’πάντα
657 697 775 786 γενητὰ
798 696 879 765 όντα
901 699 1025 767 όννατά
1046 689 1084 788 55
1106 699 1201 787 παρὰ
1221 705 1280 768 τοῦ
1302 697 1476 790 1’ἀγενήτου

252 797 534 890 αότουργηθῆναι·
562 807 683 886 κτίσμα
710 799 772 888 γάρ
800 795 877 867 καθ’
902 797 987 886 ὑμᾶς
1014 797 1179 889 κάκεῖνος,
1210 799 1324 891 ῶσπερ
1348 794 1476 872 οὖνκαὶ

251 906 355 970 ταῦτα
376 902 496 984 πάντα,
520 902 605 970 έστί·
628 901 684 969 καὶ
705 902 844 989 περιττὴ
867 903 988 971 λοιπὸν
1009 907 1069 970 τοῦ
1091 903 1189 991 λόγον
1210 901 1230 991 5
1251 911 1381 994 γένεσις
1401 905 1478 974 κατὰ

250 1005 310 1094 τὴν
339 1002 441 1092 ἀσεβῆ
469 1007 522 1072 καὶ
551 1003 666 1094 μωράν
696 1002 789 1090 ὑμῶν
811 1005 972 1087 ἐπίνοιαν,
997 1000 1178 1092 αὐτάρκους
1200 1003 1296 1088 όντος
1315 1011 1378 1074 τοῦ
1401 1011 1478 1076 θεοῦ

251 1106 294 1174 τόν
315 1106 428 1174 πάντα
449 1102 650 1194 αὐτουργεῖν,
674 1107 810 1176 πάντων
833 1108 870 1174 όὲ
881 1111 947 1174 τῶν
957 1113 1100 1196 γενητῶν
1112 1110 1300 1194 δυναμένων
1309 1109 1373 1196 τὴν
1384 1107 1478 1197 ἀκρα

251 1232 308 1276 τον
328 1221 423 1296 χεῖρα
443 1210 609 1296 βαστάξαι
630 1212 690 1277 τοῦ
712 1209 806 1277 θεοῦ.
852 1206 993 1297 ἀνοήτου
1017 1210 1056 1298 55
1079 1209 1180 1299 οῦσης
1202 1205 1311 1278 αῦτῶν
1331 1214 1394 1299 τῆς
1414 1236 1476 1280 τοι-

253 1312 356 1400 αότης
385 1314 661 1401 φρενοβλαβείας,
690 1312 814 1396 ἰ’όωμεν
845 1311 939 1399 εἰμὴ
962 1313 1076 1380 καὶτὸ
1099 1312 1273 1400 λεγόμενον
1294 1317 1397 1380 τοῦτο
1419 1317 1478 1380 τῶν

252 1410 382 1500 ἀσεβῶν
410 1412 449 1479 τὸ
472 1413 625 1501 σόφισμα
646 1415 750 1480 πλέον
771 1416 838 1480 τῶν
861 1411 971 1482 ἀλλων
993 1409 1101 1482 αῦτῶν
1124 1411 1329 1502 ἀλογώτερον
1352 1411 1478 1504 ἀναφα-

252 1521 330 1600 νείη.
372 1510 482 1599 Ἀόάμ
510 1513 612 1599 μόνος
639 1511 710 1582 ὑπὸ
740 1515 845 1600 μόνον
873 1519 931 1582 τοῦ
953 1521 1038 1584 θεοῦ
1062 1515 1120 1584 διὰ
1140 1520 1199 1584 τοῦ
1221 1516 1321 1602 λόγου
1342 1524 1477 1604 γέγονεν.

252 1611 321 1682 ἀλλ’
346 1610 404 1682 οῦκ
426 1615 460 1682 έν
482 1619 530 1703 τῶ
551 1615 655 1684 πάλιν
677 1616 735 1684 τὸν
754 1611 863 1702 Ἀδὰμ
885 1620 988 1686 πλέον
1009 1643 1044 1684 τι
1057 1621 1123 1684 τῶν
1138 1617 1274 1686 πάντων
1289 1613 1478 1706 ἀνθρώπιον

253 1717 336 1802 λ’χειν
363 1711 385 1806 5
404 1719 585 1808 -όιαφέρειν
617 1721 684 1785 τῶν
712 1714 781 1802 μετ’
806 1716 908 1787 αῦτὸν
930 1717 971 1788 ἀν
992 1745 1044 1800 τις
1067 1719 1218 1808 φήσειεν,
1249 1719 1279 1787 εἰ
1299 1719 1405 1804 μόνος
1425 1723 1479 1804 μὲν

252 1815 352 1900 αότὸς
379 1817 447 1888 ῦπὸ
475 1819 578 1904 μόνου
608 1825 667 1888 τοῦ
695 1825 780 1889 θεοῦ
808 1827 993 1909 πεποίηται
1014 1825 1068 1890 καὶ
1091 1824 1300 1903 πέπλασται,
1329 1819 1428 1910 ἡμεῖς
1448 1823 1477 1888 55

256 1921 379 2000 πάντες
408 1913 442 1988 55
470 1927 530 1988 τοῦ
549 1917 658 2008 Ἀάάμ
685 1923 895 2008 γεννῶμεθα,
924 1927 977 1990 καί
1007 1923 1090 1990 κατά
1113 1924 1267 2011 διαδοχὴν
1289 1927 1348 1990 τοῦ
1372 1931 1480 2010 γένους

253 2022 499 2108 συνιστάμεθα,
530 2025 592 2104 ἕως
618 2024 721 2109 μόνον
747 2029 801 2092 καί
830 2021 930 2104 αότός
958 2025 993 2092 ἐκ
1013 2029 1072 2113 γῆς
1095 2023 1269 2110 ἐπλάσθη,
1292 2028 1345 2093 καὶ
1370 2027 1417 2113 μή
1439 2021 1479 2091 ῶν

252 2124 425 2212 πρότερον,
448 2117 583 2212 ὕστερον
606 2131 742 2212 γέγονεν.

337 2233 367 2293 9.
412 2227 454 2292 El
476 2227 511 2294 δὲ
534 2231 588 2296 καὶ
610 2229 714 2296 πλέον
735 2253 788 2306 τις
808 2231 855 2313 τῷ
878 2229 1126 2316 πρατοπλάστιμ
1149 2229 1222 2316 δοίη
1246 2227 1303 2295 όιά
1324 2227 1365 2294 τὸ
1387 2254 1480 2316 κατη-

254 2331 402 2407 ξιιῦσθαι
422 2331 480 2416 τῆς
501 2332 560 2396 τοῦ
583 2333 667 2396 θεοῦ
687 2327 799 2416 χειρὸς
821 2323 936 2396 αότόν·
961 2324 1030 2396 ἀλλ’
1056 2329 1089 2397 έν
1112 2333 1190 2417 τιμῇ
1212 2332 1265 2396 καί
1288 2329 1333 2416 μὴ
1356 2335 1399 2419 τῇ
1422 2329 1480 2419 φό-

253 2453 305 2497 σει
326 2429 364 2496 τό
387 2429 489 2496 πλέον
513 2430 560 2510 είς
583 2425 682 2496 αότὸν
706 2427 723 2496 5
745 2434 900 2512 τοιοῦτος
919 2432 1114 2518 λογιζέσθω.
1146 2431 1180 2499 έκ
1194 2435 1252 2520 γῆς
1266 2431 1327 2519 γὰρ
1341 2439 1478 2519 γέγονεν,

227 2537 229 2542 ’
253 2527 366 2619 ῶσπερ
388 2533 443 2598 καί
466 2530 605 2611 πάντες·
628 2534 683 2598 καί
706 2528 726 2621 5
747 2535 816 2619 χεὶρ
840 2529 918 2620 555
941 2533 1100 2600 πλάσασα
1115 2531 1191 2600 τότε
1205 2532 1263 2601 τὸν
1277 2529 1396 2618 Ἀδάμ,
1413 2531 1480 2599 οκαὶ

252 2631 333 2722 αῦτη
356 2636 410 2700 καί
433 2636 492 2700 νῦν
513 2637 567 2700 καί
591 2628 642 2702 ἀεί
665 2633 743 2714 τοῦς
763 2629 831 2719 μετ’
857 2634 980 2703 ἐκεῖνον
1003 2635 1106 2702 πάλιν
1121 2635 1262 2704 πλάττει
1276 2637 1330 2701 καί
1347 2636 1480 2704 όιασνν-

251 2745 378 2824 ίστησι·
406 2739 459 2806 καί
488 2739 588 2804 τοῦτο
618 2731 636 2803 5
664 2735 748 2817 θεὸς
776 2733 876 2816 αότὸς
904 2763 950 2823 τιμ
935 2739 1032 2822 ”μὲν
1016 2731 1204 2824 νἸερεμίᾳ,
1236 2732 1281 2815 ῶς
1303 2748 1478 2823 προεῖπον,

252 2847 370 2959 φησίν·
393 2840 461 2926 πρὸ
482 2843 542 2906 τοῦ
563 2865 606 2924 με
628 2837 758 2906 πλάσαι
780 2863 819 2906 σε
841 2839 874 2906 έν
896 2841 1014 2926 κοιλίη,
1039 2837 1098 2906 ἐπί
1056 2845 1223 2923 πίσταμαί
1245 2841 1320 2918 σε’).
1351 2839 1481 2926 περίόὲ

250 2945 316 3006 τῶν
339 2941 475 3008 πάντων
498 2937 663 3026 55555·t
645 2967 722 3026 ηχε
724 2948 755 3026 ίρ
770 2963 835 3024 μου
858 2939 996 3027 ἐποίησε
1010 2944 1115 3008 ταῦτα
1129 2940 1277 3020 πάντὰἿ,
1308 2941 1362 3006 καλ
1379 2940 1481 3008 πάλιν

253 3039 309 3106 διὰ
327 3035 466 3107 Ἠσαίου
490 3049 607 3128 φησίν·
631 3039 736 3120 οὕτως
759 3043 846 3125 λέγει
867 3039 978 3128 κύριος
1000 3037 1359 3126 ὁλιτροάμενόςσεκαί
1372 3041 1481 3110 πλάσ-

253 3163 321 3206 σων
343 3163 381 3208 σε
413 3139 447 3208 ἓν
477 3143 601 3229 κοιλίᾳ·
636 3142 699 3227 ἐγὼ
727 3141 838 3229 κύριος
867 3138 885 3207 5
916 3143 1079 3211 συντελῶν
1100 3144 1227 3225 πάντα,
1259 3143 1404 3230 ἐξέτεινα
1426 3143 1481 3210 τὸν

197 3235 393 3330 οὐρανὸν
414 3239 515 3325 μόνος
538 3245 591 3309 καλ
615 3242 725 3329 έστερέ
727 3267 799 3310 ωσα
820 3243 879 3332 τὴν
900 3247 997 3335 γῆνέ).
1044 3242 1062 3311 5
1086 3247 1122 3313 όέ
1137 3245 1250 3332 Δαβίό
1264 3249 1362 3313 τοῦτο
1384 3246 1481 3334 γινώ

166 3319 242 3408 5515
254 3365 340 3410 σκων
363 3344 524 3430 ἔψαλλεν·
554 3346 589 3412 55
609 3351 715 3431 χεῖρές
738 3369 798 3412 σου
821 3345 983 3435 ἐποίησάν
1005 3373 1047 3432 με
1069 3351 1122 3416 καλ
1147 3347 1296 3416 έπλασάν
1318 3353 1407 3435 μεγ·
1429 3351 1481 3415 καλ

254 3441 330 3512 555
349 3449 397 3534 τῷ
417 3441 539 3536 Ἠσαίᾳ
560 3449 679 3535 λέγων·
704 3444 809 3528 οὕτως
830 3450 916 3536 λέγει
937 3451 1049 3537 κύριος
1072 3476 1090 3516 ο
1078 3447 1245 3530 πλαοας
1256 3477 1298 3535 με
1310 3449 1345 3518 ἒκ
1354 3433 1543 3528 κοιλίας
1542 3493 1543 3514 ι

253 3549 371 3615 δαῦλον
400 3548 550 3635 έαυτῷλ),
580 3553 678 3616 τοῦτο
707 3548 870 3638 σημαίνει.
917 3547 1033 3619 οῦκοῦν
1062 3551 1145 3620 κατὰ
1173 3551 1232 3642 τὴν
1261 3552 1363 3640 φύσιν
1386 3547 1481 3618 οὐδέν

251 3647 344 3737 ἡμῶν
364 3645 592 3738 διαφέρει,
551 3678 611 3739 κᾳν
632 3652 762 3742 προάγῃ
785 3658 832 3741 τῷ
853 3653 968 3742 χρόνῳ,
993 3655 1056 3734 ἕως
1076 3658 1130 3722 καί
1153 3658 1193 3742 τῇ
1208 3649 1290 3742 αάτῇ
1304 3655 1389 3740 χειρὶ
1406 3677 1482 3721 συν·

254 3752 422 3837 ιστάμεθα
450 3755 504 3820 καί
533 3753 714 3839 κτιζόμεθα
747 3756 878 3836 πάντες,
925 3757 954 3826 εί
969 3764 1086 3824 τοίνυν
1108 3753 1229 3836 οῦτως,
1253 3745 1475 3842 ῶἈρειανοί,
1542 3735 1543 3819 5

253 3857 306 3922 καί
329 3857 405 3942 περὶ
429 3857 488 3922 τοῦ
510 3855 583 3922 υἱοῦ
605 3860 664 3923 τοῦ
686 3862 771 3925 θεοῦ
796 3870 957 3947 φρονεῖτε,
983 3857 1037 3926 ότι
1052 3855 1156 3937 οῦτιος
1170 3859 1223 3924 καὶ
1239 3851 1338 3937 αότὸς
1353 3854 1479 3944 ὑπέστη
1542 3899 1543 3910 1

253 3956 308 4024 καί
330 3963 468 4045 γέγονεν,
494 3952 588 4026 οῦδὲν
610 3955 729 4026 καθ’(
713 3964 796 4044 υμᾶς
818 3963 885 4027 τιῦν
907 3959 1017 4028 ἀλλων
1038 3959 1121 4030 κατὰ
1142 3959 1200 4047 τὴν
1224 3959 1325 4084 φῦσιν
1349 3959 1478 4038 διοίσει,
1542 3993 1543 4016 1

254 4059 316 4138 ἕως
336 4057 394 4127 καὶ
415 4055 516 4139 αὐτὸς
538 4055 595 4127 οῦκ
616 4049 670 4145 55,
700 4060 755 4127 καὶ
776 4067 902 4148 γέγονε,
925 4087 981 4129 και
973 4057 1078 4142 '²5
1059 4065 1175 4148 αρετῆς
1196 4059 1253 4128 καὶ
1275 4057 1371 4185 αὐτῷ
1387 4085 1481 4130 σννε-
1542 4065 1543 4148 5

253 4167 375 4248 κτίσθη
404 4165 463 4228 τοῦ
495 4158 657 4247 όνόματος
685 4159 704 4249 5
730 4163 832 4249 χάρις.
879 4159 927 4242 εἷς
954 4162 1014 4252 γάρ
1044 4161 1115 4232 ἔστι
1136 4164 1192 4232 καὶ
1213 4159 1327 4246 αῦτός,
1353 4159 1410 4251 ἀφ’
1436 4154 1480 4230 ὧν
1542 4203 1543 4238 3

253 4263 400 4347 ’λέγετε,
425 4255 554 4352 περὶ
527 4292 572 4332 ιον
595 4264 629 4334 ἐν
653 4266 801 4350 ψαλμοῖς
823 4263 861 4331 τό
883 4266 1014 4351 πνεῦμά
1038 4285 1154 4354 ηησιν·
1185 4262 1283 4345 αὐτὸς
1306 4261 1395 4347 εἶπε,
1425 4263 1481 4332 καὶ

325 4521 451 4581 merem.
473 4523 496 4584 1,
515 4523 538 4572 ὅ
625 4525 724 4580 λλΕεα
744 4521 784 4586 55,
804 4523 827 4574 λ,
915 4523 941 4584 3)
959 4525 1012 4574 Εεε
1032 4524 1133 4586 ίῌί.
1220 4519 1479 4592 4)Ρεε1.119[118

161 4621 166 4626 .
253 4587 332 4654 τινα,
351 4589 416 4660 τε,
461 4561 559 4645 σιἐει
579 4589 663 4652 455
