3128 5052
486 369 632 413 naissum
647 371 690 414 ru.
705 371 742 413 sn
758 371 956 417 assariorum
1272 365 1332 428 775

75 519 146 580 lta
175 519 255 582 euim
278 518 423 598 scriptum
446 531 491 582 est
513 519 668 599 trigesimo
692 521 823 583 seeundo
846 522 981 584 Psalmo:
1009 523 1102 588 Verbo
1113 526 1238 590 Domini
1259 531 1417 594 castinus.

11 635 13 662 ²
79 621 228 700 firmati
249 631 332 696 sunt,
356 630 384 682 et
407 619 527 701 Spiritu
549 624 612 682 oris
636 625 700 683 eius
724 624 820 684 omnis
843 629 945 686 uirtus
968 643 1082 689 eorum.
1125 627 1270 690 Nimirum
1292 631 1332 692 ita

81 705 237 801 Spiritus
261 721 405 783 indivisus
429 729 476 783 est
497 721 614 795 arrio,
637 729 669 783 ut
692 740 728 783 ex
750 741 839 802 snpra
862 723 948 785 dictis
970 725 1069 787 nullus
1091 728 1222 806 supersit
1243 730 1332 791 dubi-

11 841 13 868 <
81 821 188 884 tandi
209 821 304 885 locus.
350 822 477 894 Quando
495 841 625 908 bamque
649 823 775 886 Verbum
797 826 905 886 iactum
928 835 974 888 est
994 826 1030 888 ad
1045 827 1234 908 Prophetam‚
1258 849 1334 910 quae

11 944 14 992 r
85 942 108 984 a
123 921 231 986 Verbo
254 922 432 1003 prodibunt,¹
446 924 476 985 in
488 923 600 1004 Spiritu
621 923 798 1006 loquebator
817 925 976 1006 Propheta.
1023 927 1073 989 Sic
1095 930 1173 990 enim
1188 931 1333 1010 scriptum

11 1047 17 1080 .-
85 1033 161 1094 est,
184 1025 215 1086 in
237 1023 359 1086 Actibus
381 1024 470 1086 Petro
494 1025 624 1087 dicente:
653 1025 715 1088 Viri
734 1027 864 1105 fratres,
889 1029 1048 1107 oportebat
1061 1030 1186 1110 impleri
1197 1036 1333 1114 seriptu-

87 1143 189 1196 rom,
218 1145 307 1208 quom
331 1127 489 1206 praedicit
511 1126 650 1207 Spiritus
678 1137 821 1202 sonetum
851 1129 929 1208 apud
951 1129 1119 1192 Zachariam
1148 1149 1238 1206 vero,
1265 1151 1333 1196 oum

87 1227 236 1290 Verbum
259 1228 296 1287 ad
318 1227 399 1289 illum
422 1229 531 1290 tactum
553 1239 649 1302 esset,
672 1229 816 1309 scriptum
838 1239 899 1292 est:
932 1229 1131 1294 Veruntamen
1153 1219 1247 1295 uerbo
1267 1251 1334 1296 meo

90 1331 130 1392 e't
165 1327 297 1409 iepitimo
323 1347 389 1391 meo
417 1333 575 1410 susdpite,
603 1349 796 1412 quaeeunque
818 1351 870 1412 epo
890 1337 1048 1414 praecipio
1070 1338 1103 1396 in
1125 1334 1246 1414 Spiritu
1266 1351 1331 1398 oreo
1410 1315 1416 1328 Χ

15 1484 20 1495 .
89 1429 278 1510 Prophetis.
322 1429 361 1490 Et
388 1431 476 1510 paulo
506 1440 575 1510 post
601 1432 744 1511 populum
774 1433 960 1512 coarguendo
983 1433 1056 1496 baec
1078 1435 1134 1496 ait:
1163 1435 1224 1497 Cor
1243 1453 1334 1500 suum

11 1565 13 1590 ε
89 1542 281 1612 posuerunt
301 1532 508 1614 inobsequens,
531 1551 568 1593 ne
591 1533 735 1594 audirent
757 1533 850 1612 iepem
870 1553 966 1595 menna
987 1547 1015 1596 et
1037 1536 1139 1606 aerbo,
1162 1539 1334 1616 praemisit
1356 1571 1361 1588 ·

13 1668 16 1675 ·
94 1631 255 1694 Dominus
279 1637 465 1712 onruipotens
487 1638 520 1695 iu
530 1633 650 1714 Spiritu
674 1651 731 1696 suo
749 1653 809 1714 per
824 1635 1167 1716 mouusPropbetorum
1178 1638 1332 1716 priorum.

11 1785 13 1806 ,
95 1733 182 1794 item
205 1732 323 1794 Christo
346 1733 488 1812 loquente
509 1733 541 1794 in
562 1733 664 1808 Paulo,
686 1742 721 1795 ut
742 1734 809 1814 ipse
831 1735 887 1797 ait:
911 1737 958 1796 Au
980 1740 1218 1815 snperaiueutunr
1240 1753 1333 1818 pune-

11 1873 21 1910 p
97 1837 178 1896 ritis
201 1838 264 1896 edis
288 1839 341 1914 qui
360 1839 393 1895 in
414 1853 460 1895 me
482 1835 619 1916 loquitur
642 1834 782 1897 Christi?
824 1835 1022 1897 Nihilominus
1034 1836 1176 1915 Spiritum
1198 1844 1334 1900 sanetum

11 1961 16 2014 r
97 1933 234 1996 babebat
255 1933 313 2007 ille,
337 1935 395 2012 qui*
410 1933 466 1995 sibi
489 1935 578 1996 rerba
601 1935 822 2014 suppeditaret;
846 1937 891 1997 sic
905 1935 1059 2016 enimipse
1075 1937 1194 1999 scribit:
1217 1937 1333 2000 Secun-

11 2061 14 2118 3
101 2036 179 2098 dum
211 2035 522 2099 subministrationem
556 2035 693 2116 Spiritus
722 2036 794 2100 iesu
825 2037 939 2100 Christi
967 2041 1001 2100 iu
1034 2056 1090 2100 me.
1146 2038 1334 2116 Rursumque
1392 2103 1401 2116 ,

11 2131 19 2209 J
102 2135 225 2197 Christo
248 2137 277 2198 in
302 2148 335 2197 se
356 2136 496 2216 loquente
517 2137 573 2197 ait:
596 2135 666 2199 Nisi
686 2137 765 2218 quod
780 2137 917 2218 Spiritus
940 2149 1064 2201 sanetus
1084 2157 1142 2220 per
1166 2156 1265 2200 ornnes
1289 2143 1335 2200 ei-

11 2289 14 2324 2
102 2243 216 2301 oitotes
244 2238 319 2300 mibi
341 2249 537 2318 protestatur
558 2239 668 2309 diceus,
692 2243 835 2319 puouiom
856 2239 979 2302 uinculo
1001 2251 1031 2302 et
1053 2239 1265 2302 tribuiotioues
1287 2257 1334 2302 rue

11 2389 18 2426 ,ὲ
103 2349 239 2402 mouent.
282 2339 349 2399 Non
372 2339 451 2400 euim
474 2349 555 2402 extra
577 2339 704 2400 Verbum
728 2340 927 2419 suspiritus,
951 2341 1003 2402 sed
1026 2358 1091 2401 oum
1116 2339 1157 2400 sit
1177 2339 1208 2400 in
1224 2338 1332 2412 Verbo,

15 2496 18 2519 ,
105 2459 162 2519 per
184 2440 282 2520 ipsum
305 2440 336 2500 iu
358 2439 420 2502 [ico
443 2449 505 2513 est,
533 2441 573 2501 ita
603 2449 635 2501 ut
664 2439 742 2501 dona
763 2438 794 2500 iu
817 2439 962 2500 Trinitate
985 2439 1162 2501 tribuantur.
1206 2439 1279 2501 Nam
1301 2439 1333 2500 in

11 2597 17 2629 ,ι
108 2540 215 2601 borum
237 2540 399 2613 divisione,
427 2549 460 2602 ut
481 2541 517 2603 ad
540 2539 712 2602 Corinthios
736 2539 857 2612 scribit,
881 2539 959 2600 idem
982 2539 1112 2617 Spiritus
1135 2539 1333 2601 estolidum

108 2641 252 2704 Dominus
275 2641 413 2720 idemque
434 2642 526 2715 Dens,
548 2641 598 2720 qni
621 2649 761 2719 operatur
782 2639 881 2700 omnia
896 2640 927 2700 in
944 2639 1094 2700 omuibus.
1122 2638 1191 2717 ipae
1206 2655 1333 2716 namque

11 2799 18 2836 Ξ
110 2742 198 2804 Pater
219 2760 273 2821 per
294 2742 400 2804 Filium
423 2743 453 2803 in
475 2733 588 2821 Spiritu
610 2749 751 2820 operatur
772 2749 802 2800 et
823 2740 873 2800 dat
896 2739 1005 2800 omnia,

11 3311 13 3330 ,
194 3251 223 3312 6.
268 3248 346 3308 Sane
369 3265 435 3308 cum
458 3245 621 3308 Corinthiis
644 3245 720 3308 bene
741 3251 923 3323 precaretur,
947 3243 977 3304 in
991 3240 1333 3320 Trinium-precabatur

12 3391 13 3396 κ
112 3348 156 3410 bis
177 3346 292 3409 verbis:
323 3347 430 3410 Grutio
451 3346 576 3408 Domini
597 3345 668 3408 taso
691 3346 807 3408 Cbristi
831 3356 862 3407 et
890 3349 1003 3406 coritas
1025 3341 1083 3407 Dei
1110 3355 1138 3406 et
1167 3347 1333 3406 cormuni-

113 3452 186 3511 eotio
214 3453 314 3511 saneti
334 3448 471 3528 Spiritus
498 3451 538 3508 sit
567 3465 633 3508 urm
661 3448 798 3510 euntibus
827 3447 922 3508 uobis.
971 3443 1045 3506 Nam
1075 3462 1141 3506 oum
1169 3443 1332 3523 ¹participas

114 3549 202 3608 simus
224 3548 368 3628 Spiritus,
402 3547 488 3609 Verbi
516 3547 638 3626 gratiam
666 3547 810 3610 babemus
838 3558 869 3606 et
895 3546 926 3606 io
955 3545 1023 3622 ipso
1044 3543 1141 3604 Patris
1170 3543 1419 3606 caritatemrnaa.

11 3723 13 3748 ι
114 3648 203 3710 Porro
232 3656 264 3710 ut
293 3666 349 3708 uua
378 3655 424 3710 est
450 3648 603 3710 Trinitatis
635 3649 744 3724 gratia,
778 3647 822 3707 sic
850 3645 976 3706 indivisa
1003 3652 1050 3705 est
1070 3642 1220 3716 Trinitas3
1251 3639 1333 3718 quod

115 3891 195 3964 ὀλίγα.
234 3899 308 3950 Paulo
333 3907 389 3965 post
412 3901 466 3963 fleg.
487 3907 510 3950 et
528 3899 628 3962 Seguer.
647 3893 696 3946 rosi
748 3889 823 3946 iactr
839 3888 891 3961 pir
907 3889 968 3948 καί,
988 3901 1012 3942 st
1030 3893 1053 3942 in
1073 3890 1170 3942 Gobier.
1189 3888 1336 3968 et'Fe‘lcbnp.

115 3961 205 4034 νόμον,
226 3969 299 4018 ceteri
317 3977 340 4018 et
358 3969 415 4018 editi
433 3961 497 4020 rubr
514 3960 624 4032 νόμους.
750 3965 771 4014 1.
790 3956 942 4040 irrideret.
977 3961 1050 4010 basii.
1075 3959 1164 4008 ibidem
1187 3968 1233 4005 tus
1257 3969 1271 4002 o
1291 3969 1338 4004 ao-

146 4037 168 4086 d.
186 4035 283 4086 Gobier.
301 4043 324 4085 et
342 4035 476 4086 Feiebmd.
495 4035 545 4084 sie:
562 4027 607 4082 atui
625 4029 697 4079 Παῦ-
746 4024 883 4084 τόςθεος.
1141 4085 1148 4102 ἱ
1204 4081 1212 4102 Ι

115 4099 167 4156 ior·
200 4095 224 4152 ei
255 4095 371 4167 δοκιμήν
405 4102 554 4152 intermediis
589 4100 696 4150 omissis.
781 4099 803 4147 b.
823 4098 893 4148 Gobt.
913 4103 936 4146 et
955 4095 1059 4144 Feicbm.
1076 4087 1100 4172 J.
1119 4104 1154 4139 τα
1173 4103 1273 4168 nuptu.
1292 4082 1339 4136 καί

117 4171 199 4220 ibidem
219 4165 248 4218 di
266 4179 321 4234 post
331 4167 456 4234 Χριστοῦ
474 4170 556 4220 deerat
573 4170 598 4218 in
616 4168 696 4227 editis,
746 4158 828 4212 πάλιν
845 4156 1007 4228 Κορινθίοις
1028 4170 1135 4237 ypurpes
1159 4173 1174 4236 p
1189 4169 1273 4225 χαρις
1290 4163 1336 4206 cto.

116 4239 154 4288 sed
171 4239 258 4299 iegitur
276 4239 300 4288 in
320 4239 376 4299 iter.
395 4245 420 4287 et
437 4237 537 4298 Sernes.
748 4231 831 4290 muttit
855 4231 885 4280 de
912 4243 978 4279 more
997 4231 1103 4277 omissis.
1141 4225 1200 4274 turn.
1219 4231 1276 4289 post
1291 4234 1336 4270 ro·

148 4321 168 4354 e.
186 4305 325 4356 Gobierian.
338 4313 362 4354 et
373 4304 478 4354 Feicbm.
492 4305 514 4352 l.
532 4295 570 4355 eir
587 4295 635 4368 ἐμὲ
651 4297 698 4349 sui
748 4294 810 4365 piro
833 4299 900 4375 editi!
914 4289 994 4360 ἡμῶν
1010 4303 1034 4348 at
1052 4302 1108 4358 post
1125 4289 1175 4340 τοῦ
1192 4289 1260 4370 teupi
1278 4289 1338 4338 baec

117 4364 190 4420 πάλιν
207 4365 239 4420 τὸ
257 4370 363 4437 πνεῦμα
382 4371 480 4420 omissis
499 4371 657 4433 interpositis.
747 4361 794 4414 rori
809 4377 866 4414 nur
885 4378 915 4417 os
933 4365 1036 4425 babant;
1055 4368 1079 4410 st
1096 4362 1183 4410 desunt
1200 4374 1227 4408 es
1246 4357 1338 4418 satiet.

148 4441 162 4488 i.
178 4439 213 4490 its
239 4436 602 4502 supersticiosissimus.
637 4437 699 4488 Editi
749 4435 849 4512 Sernes.
867 4379 938 4512 gont.
958 4439 981 4481 et
999 4429 1104 4508 ξοίοὶω.
1121 4427 1143 4476 1.
1179 4426 1263 4506 §tutin
1282 4429 1339 4487 post

120 4501 204 4570 λέγων.
749 4513 820 4567 μετα
841 4512 955 4548 παντων
978 4497 1034 4547 edm
1060 4496 1149 4545 babent
1174 4507 1268 4552 ημων,
1293 4489 1339 4539 sed

148 4589 167 4636 r.
184 4575 225 4624 sic
248 4573 305 4637 [teg.
330 4575 429 4636 sepner.
447 4571 522 4623 basii.
561 4570 624 4621 Editi
643 4585 698 4620 sero
751 4571 808 4630 ties.
827 4575 851 4618 et
869 4568 968 4630 segnes.
987 4556 1066 4632 ipsiu
1084 4563 1167 4614 rectio·
