3072 5056
239 335 279 396 74
638 347 663 390 s.
679 347 831 392 ιτειιιιειι
845 347 1069 392 nemptonum

152 496 410 573 νωτιδόνανται,
434 486 733 578 ἀποκρινέσθωσαν
755 495 830 571 πῶς
852 482 946 580 εὗρον
967 492 1026 581 τήν
1049 491 1199 581 ἀγραφον
1220 493 1341 581 ταύτην
1361 495 1445 574 λέξιν,

237 593 259 666 ό
280 603 365 683 ποίᾳ
387 597 519 681 διανοίᾳ
540 593 702 662 τὸνθεόν
725 591 879 682 ἀγένητον
901 595 1041 681 λέγουσι.
1073 595 1256 683 διαφόρους
1276 595 1337 682 γὰρ
1355 618 1446 679 σημα-

240 707 315 778 σίας
346 699 431 782 ἔχειν
457 695 496 762 τὸ
523 693 630 780 όνομα
659 690 789 783 ἀκήκοα.
835 698 994 781 λέγεσθαι
1015 695 1076 783 γάρ
1099 713 1222 784 ’φασιν
1245 692 1397 783 ἀγένητον
1415 695 1446 762 τό

237 799 339 888 μήπω
360 801 420 883 μέν
441 795 629 882 γενόμενον,
653 796 832 880 δυνάμενον
855 798 892 866 δέ
914 803 1089 882 γενέσθαι,
1118 801 1172 866 καί
1195 798 1298 866 πάλιν
1319 798 1359 864 τὸ
1378 797 1448 886 μήτε

236 899 385 988 ὑπάρχον
413 897 494 986 μήτε
522 897 702 982 δυνάμενον
730 897 777 976 είς
798 897 837 964 τὸ
860 893 945 966 εἶναι
966 905 1139 984 γενέσθαι,
1163 902 1217 966 καί
1238 905 1355 987 τρίτον
1371 899 1449 966 ἐστίν

238 999 339 1072 αὖτοῦ
361 998 601 1090 σημαινόμενον
623 1003 662 1066 τό
684 996 831 1086 ὑπάρχον
851 1006 922 1084 μέν,
943 999 1025 1088 μήτε
1047 1003 1083 1068 δέ
1104 1001 1237 1088 γενητὸν
1258 1002 1341 1090 μήτε
1360 997 1451 1088 ἀρχήν

239 1104 372 1193 ἐσχηκός
400 1103 447 1181 τίς
474 1101 514 1168 τὸ
537 1097 637 1180 εἶναι,
668 1095 736 1167 ἀλλ’
761 1095 871 1168 ἀίδιον
894 1096 932 1168 όν
953 1105 1006 1169 καί
1030 1098 1254 1190 ἀδιάφθορον.
1299 1105 1380 1181 ἴσως
1399 1105 1451 1186 μὲν

239 1197 296 1275 οὖν
318 1205 377 1285 τὰς
398 1203 535 1290 πρώτας
556 1201 615 1269 δύο
638 1203 788 1281 διανοίας
803 1205 987 1288 παρελθεῖν
1002 1203 1203 1290 ἐθελήσουσι
1224 1203 1301 1272 ΙΙδιὰ
1325 1203 1364 1270 τὸ
1378 1203 1452 1271 ἐκεῖ·

236 1313 301 1378 θἐν
323 1306 468 1376 ἀτοπον·
491 1303 574 1370 κατὰ
595 1301 656 1389 γὰρ
679 1302 736 1390 τήν
758 1304 893 1389 πρώτην
916 1305 1010 1372 ἔσται
1030 1305 1072 1372 τό
1092 1331 1129 1373 τε
1150 1303 1212 1394 ήδη
1234 1304 1451 1392 γενόμενανιαί

238 1409 280 1478 τὰ
307 1405 563 1494 προςδοκώμενα
592 1410 750 1489 γενέσθαι
771 1399 926 1494 ἀγένητα·
954 1406 1074 1492 τὸγὰρ
1098 1407 1249 1492 δεύτερον
1272 1409 1374 1474 πλέον
1395 1407 1454 1488 ἔχει

236 1510 355 1578 τούτου
377 1507 415 1574 τὸ
439 1504 575 1574 ἀτοπον.
621 1503 679 1572 έπὶ
701 1505 736 1572 δὲ
758 1504 816 1592 τήν
838 1505 950 1594 τρίτην
972 1507 1093 1574 λοιπὸν
1107 1510 1302 1592 βαδιοῦνται
1316 1503 1383 1574 κατ’
1400 1501 1455 1572 αό-
1490 1521 1492 1526 ’

238 1612 296 1700 τήν
329 1606 544 1692 ὀνομάζοντες
575 1605 615 1672 τὸ
652 1601 814 1694 ἀγένητον.
860 1603 945 1676 ἀλλὰ
971 1611 1024 1676 καί
1054 1614 1152 1676 τοῦτο
1185 1611 1334 1695 λέγοντες
1366 1603 1455 1676 οὐδέν

238 1703 336 1801 ἧττόν
358 1711 442 1779 είσιν
465 1704 604 1794 ἀσεβεῖς.
651 1708 680 1774 εἰ
701 1707 761 1794 γὰρ
786 1709 891 1796 τὸμὴ
915 1710 987 1792 ἕχον
1010 1707 1109 1797 ἀρχὴν
1132 1711 1180 1790 είς
1200 1710 1238 1776 τὸ
1261 1706 1356 1790 εἶναι,
1378 1711 1456 1798 μηδὲ

237 1813 371 1903 γενητὸν
393 1807 414 1901 ή
434 1809 576 1889 κτιστύν,
601 1805 669 1876 ἀλλ’
695 1805 805 1877 ἀίδιον
828 1807 874 1890 όν,
898 1815 996 1878 τοῦτο
1019 1813 1169 1898 λέγουσιν
1191 1807 1362 1898 ἀγένητον,
1384 1833 1457 1878 τοο·

238 1921 369 1982 ναντίον
393 1914 429 1980 δὲ
451 1915 585 1978 οτοῦτον
608 1905 693 1978 εἶναι
714 1910 772 1977 τόν
793 1917 877 1979 θεοῦ
901 1911 1007 1998 λόγον,
1030 1919 1082 1990 τίς
1103 1908 1141 1980 οὐ
1164 1916 1287 2000 συνορᾷ
1301 1913 1361 1998 τήν
1375 1937 1457 1980 παν-

237 2020 372 2100 ουργίαν
395 2016 460 2080 τῶν
485 2011 678 2096 θεομάχων,·
710 2018 761 2091 τίς
783 2007 841 2079 οὐκ
863 2007 903 2081 ἀν
926 2008 1045 2093 αὐτοὺς
1068 2011 1154 2080 οότιο
1169 2018 1389 2099 μαινομένους
1402 2039 1458 2080 κα-

238 2113 476 2195 ταλιθώσειενς
510 2112 625 2198 ἐπειδὴ
653 2112 714 2200 γὰρ
744 2113 954 2197 αἰσχύνονται
981 2120 1162 2202 προφέρειν
1196 2115 1245 2182 ἔτι
1274 2113 1317 2181 τὰ
1344 2117 1460 2200 πρῶτα

238 2221 305 2284 τῶν
327 2215 446 2300 μόθων
469 2214 594 2282 ἑαυτῶν
615 2214 762 2300 λογάρια,
787 2211 837 2303 ἐφ’
856 2211 906 2294 οἷς
928 2215 1213 2304 κατεγνώσθησαν,
1238 2213 1346 2293 ἀλλως
1361 2213 1461 2282 πάλιν

155 2315 325 2386 νονταότά
358 2323 527 2404 σημαίνειν
551 2313 734 2401 ἐπενόησαν
757 2318 789 2382 ol
818 2318 960 2386 δείλαιοι
987 2316 1043 2386 διὰ
1070 2322 1128 2384 τοῦ
1152 2313 1314 2402 ὀνόματος
1335 2320 1393 2384 τοῦ
1416 2312 1460 2394 ὡς

240 2417 336 2488 αὐτοὶ
358 2420 507 2504 λέγουσιν
529 2411 694 2505 ἀγενήτου.
739 2417 769 2486 εἰ
790 2418 850 2506 γὰρ
874 2415 892 2484 ό
915 2418 986 2498 υίὸς
1007 2423 1073 2486 τῶν
1095 2422 1237 2507 γενητῶν
1259 2418 1340 2496 ἐστι,
1365 2419 1460 2504 δηλο·

240 2521 313 2592 νότι
335 2519 370 2599 ἐξ
391 2513 449 2585 οόκ
471 2514 575 2584 ὄντων
596 2516 653 2584 καὶ
675 2513 773 2598 αότός
793 2525 918 2606 γέγονε,
950 2520 1006 2587 καὶ
1027 2521 1057 2588 εἰ
1079 2515 1177 2608 ἀρχὴν
1200 2520 1345 2602 ἔχειτοῦ
1368 2513 1460 2595 εἶναι,

239 2619 298 2692 οόκ
325 2612 365 2710 ἦν
392 2619 457 2708 ἀρα
485 2620 566 2706 πρὶν
593 2624 752 2708 γεννηθῇ,
781 2625 834 2689 καί
858 2623 887 2689 εἰ
907 2621 952 2709 μή
976 2621 1065 2690 ἐστιν
1088 2617 1211 2702 ἀίδιος,
1241 2611 1281 2709 ήν
1302 2643 1388 2688 ποτε
1411 2615 1463 2687 ὅτε

325 3030 376 3091 29.
414 3020 506 3092 Ἔδει,
524 3015 582 3091 οάν
603 3027 707 3090 ταῦτα
728 3021 831 3088 πάλιν
855 3017 973 3101 αὐτοὺς
995 3025 1199 3111 φρονοῦντας
1214 3023 1248 3090 έν
1263 3017 1377 3101 αὐτοῖς
1393 3033 1463 3102 τοῖς

241 3126 341 3202 ἰδίοις
367 3120 496 3192 ἀὐτῶν
525 3125 649 3212 ῥήμασι
671 3130 842 3211 σημαίνειν
864 3123 989 3192 έαυτιῖνν
1009 3125 1069 3214 τήν
1091 3126 1312 3212 ἑτεροδοξίαν,
1341 3126 1398 3190 καὶ
1421 3122 1462 3210 μή

240 3229 279 3312 τῇ
302 3225 388 3303 λέξει
409 3225 512 3308 δῆθεν
533 3227 592 3291 τοῦ
614 3219 770 3311 ἀγενήτου
792 3231 925 3293 σκέπειν
948 3225 1073 3294 ἑαυτῶν
1094 3225 1152 3315 τήν
1173 3226 1356 3294 λακόνοιαν.
1392 3219 1461 3292 ἀλλ’

240 3321 279 3392 οὐ
308 3329 447 3393 ποιοῦσι
467 3329 565 3392 τοῦτο
587 3327 620 3392 οί
641 3325 832 3413 κακοήθεις,
863 3325 974 3394 πάντα
995 3329 1032 3394 δὲ
1053 3328 1136 3396 κατὰ
1156 3328 1215 3395 τὸν
1236 3331 1365 3412 πατέρα
1388 3328 1465 3395 ἑαυ-

241 3431 306 3493 τῶν
334 3424 392 3492 τὸν
422 3423 579 3511 διάβολον
600 3426 685 3511 μετὰ
706 3435 909 3514 πανουργίας
931 3428 1144 3516 πράττουσιν.
1190 3425 1235 3508 τός
1255 3427 1317 3518 γάρ
1341 3427 1465 3506 ἐκεῖνος

240 3527 324 3614 μετὰ
345 3523 527 3612 ἀλλοτρίων
548 3525 736 3612 ένδνμάτων
760 3525 892 3598 ἀπατᾶν
915 3529 1083 3615 ἐπιχειρεῖ,
1107 3527 1212 3608 οὕτως
1227 3519 1321 3596 οὗτοι
1335 3527 1374 3595 τὸ
1391 3523 1464 3616 ἀγέ·

241 3652 338 3718 νητον
360 3624 532 3712 ὀνομάζειν
555 3628 752 3717 ἐπενόησαν,
783 3633 838 3698 ἵνα
865 3631 1149 3716 προςποιοόμενοι
1176 3630 1234 3698 τὸν
1257 3628 1339 3698 θεὸν
1362 3625 1465 3720 εὐφη-

238 3741 314 3818 μεῖν
346 3735 563 3817 καιρομμένην
596 3731 694 3814 ἔχωσι
727 3733 786 3820 τήν
813 3730 897 3803 κατὰ
921 3735 981 3798 τοῦ
1009 3738 1122 3816 κυρίου
1149 3733 1375 3820 βλαςφημίαν,
1412 3725 1465 3796 καὶ

239 3832 324 3920 μετὰ
345 3828 555 3914 καλύμματος
576 3826 677 3918 αότήν
700 3831 813 3912 ἀλλοις
835 3839 1048 3920 σημαίνωσιν.
1087 3827 1248 3898 ἀλλὰκαὶ
1269 3831 1389 3898 τούτου
1406 3833 1463 3897 τοῦ

241 3941 449 4023 σοφίσματος
470 3925 595 3999 ἀὐτῶν
617 3939 834 4017 γνωσθέντος,
858 3940 892 4000 τί
914 3931 978 4018 ἀρα
993 3931 1096 4000 πάλιν
1112 3927 1226 4012 αὐτοῖς
1242 3933 1351 4019 ἕτερον
1367 3957 1464 4017 περι-

240 4037 407 4116 λείπεται,
436 4035 626 4119 λεγέτωσαν.
673 4029 822 4120 εὕρομεν,
847 4033 951 4124 φασίν
974 4034 1005 4099 οί
1027 4037 1215 4120 κακοῦργοι,
1244 4037 1300 4100 καὶ
1327 4057 1466 4120 προςτι-

239 4141 356 4216 θέντες
377 4147 449 4215 τοῖς
469 4139 646 4222 προτέροις
668 4134 817 4220 λέγουσιν
836 4129 990 4220 ἀγένητον
1013 4129 1233 4215 εἶναιτοῦτο,
1262 4133 1301 4200 τό
1323 4131 1369 4222 μή
1394 4133 1464 4215 ἕχον

240 4239 299 4302 τοῦ
321 4231 406 4303 εἶναι
427 4235 484 4304 τὸν
505 4236 630 4318 αἴτιον,
654 4229 813 4303 ἀλλὰκαὶ
835 4245 907 4314 τοῖς
929 4245 1076 4322 γενητοῖς
1098 4230 1198 4302 αάτὸν
1220 4235 1330 4302 αἴτιον
1352 4235 1402 4314 είς
1423 4231 1461 4298 τὸ

239 4341 398 4422 γενέσθαι
418 4335 625 4422 τυγχάνοντα.
671 4331 844 4422 ἀχάριστοι
865 4335 921 4403 καὶ
934 4339 981 4422 τῷ
998 4333 1070 4402 ὄντι
1084 4338 1151 4402 τῶν
1164 4341 1301 4424 γραφῶν
1317 4329 1461 4422 ἀνήκοοι,

274 4509 296 4544 ν.
314 4493 354 4544 Sic
371 4493 467 4555 nesius.
503 4493 565 4543 Εδίιὶ
583 4509 638 4545 vero
657 4487 753 4560 φησίν.
908 4493 931 4542 h.
952 4492 1084 4556 Ιιιίῖες.εί
1095 4493 1167 4542 διεδ.
1202 4493 1279 4544 Editio
1298 4500 1378 4544 εαίειο
1392 4491 1465 4542 Com-

180 4565 185 4579 '
875 4561 931 4612 σιεί.
949 4553 997 4610 διδ
1014 4573 1044 4610 τε
1061 4553 1175 4610 ίτεῖθεν.
