3072 5056
239 309 300 372 104
634 321 660 364 ε.
677 319 832 364 nummu
846 317 1071 364 ιιιατιευιεεονι

149 462 334 536 τοικαῦτόν
362 468 411 548 (αἱ
437 467 499 554 γὰρ
527 469 594 534 τιῦν
613 459 804 558 Ἀρειανιῦν
820 461 904 551 ύπὲρ
927 459 1028 534 αύτοῦ
1051 463 1241 553 προφάσεις
1261 466 1368 534 αλτίιιι
1388 461 1448 534 κατ’

235 567 336 638 αύτυῦ
357 567 573 656 τυγχάνουσι),
596 565 631 635 τί
651 566 852 654 ποιήσουσιν
875 561 1047 646 ἀκούοντες
1068 569 1123 636 καί
1145 569 1211 634 τιῦν
1232 567 1383 654 μεγάλων
1402 571 1450 636 καί

234 680 403 758 μακαρίων
423 667 638 738 Ἀποστόλων
661 669 695 736 έν
717 679 792 748 ταῖς
813 667 965 754 πράξεσι,
987 672 1047 736 τοῦ
1069 669 1130 754 μὲν
1145 674 1275 754 Πέτρου
1291 670 1450 756 λέγοντος·

236 770 352 860 ἄνδρες
370 767 576 860 Ἰσραηλῖται,
600 766 762 838 ἀκούσατε
782 769 860 849 τοῦς
874 770 992 857 λόγους
1005 769 1151 850 τούτους.
1178 765 1301 858 Ἰησοῦν
1315 770 1374 838 τὸν
1388 777 1452 838 Να-

235 875 393 962 ζωραῖον,
421 871 526 961 ἀνδρα
547 867 827 964 ἀποδεδειγμένονΙ
847 865 916 938 ἀπὸ
938 875 996 938 τοῦ
1017 874 1103 938 θεοῦ
1126 870 1173 952 είς
1193 867 1280 959 ἡμᾶς
1302 871 1453 956 δυνάμεσι

234 977 289 1044 καί
310 981 426 1062 τέρασι
446 978 500 1043 καί
524 981 687 1064 σημείοις,
717 967 769 1053 οἷς
797 973 952 1061 ἐποίησεν
976 968 994 1040 δ
1015 972 1098 1052 θεὸς
1120 969 1167 1040 δι’
1192 967 1293 1040 αύτοῦ
1317 973 1452 1062 ἐνμέσῳ

235 1072 343 1162 δμῶν,
371 1076 487 1156 καθὼς
515 1076 643 1156 οῖ’δατε,
677 1079 795 1142 τοῦτον
822 1077 862 1162 τῇ
886 1070 1051 1162 ὡρισμένη
1073 1076 1176 1163 βουλῇ
1198 1078 1253 1142 καί
1275 1074 1454 1162 προγνώσει

163 1231 165 1236 .
236 1179 314 1244 ’τοῦ
334 1181 419 1246 θεοῦ
449 1177 580 1244 ἔκδοτον
609 1174 667 1243 διά
697 1178 816 1262 χειριῦν
844 1171 978 1260 ἀνόμων
999 1175 1249 1262 προςντήξαντες
1271 1170 1450 1256 ἀνείλατ’),

234 1281 289 1346 καὶ
311 1279 431 1346 πόλιν·
453 1277 487 1345 έν
509 1280 556 1364 τῷ
579 1272 718 1362 όνόματι
736 1272 840 1365 Ἰησοῦ
852 1281 1001 1364 Χριστοῦ
1012 1280 1072 1344 τοῦ
1084 1276 1293 1363 Ναζωραίου,
1319 1276 1356 1344 ὃν
1371 1273 1453 1362 ῦμιῖς

236 1379 474 1466 ἐσταυρώσατε,
498 1376 535 1444 ὃν
558 1373 576 1444 δ
597 1377 681 1457 θεὸς
701 1377 829 1466 ἤγειρεν
852 1378 887 1446 έκ
908 1381 1038 1474 νεκρῶν,
1062 1376 1225 1464 ἐντούτῳ
1247 1367 1347 1458 οὗτος
1361 1383 1455 1464 παρί-

236 1505 351 1569 στηκεν
374 1479 518 1548 ἐνώπιον
541 1475 632 1565 ῦμιῦν
653 1475 784 1568 ύγιής’),
808 1484 867 1548 τοῦ
890 1482 927 1548 δὲ
942 1479 1079 1548 Παύλου
1097 1479 1313 1568 ἐξηγουμένου
1336 1479 1370 1546 έν
1387 1474 1454 1546 ’Λν-

235 1588 361 1670 τιοχείρ
382 1585 440 1669 τῆς
462 1581 657 1662 Ι’Πισιδίας,
688 1578 742 1650 ὅτι
769 1582 978 1670 μεταστήσας
999 1578 1018 1648 ό
1039 1581 1122 1661 θεὸς
1142 1580 1200 1648 τὸν
1222 1580 1336 1648 Σαούλ
1357 1579 1454 1668 ἤγειρε

235 1682 293 1752 τὸν
313 1683 425 1769 Δαβὶδ
446 1683 494 1762 είς
513 1684 662 1770 βασιλέα,
686 1671 714 1770 ᾧ
734 1689 789 1750 καί
811 1678 887 1752 εἶπε
907 1682 1132 1772 μαρτυρήσας·
1157 1671 1251 1767 εὗρον
1271 1683 1386 1770 Aemo
1405 1681 1453 1748 τὸν

149 1804 228 1850 m.
235 1789 296 1854 τοῦ
315 1781 441 1866 Ἰεσσαί,
464 1783 586 1870 ἀνδρα
606 1786 691 1866 κατὰ
709 1785 769 1870 τὴν
790 1785 927 1872 καρδίαν
941 1809 1016 1870 μου,
1034 1783 1071 1864 ὃς
1085 1783 1223 1870 ποιήσει
1233 1783 1276 1851 τά
1286 1783 1453 1874 θελήματά

234 1911 309 1974 μου.
353 1886 471 1954 τούτου
502 1883 520 1952 δ
548 1886 631 1966 θεὸς
658 1881 729 1954 ἀπὸ
757 1890 815 1953 τοῦ
838 1893 1029 1974 σπέρματος
1050 1881 1121 1962 κατ’
1145 1885 1345 1972 ἐπαγγελίαν
1367 1883 1454 1972 ἤγαγε

234 1991 282 2074 τῷ
301 1984 427 2074 Ἰσραὴλ
449 1989 582 2074 στατῆρα
600 1983 760 2076 Ἰησοῦνθ),
784 1992 837 2056 καί
853 1989 956 2056 πάλιν
973 1987 1007 2056 ἐν
1022 1999 1097 2068 ταῖς
1109 1985 1289 2074 Ἀθήναις·
1310 1987 1391 2067 τοῦς
1402 1989 1453 2072 μὲν
1520 2003 1521 2054 i

236 2077 293 2154 οῦν
318 2086 455 2172 χρόνους
483 2091 542 2175 τῆς
569 2083 703 2174 ἀγνοίας
725 2084 892 2176 ύπεριδιῦν
915 2086 933 2156 δ
955 2089 1055 2170 θεός,
1078 2088 1199 2156 τὰνῦν
1222 2089 1454 2176 ὖπαραγγέίδει
1520 2079 1521 2136 ί

234 2192 306 2268 τοῖς
327 2183 534 2275 ἀνθρώποις,
558 2189 686 2269 πάντας
699 2194 869 2276 πανταχοῦ
883 2203 1072 2276 μετανοεῖν·
1095 2189 1219 2258 καθότι
1230 2190 1372 2279 Ιῦστησεν
1385 2186 1454 2279 ἦμέ-

236 2315 312 2378 ραν,
343 2289 377 2357 όν
403 2279 425 2377 ᾗ
446 2290 558 2374 μέλλει
579 2297 699 2378 κρίνειν
721 2291 781 2379 τὴν
803 2291 995 2382 οἰκουμένην
1018 2292 1052 2360 έν
1074 2291 1281 2379 δικαιοσύνη,
1311 2292 1348 2360 ἒν
1372 2288 1454 2376 ἀνδρί

235 2380 263 2479 ᾧ
285 2387 406 2478 ὥρισε,
426 2397 542 2458 πίστιν
564 2391 746 2478 παρασχὼν
767 2396 888 2474 πᾶσιν,
913 2389 1100 2481 ἀναστήσας
1122 2387 1222 2461 αύτὸν
1244 2393 1279 2461 ἐκ
1300 2395 1452 2481 νεκρῦν’),

233 2487 256 2582 ἢ
276 2492 448 2582 Στεφάνου
470 2495 530 2559 τοῦ
551 2494 710 2580 ’μεγάλου
731 2494 905 2581 μάρτυρος,
931 2491 1010 2562 όταν
1032 2497 1125 2583 λέγη·
1149 2494 1222 2562 ἰδοὺ
1243 2499 1369 2581 θεωρῶ
1388 2491 1454 2570 τοῦς

234 2590 394 2680 οὐρανούς
426 2594 687 2683 διηνοιγμένους,
720 2599 774 2664 καί
807 2595 866 2663 τὸν
893 2595 964 2664 υίόν
993 2600 1051 2664 τοῦ
1082 2593 1267 2683 ἀνθρώπου
1289 2596 1325 2664 ἐκ
1348 2596 1453 2676 δεξιῶν

234 2695 363 2765 ἑστιῦτα
384 2699 443 2762 τοῦ
465 2701 595 2783 θευῦλγς
624 2694 695 2784 ιῦρα
716 2697 792 2783 ’γάρ
821 2695 942 2764 λοιπὸν
965 2692 1085 2778 αύτούς
1105 2705 1160 2765 καὶ
1182 2701 1239 2765 νῦν
1262 2690 1455 2782 ἀποθρασύ-

233 2803 356 2866 νεσθαι
377 2799 432 2864 καλ
454 2798 559 2884 λέγειν
581 2795 689 2878 (οὐδὲν
710 2797 772 2886 γὰρ
795 2793 908 2878 αύτοῖς
930 2794 1136 2886 ἀτόλμητον),
1161 2795 1214 2866 ότι
1235 2800 1289 2865 καὶ
1312 2793 1406 2866 αύτοί
1427 2793 1455 2862 oi

235 2893 421 2966 ἀπόστολοι
441 2892 633 2986 τάἈρείου
655 2899 833 2988 ἐφρόνουν·
856 2898 1041 2984 ἄνθρωπον
1055 2901 1116 2988 γάρ
1138 2895 1228 2968 Ιἀπὸ
1243 2899 1397 2986 Ναζαρὲτ
1407 2896 1453 2962 καί

234 2998 392 3085 παθητὸν
412 2996 471 3063 τὸν
492 2998 642 3082 Χριστὸν
664 2995 937 3087 ἀπαγγέλλουσιν.

321 3103 350 3165 8.
392 3091 538 3164 Ἐκείνων
565 3106 676 3166 τοίνυν
705 3105 845 3168 τοιαῦτα
873 3101 1142 3189 φανταζομένων,
1177 3091 1227 3187 ἀρ’
1251 3100 1370 3188 ἐπειδὴ
1391 3107 1455 3176 τοῖς
1519 3115 1520 3154 1

233 3197 379 3285 1’ῥήμασι
400 3195 531 3278 τούτοις
553 3198 741 3287 ἐχρήσαντο,
764 3201 867 3286 μόνον
890 3199 1075 3290 ἄνθρωπον
1089 3201 1225 3292 ᾔδεισαν
1239 3201 1298 3269 τόν
1312 3199 1454 3290 Χριστὸν

233 3299 267 3366 ολ
296 3295 483 3368 ἀπόστολοι
503 3304 557 3368 καί
580 3303 683 3368 πλέον
705 3297 819 3386 υύδέν,
850 3302 896 3392 μὴ
925 3309 1070 3389 γένοιτο·
1100 3299 1158 3370 οὐκ
1190 3303 1279 3372 ἔστιν
1309 3299 1386 3371 οὐδὲ
1411 3300 1454 3378 είς

233 3401 311 3467 νοῦν
337 3403 435 3466 τοῦτο
465 3403 579 3490 λαβεῖν
606 3425 706 3472 ποτε·
735 3400 894 3474 ἀλλὰκαὶ
916 3409 1015 3473 τοῦτο
1038 3401 1083 3485 ὥς
1105 3400 1327 3492 ἀρχιτέκτονες
1356 3398 1454 3492 σοφοὶ

232 3502 287 3568 καί
316 3499 487 3586 οἰκονόμοι
512 3511 702 3592 μυστηρίων
722 3509 794 3573 ‘voi
824 3511 909 3576 θεοῦ
932 3505 1153 3595 πεποιήκασι,
1181 3509 1236 3573 καὶ
1263 3505 1323 3594 τὴν
1351 3505 1455 3574 αἰτίαν

234 3601 363 3688 ἔχουσιν
392 3601 543 3691 εὔλογον·
575 3604 691 3693 ἐπειδὴ
718 3607 780 3693 γάρ
803 3608 836 3675 ολ
857 3608 934 3678 τότε
952 3605 1120 3689 Ἰουδαῖοι,
1154 3608 1384 3696 πλανηθέντες
1402 3609 1456 3670 ιτι

232 3705 285 3771 καὶ
308 3703 536 3792 πλανήσαντες
549 3701 714 3795 Ἕλληνας,
738 3707 888 3795 ἐνόμιζον
909 3708 967 3778 τὸν
981 3709 1130 3796 Χριστόν
1152 3708 1256 3794 ψιλὸν
1277 3706 1456 3795 ἄνθρωπον

302 3925 326 3986 1)
343 3925 394 3978 λιι.
412 3925 437 3988 λ,
455 3926 565 3980 22-24.
634 3929 660 3990 2)
678 3929 771 3992 λαοί,
792 3931 832 3984 1⁰.
901 3929 1173 3992 3)λεῐ.13,22.23.
1242 3929 1269 3994 4)
1287 3933 1337 3982 Διί.
1360 3931 1399 3992 ῖῖ,
1417 3927 1453 3978 30.
1518 3981 1519 3990 ,

231 3991 273 4044 31.
343 3991 710 4064 5)λτι,”ί,5δ[55.ῖσ1ς.].
1359 4021 1367 4032 ·

264 4125 354 4203 αυτοῦ
372 4129 396 4178 iu
415 4132 485 4181 editis
505 4131 672 4182 desideratur:
697 4131 740 4182 ιιδ
757 4129 818 4196 iegi-
869 4131 918 4182 Sed
936 4131 960 4182 in
978 4131 1078 4198 ιιῐῑηυῑε
1097 4145 1172 4194 σοι,
1195 4133 1220 4182 in
1244 4133 1358 4184 οαοὶῖιοι
1387 4129 1452 4181 editis
1518 4163 1519 4168 =

231 4198 271 4241 ιιτ
294 4207 318 4241 ιιι
342 4197 455 4248 omnibus
481 4199 605 4250 codicibus
632 4206 656 4248 ιι
682 4198 707 4248 in
725 4199 817 4250 Graeco
870 4207 894 4248 ιι
918 4199 942 4249 in
967 4199 1059 4250 δτιιεα
1084 4200 1225 4265 Scriptum
1254 4208 1319 4252 textu
1347 4199 1452 4250 habetur.
1518 4215 1519 4256 i

231 4258 370 4322 Scriptum
388 4269 461 4314 ιειιυ.
498 4265 588 4317 ibidem
607 4265 705 4316 Τευτίο.
730 4267 774 4315 Ιει.
795 4274 819 4316 ει
869 4265 922 4316 λῖοι
939 4258 1030 4314 πάντα
1054 4269 1078 4317 in
1103 4267 1201 4318 Tuniin.
1220 4269 1267 4318 ῖει.
1285 4267 1326 4320 ir.
1344 4267 1365 4318 1.
1393 4273 1416 4316 ιι
1433 4263 1455 4312 λι
1518 4257 1519 4315 i

231 4325 338 4376 Graecus
362 4329 414 4376 Scri
435 4338 502 4382 ιυιεε
525 4341 603 4382 textui
631 4325 678 4381 διά
701 4330 815 4402 χειροῖν,
870 4335 963 4384 Graeco
981 4335 1068 4400 Script
1088 4341 1151 4386 ῖιιιυ
1179 4335 1281 4398 iegitur,
1307 4337 1332 4385 in
1356 4329 1452 4398 reliquis

231 4391 272 4442 aiii
290 4400 315 4442 ει
332 4392 390 4472 cdiii
407 4343 454 4442 διὰ
466 4409 502 4461 γε
531 4395 569 4451 (ic.
655 4459 664 4480 ,
869 4414 928 4450 mu.
948 4409 972 4450 ιι
989 4403 1012 4451 in
1033 4401 1103 4452 editis
1121 4402 1283 4453 δευίόετιιυτ.

265 4459 289 4510 b.
307 4460 405 4537 Ίζιιιτιο.
424 4470 447 4512 ιι
465 4465 503 4513 Fr.
530 4495 537 4511 .
555 4461 701 4521 ιιιτοιδιαε.
903 4467 928 4518 δ.
946 4467 986 4518 sic
1004 4483 1090 4520 οατει
1107 4469 1164 4520 editi
1183 4478 1207 4520 ιι
1225 4471 1332 4522 Graeca·
1346 4469 1454 4533 Scriptu-

266 4542 288 4578 τ.
312 4519 401 4598 ανδρα
424 4529 494 4581 deest
520 4531 544 4581 in
568 4531 666 4585 ῖιετία.
691 4534 745 4586 Coi.
769 4533 816 4586 ies.
869 4549 911 4586 ττι
935 4543 1020 4588 textus.
1062 4538 1120 4600 fleg.
1147 4527 1327 4604 ἀπαγγέλλει,
1357 4535 1452 4588 Taurii.
