3072 5056
355 343 500 388 arrsroou
515 344 553 388 oe
568 341 711 388 ιιιιιιιιιτιι
726 343 871 386 ιιιιιιιιιιιιι
888 343 1008 388 ιιιιοιιι.
1255 331 1296 392 75

83 494 218 557 Sdratore
240 493 424 566 dictasunt,
452 493 592 567 ediderit,
621 492 671 572 qui
700 492 772 556 item
792 491 888 556 Patris
917 505 985 556 ante
1008 493 1160 574 synodum
1188 493 1383 558 lisdemrnar.

81 598 121 658 osi
140 596 264 670 inerint,
286 596 346 677 ipsi
368 605 476 668 antem,
500 595 526 656 si
548 594 650 674 ntique
671 594 801 673 possint,
823 595 1034 674 respondeant,
1057 613 1184 674 quonam
1208 598 1297 660 modo

80 697 130 760 hoe
148 695 338 771 vocabulum,
359 697 438 776 quod
461 695 580 776 quidem
601 695 633 756 in
655 695 805 774 Scriptura
827 713 888 758 non
911 705 1023 769 exstat,
1050 697 1229 776 repererint,
1252 698 1299 760 vel

81 817 131 877 qno
149 817 242 861 sensu
263 797 357 860 Reum
380 799 581 860 non-laetum
603 796 711 858 dicant.
755 795 908 876 Siquidem
940 797 1047 859 multas
1071 783 1139 860 huie
1160 799 1224 859 vooi
1247 799 1296 864 in-

82 918 139 962 esse
158 899 390 978 signilirotlones
412 899 519 961 rudivi.
563 898 653 960 Aiunt
674 897 757 972 enim,
775 899 964 962 non-laetum
980 899 1047 970 diei,
1071 901 1148 978 qnod
1165 901 1297 964 nondum

81 1002 173 1062 ledum
197 1011 255 1074 est,
277 1009 378 1081 potest
399 1008 497 1062 tamen
518 999 600 1074 lleri3
622 999 704 1074 item,
727 999 806 1078 quod
829 1017 885 1062 neo
903 1000 1013 1074 existit,
1035 1019 1091 1062 nee
1111 1001 1174 1062 fieri
1196 1011 1298 1081 potest

82 1109 109 1162 nt
125 1101 175 1164 sit:
200 1101 299 1172 tertio,
322 1101 401 1180 qnod
424 1099 525 1162 existit
546 1099 675 1180 quidem,
698 1119 753 1162 neo
769 1109 868 1162 temen
885 1111 930 1162 est
951 1102 1071 1174 laetum,
1093 1119 1189 1182 oeque
1211 1103 1297 1182 prin-
1338 1155 1343 1164 .

81 1205 176 1281 eipiom
198 1202 302 1264 hebuit
323 1212 356 1263 ut
378 1209 466 1274 esset,
491 1203 543 1264 sed
567 1201 645 1280 qnod
668 1211 822 1264 oeternum
845 1210 874 1264 et
895 1203 1099 1282 incorruptum
1122 1210 1177 1264 est.
1220 1203 1297 1266 For·

81 1305 157 1366 tonsis
180 1304 300 1384 quidem
322 1302 439 1382 priores
460 1304 533 1366 duas
555 1303 786 1382 significationes
809 1303 984 1376 reieoerint‚
1013 1304 1052 1366 ob
1075 1323 1108 1366 ea
1131 1321 1205 1382 quse
1229 1303 1298 1366 iude

81 1405 245 1484 proveniunt
266 1404 404 1466 absurde.
448 1404 479 1466 Si
501 1405 580 1467 enim
602 1404 696 1483 primo
720 1405 889 1468 admittetur
913 1405 1098 1485 significatio,
1121 1413 1201 1466 uerte
1223 1423 1298 1483 qnae

81 1506 129 1568 iam
148 1510 223 1568 lenta
245 1515 330 1578 sunt,
360 1515 389 1567 et
410 1525 485 1585 mnne
506 1506 572 1566 fieri
594 1505 720 1579 debent,
748 1507 918 1580 non-laeta
940 1513 1028 1568 erunt
1048 1504 1181 1568 dicenda.
1222 1498 1298 1568 Nam

80 1607 148 1684 qnod
169 1607 206 1668 ad
227 1607 388 1668 seoundam
410 1605 524 1682 attinet,
548 1624 583 1667 ea
604 1606 706 1685 utique
728 1606 822 1685 magis
845 1605 941 1668 adhue
955 1607 1010 1668 erit
1024 1607 1160 1669 absurda.
1194 1607 1299 1670 Restat

81 1707 168 1786 igitur,
188 1717 222 1771 nt
242 1708 358 1770 tertiam
380 1708 593 1787 amplectentur
614 1715 701 1788 atque
724 1725 760 1768 eo
783 1726 874 1770 sensu
895 1707 971 1770 hene
984 1727 1086 1770 vocem
1102 1710 1299 1787 ιιιιι-[αιιιιιι

81 1808 242 1888 intelligent
287 1809 394 1870 Verum
417 1808 533 1870 etiamsi
556 1809 585 1870 id
601 1808 739 1881 dixerint,
762 1808 955 1870 nihilominus
977 1807 1059 1886 impii
1074 1808 1201 1870 habendi
1217 1818 1297 1873 sunt.

81 1909 107 1969 Si
126 1911 201 1972 enim
223 1909 304 1989 quod
326 1909 440 1974 nullum
460 1909 550 1971 habet
570 1909 762 1990 principium,
796 1928 832 1970 ex
853 1929 912 1988 quo
936 1909 990 1982 sit,
1013 1910 1152 1988 qnodque
1174 1917 1229 1972 ne'e
1250 1911 1296 1972 la·

81 2019 150 2072 dum
171 2010 215 2072 vel
237 2020 378 2083 meatum,
401 2011 455 2074 sed
476 2018 629 2073 aeternum
653 2017 708 2083 est,
730 2010 760 2072 id
783 2012 971 2072 non-laetum
991 2009 1148 2090 appellent,
1171 2018 1297 2074 oooteu·
1344 2035 1353 2048 .

82 2111 197 2192 deumne
219 2113 272 2174 Ilei
296 2111 423 2174 Verbum
445 2112 595 2176 munnio
618 2129 651 2174 se
674 2111 783 2174 habere
805 2112 916 2184 modo,
939 2111 986 2174 oui
1009 2129 1121 2190 quaeso
1143 2131 1204 2174 noo
1226 2129 1296 2193 per·
1430 2143 1436 2154 ·

83 2214 173 2291 epicos
195 2223 242 2276 est
265 2213 424 2294 impiorum
445 2212 577 2276 astutis?
621 2213 695 2285 Quis
718 2212 786 2273 illos
808 2213 848 2274 ita
869 2213 1051 2276 insanientes
1072 2212 1218 2292 lapidibus
1235 2231 1297 2276 non

84 2313 199 2375 obruat?
242 2315 316 2376 Cum
339 2315 418 2376 enirn
440 2315 559 2394 priores
582 2333 702 2378 snorum
725 2313 889 2376 fabularum
911 2313 1047 2388 vooules,
1077 2324 1202 2394 propter
1222 2329 1383 2394 quasnam.

84 2415 176 2476 merito
197 2425 268 2476 sunt
290 2415 494 2489 condemnati,
517 2416 576 2477 iam
598 2415 732 2494 prolerre
755 2415 945 2488 erubescant,
969 2417 1088 2478 easdem
1111 2435 1218 2478 rursus
1240 2417 1297 2478 alio

85 2515 162 2576 nodo
192 2517 314 2578 nomine
336 2515 512 2590 non-laeti,
543 2523 576 2578 ιιι
596 2516 654 2596 ipsi
676 2516 851 2598 loquuntur,
883 2516 1048 2596 excogitato
1070 2517 1206 2596 ingerere
1229 2527 1300 2579 sunt

87 2615 177 2678 oonrtl.
218 2617 293 2679 Nam
317 2617 343 2678 si
364 2617 457 2680 Filius
479 2617 557 2680 inter
577 2635 628 2680 res
650 2619 741 2680 laetas
764 2625 953 2688 numeretur,
983 2625 1061 2678 certo
1094 2618 1159 2695 ipse
1181 2637 1298 2698 qnoque

86 2733 117 2776 ex
134 2715 219 2780 nihilo
242 2725 290 2779 est
311 2719 422 2792 laetus3
446 2719 471 2780 si
494 2719 564 2782 item
587 2717 764 2798 principium
786 2717 931 2780 existendi
952 2717 1050 2789 babet,
1074 2735 1146 2778 sane
1161 2737 1221 2780 ιιοιι
1237 2727 1300 2780 erat

86 2825 142 2878 ante
161 2837 244 2898 qnam
267 2819 384 2898 genitus
407 2828 470 2894 est3
497 2820 626 2899 deniqne
655 2819 680 2880 si
709 2825 847 2882 aeternus
875 2837 936 2880 non
966 2825 1028 2891 est,
1060 2817 1116 2879 tuit
1143 2817 1298 2896 aliqnando

87 2933 141 2982 mn
159 2937 217 2980 non
239 2929 331 2982 esset.

157 3021 207 3083 29.
249 3019 388 3082 Proiecto
414 3021 482 3084 illos
504 3020 543 3083 ita
566 3022 665 3084 denuo
688 3021 852 3084 sentientes
874 3037 999 3100 aequum
1021 3027 1085 3082 erat
1106 3019 1212 3082 iisdem
1235 3021 1299 3083 suis

87 3117 169 3180 telis
195 3121 346 3200 propriam
375 3121 551 3184 sententiam
579 3121 761 3202 signifiare,
795 3139 857 3184 non
884 3129 981 3184 autem
1011 3139 1094 3184 suam
1127 3123 1298 3202 pravitatem

89 3235 146 3282 roeo
165 3223 313 3286 ιιοιι-ιιοιι
335 3222 484 3302 obtegere.
530 3223 637 3286 Verum
659 3223 688 3286 id
711 3241 799 3301 agere
820 3223 980 3286 noluerunt
1001 3224 1133 3301 perversi
1148 3221 1297 3296 homines,

91 3321 131 3380 sed
150 3323 244 3385 omnis
266 3321 391 3386 subdole
413 3325 450 3386 od
472 3324 638 3404 exemplum
667 3324 714 3387 sui
743 3325 835 3404 patris
866 3323 974 3386 ιιιιιιιιι
1003 3325 1110 3388 leoere.
1155 3325 1192 3386 Ut
1220 3325 1298 3387 enim

91 3419 127 3483 ille
144 3423 244 3486 alienis
268 3423 389 3487 indutus
411 3425 548 3488 restibus
569 3426 669 3488 tallere
692 3425 806 3497 nititur,
829 3425 869 3488 ιιι
891 3426 942 3487 isti
961 3425 1135 3488 venabulum
1150 3425 1298 3488 non-loeti

91 3525 289 3602 exmpitavere,
317 3535 349 3588 ut
379 3525 466 3606 digne
495 3528 532 3590 de
554 3527 616 3589 Deo
636 3527 718 3608 loqui
741 3526 915 3590 simulantes
939 3527 1052 3590 oeenlte
1074 3528 1215 3590 adversus
1236 3526 1298 3587 llo-

92 3622 184 3688 nionm
202 3629 373 3706 proterrent
392 3627 623 3709 blasphemiam,
653 3647 745 3708 qnam
773 3628 885 3692 scilieet
912 3647 978 3692 oum
1006 3626 1179 3692 huiusmodi
1210 3627 1298 3688 inro-

93 3719 158 3786 looro
177 3727 241 3792 aliis
264 3728 431 3792 innuerent.
466 3730 573 3792 Verum
596 3749 663 3792 enm
685 3731 835 3810 cognitum
857 3729 898 3792 sit
917 3729 975 3792 hoe
996 3731 1113 3794 illorum
1133 3727 1299 3800 artidoinm,

93 3825 147 3902 ιιιι
172 3827 226 3892 mm
256 3829 334 3893 alind
362 3829 420 3894 sibi
448 3831 581 3911 supersit
608 3831 819 3912 respondeant.
863 3829 1049 3904 Invenimus,
1078 3829 1214 3910 inquiunt
1241 3827 1299 3886 im-

92 3925 171 4002 probi,
192 3929 241 4010 qui
262 3929 404 3997 nimirum
426 3931 682 4018 prseterpriores
705 3933 936 4012 significationes
958 3933 1041 3996 aiunt
1062 3931 1092 3992 id
1109 3929 1300 3992 non-lantum

93 4033 251 4108 essequod
273 4049 335 4093 non
358 4030 447 4094 hebet
468 4033 614 4096 existendi
636 4053 755 4096 oausam
778 4034 840 4096 sive
862 4040 1023 4104 auctorem,
1051 4031 1105 4092 sed
1126 4031 1225 4109 ipsum
1247 4045 1297 4090 re·

91 4121 138 4184 hos
157 4129 235 4192 laetis
255 4132 403 4196 existendi
416 4151 514 4196 sonsa
536 4144 591 4196 est.
634 4133 745 4215 Ingrati
770 4153 842 4198 saoe
864 4133 907 4196 illi
927 4149 1057 4211 vereque
1079 4131 1299 4210 scripturorum
1405 4167 1412 4182 ·

96 4223 214 4304 inperiti,
234 4233 285 4312 qui
305 4251 367 4296 non
390 4243 422 4296 ιιι
443 4235 537 4296 ileum
559 4235 717 4310 honorent,
740 4235 794 4298 sed
816 4243 849 4296 nt
864 4233 969 4295 Filium
984 4231 1145 4314 ignominia
1160 4230 1297 4302 afficiant,

95 4321 154 4386 niul
173 4347 227 4392 non
248 4333 358 4395 lsoiunt
380 4335 426 4396 vel
448 4337 558 4398 dieunt.
601 4336 743 4400 Nesciunt
758 4335 902 4409 videlieet,
925 4333 1004 4412 quod
1016 4334 1075 4432 ⁸qui
1089 4333 1194 4395 Filium
1211 4349 1297 4410 sper-

157 4479 211 4542 tege
229 4480 342 4534 τούτων.
747 4505 768 4538 ι.
787 4487 828 4538 Sic
847 4486 904 4554 lter.
939 4487 968 4538 u
985 4487 1026 4540 olii
1045 4496 1067 4540 ιι
1086 4488 1143 4538 editi
1162 4474 1264 4536 ettae.

159 4545 208 4610 lter.
224 4543 333 4600 temer.

123 4489 140 4523 r.

125 4541 144 4590 d.
