3110 5064
674 307 847 362 amerino.
1351 308 1369 366 7

143 465 308 528 advertisse
322 464 414 546 idque
430 464 490 528 sihi
503 466 714 546 proposuisse,
730 476 762 528 ut
776 467 953 549 praecipuos
966 488 1071 534 eorum
1081 477 1222 536 uectatus
1233 472 1373 554 seligeret

142 579 173 630 et
192 567 317 630 iunctim
340 568 453 642 ederet,
477 587 535 648 quo
559 565 705 646 mentogh
726 569 892 646 paratiores
915 579 1027 634 essent.
1070 571 1104 636 ld
1119 593 1190 638 vero
1204 593 1243 638 ne
1258 584 1371 638 temem

141 668 401 732 dietumrideatur
421 669 480 732 hoc
501 669 636 742 consilio,
659 676 690 728 ut
712 687 808 732 meam
832 670 1065 752 qualemcunque
1087 692 1208 754 operam
1229 675 1370 740 ueritatis

141 769 227 832 titulo
254 769 421 834 lectoribus
449 770 679 843 commendem,
703 767 898 836 bibliothecas
931 781 1048 852 patrum
1076 775 1201 843 selectae
1229 777 1371 860 opuscula

141 871 310 951 dogmatica
337 871 526 936 continentes
561 881 591 936 et
625 870 871 935 chrestomnthias
900 873 1067 954 patrioticas
1099 879 1264 942 accuratius
1296 898 1369 960 per·

142 972 285 1034 camden.
339 971 383 1036 lta
411 974 499 1038 simul
526 975 603 1054 apud
632 973 766 1038 lectores
790 972 861 1034 illud
890 992 1036 1055 exsequar
1062 979 1193 1044 officium
1219 999 1369 1060 recogno·

143 1073 246 1136 scendi
269 1073 369 1136 studia
392 1085 422 1138 et
441 1075 548 1138 menta
572 1089 686 1144 eorum,
708 1074 758 1154 qui
781 1072 869 1136 nobie
892 1077 1066 1140 auctoritate
1089 1099 1143 1144 sua
1166 1084 1301 1162 inopere
1323 1083 1369 1146 la-

144 1175 251 1238 riuodo
281 1173 486 1254 promanant:
509 1172 589 1252 quod
611 1173 742 1236 officium
767 1193 847 1238 nuno
868 1175 947 1238 haud
968 1177 1054 1258 pauci
1076 1179 1216 1260 ignorant
1241 1193 1293 1248 aut
1312 1203 1368 1246 na-

139 1276 267 1355 eligunt.

230 1376 289 1450 Qui
310 1377 342 1438 io
362 1375 487 1439 historia
510 1374 675 1456 theologiae
697 1375 839 1441 litteraria
860 1377 969 1440 versati
992 1389 1070 1454 sunt,
1097 1382 1196 1450 sciunt
1216 1385 1369 1450 collectio·

141 1495 198 1540 nes
221 1477 403 1556 scriptorum
426 1475 706 1550 ecclesiasticorum,
735 1483 810 1558 quae
837 1479 1007 1557 promiscue
1035 1480 1231 1550 bibliothecae
1252 1493 1371 1568 patrum

139 1577 292 1652 dicuutur,
313 1595 368 1657 pro
391 1577 519 1640 divorsis
541 1576 689 1640 editorum
712 1579 843 1640 consiliis
865 1577 981 1642 delectu
1000 1579 1145 1646 librorum
1167 1585 1291 1648 multum
1310 1585 1370 1648 dil·

141 1679 223 1740 lerre
243 1679 417 1758 diverseque
438 1677 556 1742 radone
583 1696 652 1742 esse
680 1680 872 1760 compositas.
915 1679 997 1742 Aliae
1027 1683 1106 1744 enim
1134 1685 1232 1748 varios
1260 1685 1370 1748 veterh

141 1789 174 1842 et
192 1779 310 1842 mediae
331 1778 436 1842 aetatis
458 1780 623 1860 scriptores
645 1779 871 1854 ecclesiasticos,
894 1779 945 1858 qui
965 1781 1105 1860 pauciora
1122 1783 1286 1849 litterarum
1302 1805 1370 1849 mo-

143 1887 285 1944 numenta
306 1879 504 1960 reliquerunt,
532 1880 768 1961 complectuntur
795 1898 958 1960 eorumque
987 1898 1078 1962 opera
1105 1903 1181 1964 quae
1208 1896 1372 1968 supersunt

144 1981 246 2044 omnia
266 1981 421 2046 continent
441 1989 493 2044 aut
511 1981 675 2056 secrodunt
704 1989 800 2046 certas
827 1979 1017 2044 materiarum
1045 1983 1155 2048 classes
1182 1997 1234 2050 aut
1260 2007 1296 2050 er
1317 2007 1371 2050 ae·

142 2091 254 2158 utum,
291 2082 401 2162 quibus
436 2083 600 2146 llomerunt
627 2082 685 2156 illi,
723 2081 828 2144 ordine
863 2083 988 2161 digesta.
1033 2083 1124 2148 Cuius
1154 2088 1273 2166 generis
1301 2097 1373 2152 sunt

140 2185 346 2266 amplissimae
373 2183 441 2246 illae
471 2184 672 2251 Bibliothecae
689 2196 817 2266 patruos
836 2182 1039 2262 Parieienses,
1068 2185 1266 2264 coloniensis,
1289 2188 1370 2272 Luq·
1410 2227 1415 2238 ι

141 2285 306 2360 dunensis,
337 2285 542 2358 Gallandiana,
574 2303 698 2364 quarum
735 2287 867 2350 editores
902 2285 933 2348 id
967 2284 1144 2350 studuerunt
1171 2289 1303 2366 efficere,
1338 2298 1372 2354 ut

139 2389 180 2450 ad
209 2387 379 2450 ouirmeam
408 2385 610 2465 antiquitatem
639 2386 867 2450 ecclesiasticam
895 2385 1099 2450 illustrandam
1125 2407 1214 2468 qnam
1245 2389 1372 2472 ριιήιιιι

141 2488 279 2551 eiusdem
301 2495 493 2553 monumenta
516 2487 587 2550 viris
608 2487 704 2551 doctis
725 2488 756 2550 in
778 2505 866 2551 usum
883 2497 985 2568 parata
1000 2487 1204 2570 instructaque
1224 2501 1371 2572 paterent.

139 2590 224 2652 Aliae
245 2587 469 2668 anqmcocibm
490 2587 599 2663 linitam
619 2588 835 2651 concluduntur
855 2600 886 2652 et
907 2589 1017 2668 scripta
1039 2589 1127 2652 unius
1150 2599 1263 2656 tautum
1292 2593 1371 2656 clas·

144 2692 190 2752 sis
211 2690 258 2752 rd
280 2699 454 2770 argumento
476 2691 630 2770 lormaque
645 2688 691 2750 rel
712 2689 892 2770 scriptorum
914 2697 1010 2752 aetate
1031 2689 1189 2753 distinctae
1208 2692 1372 2756 lectoribus

143 2789 306 2870 praebent:
338 2809 412 2870 quas
434 2791 471 2854 ad
494 2774 666 2870 eloquens
687 2789 832 2870 quaedam
853 2789 952 2852 studia
973 2787 1139 2868 theologica
1162 2791 1315 2854 excitanda
1343 2801 1374 2854 et

142 2893 339 2957 sustentanda
360 2892 517 2956 adornatas
540 2910 608 2954 esse
630 2898 763 2974 apparet.
801 2889 882 2954 lnter
903 2889 1073 2954 huiusmodi
1093 2889 1289 2956 bibliothecas
1309 2891 1372 2956 sire

141 2993 337 3058 collectiones
373 3003 491 3074 patrum
526 2993 607 3059 varie
642 2991 801 3076 inscriptas
835 2991 933 3056 locum
971 2991 1108 3054 obtinent
1147 3011 1217 3067 eae,
1263 2993 1371 3074 quibus

138 3094 341 3176 conplurium
363 3103 480 3174 patrum
501 3103 644 3159 uectatus
667 3092 879 3174 coquendae
900 3091 1038 3174 polemici
1060 3093 1258 3158 condonatur.
1291 3095 1375 3158 Sicut

140 3197 225 3260 enim
240 3205 357 3260 emunt
370 3196 570 3260 Bibliothecae
581 3203 709 3276 potrum
730 3198 875 3260 asceticae
896 3205 926 3256 et
947 3198 1191 3258 eooo'oactoricc
1204 3195 1235 3256 h.
1252 3215 1278 3258 e
1293 3213 1372 3276 opu·

142 3298 299 3360 seclorum
320 3296 514 3360 asceticarum
535 3303 567 3358 et
585 3293 774 3358 homiliarum
788 3311 1020 3374 sermonumque
1034 3293 1235 3370 collectiones,
1258 3297 1299 3358 ita
1314 3295 1371 3360 do-

141 3398 288 3478 gmaticas
303 3415 422 3478 quoquo
436 3397 579 3463 hahemus
599 3413 615 3458 a
635 3394 708 3458 ciris
729 3393 825 3458 doctis
847 3393 883 3458 ad
906 3393 1038 3458 studium
1060 3393 1225 3476 theologiae
1248 3397 1372 3478 dogma·

145 3501 222 3562 ticae
244 3505 274 3562 et
293 3498 456 3578 polemicae
477 3495 715 3578 promerendum
729 3496 888 3570 institutas,
909 3495 966 3558 etei
979 3495 1070 3570 nulla,
1090 3497 1171 3576 quod
1200 3516 1255 3577 ego
1269 3499 1373 3572 suam,

145 3599 332 3666 Bibliotheca
348 3609 475 3680 potorem
497 3601 664 3678 doqmctieo
684 3596 826 3678 inscripta
842 3604 899 3658 est.
942 3595 1073 3677 Namque
1095 3615 1149 3660 eae
1169 3598 1278 3678 partim
1298 3618 1372 3680 pro-

145 3701 276 3776 dierunt,
289 3707 446 3779 anquam
465 3715 523 3762 usn
536 3707 689 3780 receptum
701 3707 783 3762 esset
796 3697 986 3761 collectiones
998 3697 1179 3778 scriptorum
1192 3697 1373 3764 ecelesiasti-

144 3821 250 3868 corum
276 3799 418 3881 appellari
445 3797 637 3866 bibliothecas
662 3809 804 3881 potrum,
837 3817 894 3880 qua
914 3797 1111 3878 appellatione
1131 3799 1315 3880 blargerinus
1336 3800 1374 3864 de

145 3903 173 3966 la
194 3903 299 3982 bique,
322 3900 419 3964 editor
440 3900 554 3980 primae
573 3900 775 3965 Bibliothecae
795 3908 913 3982 patrum
933 3899 1112 3962 Parisiensis
1133 3919 1161 3962 a.
1187 3901 1279 3964 1575.
1307 3899 1373 3980 pri·

146 4021 216 4066 mus
238 4021 313 4066 usus
340 4009 402 4066 est:
434 4001 542 4082 partim
574 4001 700 4064 minoris
728 4011 799 4068 sunt
824 4002 911 4066 molis
939 4000 985 4064 rol
1013 4001 1195 4064 recentiores
1222 4000 1377 4066 continent

146 4103 325 4185 scriptores,
348 4119 436 4182 qoam
459 4111 493 4166 ut
513 4101 701 4184 splendidum
724 4101 796 4166 illud
816 4121 926 4170 nomon
948 4101 1056 4166 mereri
1078 4101 1244 4180 potuerint:
1265 4103 1375 4184 partim

144 4205 184 4268 ad
205 4204 388 4283 uapularem
410 4203 555 4284 quendam
577 4219 665 4268 usum
687 4205 851 4269 destinatae
873 4213 903 4266 et
924 4201 1161 4266 accommodatae
1183 4209 1264 4278 srmt,
1286 4223 1375 4286 quem

145 4305 281 4370 editores
303 4313 472 4368 statuerunt
500 4307 539 4385 tn,
557 4306 656 4374 tronto
683 4305 871 4370 indicandum
901 4323 976 4366 esse.
1020 4301 1103 4366 Unus
1125 4303 1288 4368 ltoeslerus
1310 4305 1375 4368 col·

143 4405 308 4470 Manem
328 4405 515 4486 ampliorem,
543 4407 581 4468 de
608 4426 664 4487 qua
694 4408 770 4472 inira
795 4408 919 4480 dicetur,
946 4403 1160 4472 bibliothecam
1177 4418 1306 4490 potrum
1325 4406 1374 4470 in·
1409 4405 1414 4412 '

144 4507 282 4589 scripsit,
305 4525 362 4572 nac
381 4514 482 4572 nmen
504 4506 678 4588 simpliciter
700 4511 896 4592 dopmcticom
916 4507 1088 4572 nominarit.
