3128 5052
534 257 681 330 narsroua
695 284 714 328 r.
730 287 768 328 uo
785 285 980 332 susurrones.

134 437 204 500 dem
226 435 301 498 fides
324 443 378 498 est.
424 433 561 508 Quodsi
583 435 626 498 uti
648 454 714 509 ros,
738 436 868 516 Tropioi,
896 440 1054 502 commenti
1076 443 1160 516 estis,
1183 445 1307 508 nonita
1330 465 1450 512 sennan

134 557 185 606 res
208 537 307 610 babet,
331 536 394 610 sed,
417 543 451 598 ut
473 535 658 610 somniastis,
682 536 811 617 Spiritus
836 549 956 602 sanctus
979 559 1027 602 res
1051 551 1148 606 orcula
1169 564 1186 606 a
1209 546 1293 612 robis
1316 548 1364 611 di·
1418 543 1422 548 ’

132 641 226 714 citor,
255 639 314 702 iam
336 657 397 700 non
419 656 478 700 nna
499 646 548 700 est
567 638 642 700 tides
667 647 781 714 vestra,
811 657 873 702 non
903 659 993 702 unum
1024 629 1187 721 Bapti'sma,
1216 648 1270 710 sed
1293 650 1364 728 duo,
1424 653 1431 660 '

133 759 226 804 uuum
250 740 364 802 scilieet
384 739 416 800 in
437 740 555 802 Patrem
578 747 607 801 ει
628 739 750 814 Filium,
773 741 851 804 aliud
874 741 904 802 in
926 743 1087 821 Angelum,
1116 747 1166 824 qui
1193 768 1243 811 res
1266 762 1365 816 ereata
1432 781 1438 794 ·

132 853 199 916 est,
221 841 354 921 nihilque
376 841 435 904 iarn
456 841 542 904 robis
564 841 698 916 firmum,
721 839 796 904 nihil
819 861 921 906 rernm
944 845 1134 924 superfuerit
1180 849 1262 921 Quae
1283 855 1363 918 enim

133 943 305 1006 communio
332 943 503 1021 interrem
530 944 636 1006 bolam
666 951 695 1004 et
725 943 790 1006 eius
820 944 1016 1008 elleetorem?
1059 945 1113 1007 Vel
1141 965 1216 1027 quae
1237 956 1380 1024 societas·

134 1046 286 1108 interrae
310 1045 468 1108 inferiores
490 1053 605 1108 cresus
628 1052 659 1108 et
680 1045 818 1120 Verbum,
841 1065 857 1108 a
880 1065 939 1126 quo
961 1047 1123 1127 productae
1144 1050 1237 1114 sunt?
1278 1056 1365 1122 Certa

135 1141 248 1212 beatus
265 1147 386 1220 Paulus,
409 1147 459 1226 qui
481 1146 537 1208 ista
559 1146 681 1209 minime
704 1147 868 1226 ignorabat,
891 1167 952 1210 noo
975 1157 1075 1212 utros
1091 1151 1267 1216 Trinitatem
1288 1157 1366 1220 diri-

133 1250 190 1324 dit,
214 1248 267 1310 sed
290 1249 354 1310 eius
377 1248 518 1312 unitatem
541 1248 706 1310 luculenter
728 1249 913 1352 debetcum
935 1251 972 1314 de
994 1251 1199 1330 spiritualibus
1222 1255 1366 1324 rebusad

132 1349 311 1414 Corinthios
331 1349 436 1412 scribit
457 1357 488 1412 ει
510 1349 609 1412 omnia
623 1350 667 1412 ,ad
691 1367 783 1412 uuum
805 1350 899 1414 Deum
919 1352 1036 1414 Patrem
1060 1361 1197 1434 unquam
1219 1356 1256 1420 ed
1278 1369 1453 1439 caputreaa,

133 1455 195 1514 boo
216 1461 301 1536 pacto
324 1451 453 1514 reducit:
476 1451 648 1514 divisiones
671 1469 745 1514 nero
767 1457 938 1532 prunorum
961 1465 1048 1526 suut,
1071 1457 1148 1520 idern
1169 1469 1270 1524 nutem
1291 1459 1365 1542 Spi-

132 1559 227 1625 ritus,
251 1566 280 1617 et
302 1554 465 1616 divisiones
486 1556 750 1616 ministrationum
773 1563 854 1622 sunt,
878 1555 955 1616 idern
969 1568 1069 1619 cotem
1085 1557 1245 1636 Dominus,
1269 1573 1297 1624 ει
1319 1563 1366 1624 di-

133 1660 268 1719 visiones
292 1658 505 1734 operationum
527 1664 614 1724 sunt,
644 1655 721 1716 idern
743 1672 817 1716 nero
839 1654 937 1728 Deras,
967 1659 1021 1736 poi
1041 1669 1191 1736 operatur.
1213 1664 1313 1724 onim
1334 1666 1367 1726 in

133 1757 285 1820 omnibus.
332 1755 414 1827 Quae
437 1755 516 1818 enim
539 1754 668 1836 Spiritus
687 1755 817 1843 singulis
841 1754 1002 1830 distribuit,
1026 1776 1059 1818 ea
1082 1759 1200 1820 aPatre
1221 1762 1366 1839 perver-

133 1859 217 1920 bum,
231 1857 346 1920 dantur.
391 1855 463 1918 Nam
487 1855 597 1927 omnia,
621 1874 696 1934 qnae
718 1856 816 1918 Patris
840 1865 1015 1928 sunt„snnt
1034 1857 1104 1920 item
1126 1859 1205 1934 Filii,
1227 1861 1366 1938 undeet,

7 2005 16 2012 .
134 1977 213 2038 quae
235 1977 250 2021 a
273 1957 350 2020 Filio
379 1957 545 2037 inSpiritu
567 1958 691 2031 dantur,
721 1976 791 2020 vera
820 1966 892 2018 sunt
919 1957 1014 2020 Petris
1041 1977 1176 2022 munera.
1223 1960 1367 2024 Similiter
1413 2033 1415 2040 ¹

134 2079 205 2122 cum
228 2060 357 2142 Spiritus
380 2059 412 2122 iu
433 2059 522 2122 nobis
545 2068 608 2132 est,
632 2059 770 2134 Verbum,
793 2077 810 2120 a
833 2077 892 2138 quo
915 2059 995 2122 illum
1018 2059 1197 2140 accipimus,
1225 2061 1256 2124 iu
1277 2061 1365 2126 nobis

134 2163 229 2226 etiarn
250 2173 306 2236 ast,
329 2169 359 2223 ct
380 2162 411 2222 in
426 2161 523 2224 Verbo
547 2169 595 2222 εει
615 2179 734 2240 quoque
748 2161 851 2250 Pater,
868 2169 958 2240 atque
973 2161 1013 2222 ita
1035 2162 1068 2224 lit
1089 2161 1184 2224 istud:
1211 2161 1365 2226 insanos

5 2324 15 2337 ,
133 2283 192 2344 epo
215 2275 244 2328 et
265 2263 358 2326 Puler
379 2273 409 2348 ει
430 2267 618 2326 mensionem
638 2265 721 2342 opud
742 2281 810 2324 nrm
829 2263 992 2342 surienrnr,
1024 2263 1066 2324 uti
1095 2263 1153 2326 iam
1174 2262 1364 2326 dictumest

20 2401 24 2406 ·
134 2367 194 2428 Ubi
218 2367 296 2428 enim
318 2364 367 2426 lux
391 2373 447 2436 est,
470 2363 529 2426 illie
551 2372 582 2425 et
603 2363 746 2443 splendor
768 2381 887 2443 quoqne
909 2373 967 2438 est,
991 2364 1042 2426 ubi
1064 2365 1135 2428 item
1152 2364 1293 2445 splendor
1307 2371 1365 2440 est,

11 2529 18 2538 ,
135 2467 181 2529 ibi
209 2465 343 2531 similiter
370 2473 401 2526 et
427 2465 492 2528 eius
521 2464 677 2541 efficientia
701 2474 736 2530 et
763 2465 917 2558 splendida
947 2476 995 2528 est
1024 2466 1126 2544 gratia.
1172 2465 1259 2540 Quod
1286 2465 1365 2528 idem

135 2567 246 2630 Pardus
275 2568 306 2630 in
334 2567 464 2630 secunda
494 2567 620 2646 epistola
643 2565 816 2630 Corinthios
845 2567 893 2628 his
917 2567 1014 2629 verbis
1038 2568 1139 2630 donet:
1170 2567 1278 2632 Gratis
1298 2568 1365 2632 Do-

137 2673 215 2734 mini
235 2672 338 2732 aorem
359 2669 428 2732 lesu
452 2669 567 2731 Christi
587 2680 615 2730 et
645 2672 758 2730 coritas
779 2667 840 2730 Dei
866 2681 894 2730 ει
925 2673 1152 2742 communicatio
1173 2674 1275 2734 suncti
1294 2668 1366 2750 Spi-

137 2775 222 2836 ritus
244 2775 285 2834 sit
308 2787 375 2845 cum
398 2771 533 2832 omatibus
556 2770 650 2832 ondin.
696 2767 794 2830 Gratia
817 2768 895 2830 enim
919 2778 949 2832 et
970 2769 1091 2842 donum,
1114 2770 1194 2850 quod
1216 2770 1247 2832 in
1262 2755 1364 2834 Triui-

137 2882 199 2934 tate
221 2873 324 2944 datur,
358 2869 481 2932 datura
503 2869 590 2932 Patre
613 2887 667 2948 per
686 2869 794 2930 Filium
817 2869 847 2931 iu
871 2870 984 2950 Spiritu
1006 2879 1118 2934 sancto.
1163 2870 1236 2932 Nam
1258 2889 1364 2951 quem-

138 2973 298 3039 admodum
326 2991 360 3034 εκ
383 2972 471 3034 Patre
499 2989 553 3051 per
579 2971 686 3034 Filium
715 2971 802 3032 datur
830 2972 939 3050 graba,
967 2972 1008 3034 ita
1035 2972 1068 3034 in
1096 2970 1182 3034 uobis
1211 2972 1277 3034 lieri
1304 2990 1366 3036 unu

138 3074 241 3156 potest
260 3073 332 3136 doni
353 3072 582 3136 communicatio
603 3071 662 3134 nisi
684 3072 715 3132 iu
730 3071 843 3151 Spiritu
865 3081 976 3134 sunno.
1021 3073 1116 3134 liuius
1132 3073 1279 3153 siquidem
1293 3092 1365 3154 par-

22 3168 30 3261 J
140 3177 245 3260 tieipes
266 3175 365 3238 elleoti
386 3174 483 3238 Patria
504 3174 667 3247 caritatem,
688 3173 755 3235 Filii
775 3173 897 3252 gratiam
920 3183 950 3235 et
971 3174 1064 3252 ipsius
1080 3173 1208 3253 Spiritus
1230 3193 1365 3238 commu·

24 3341 29 3352 ,
137 3279 317 3342 dicationem
340 3276 495 3340 babemus.

226 3581 278 3642 31.
321 3577 365 3638 Ex
386 3577 433 3638 bis
454 3535 547 3658 igitur
568 3595 627 3640 una
643 3575 794 3640 Trinitatis
815 3576 969 3638 efficientia
992 3593 1060 3638 esse
1084 3576 1260 3638 ostenditur.
1305 3575 1370 3657 Nec

137 3679 218 3743 enim
242 3678 417 3741 diversant
444 3679 537 3742 diuisa
564 3679 627 3742 dari
655 3698 671 3740 a
697 3677 823 3758 singulis
852 3677 998 3756 significat
1026 3676 1205 3756 Apostolus,
1238 3676 1292 3738 sad
1321 3695 1366 3750 eo,

138 3801 216 3860 quoe
239 3781 361 3852 dantur,
384 3779 415 3839 iu
437 3779 581 3841 Trinitatc
603 3779 682 3853 dari,
706 3779 861 3858 omniaque
885 3797 919 3839 ex
944 3797 1003 3838 uun
1027 3777 1087 3838 beo
1111 3797 1189 3839 esse.
1235 3777 1285 3838 llle
1307 3778 1365 3857 igi-

21 3944 39 4014 ,'
140 3965 363 4016 intormedirsnnt
400 3957 725 4030 lbid.rrt.daulerrurrip
778 3963 802 4013 2.
820 3973 843 4014 et
868 3963 923 4014 edit.
942 3963 1060 4014 Commel.
1086 3975 1166 4012 rocem
1194 3955 1272 4028 ἡμῶν
1295 3963 1367 4014 omit·

140 4035 212 4083 basil.
233 4048 276 4081 ms.
297 4042 320 4083 ει
338 4034 394 4082 editi
414 4034 533 4082 omittunt.
779 4040 839 4081 tuot.
881 4031 979 4082 Gobler.
1004 4039 1026 4078 ει
1051 4031 1146 4078 l'elclrm
1169 4031 1191 4079 l.
1216 4045 1287 4082 anon.
1312 4037 1369 4093 post
1437 4045 1444 4064 ι

129 4127 139 4140 -
175 4117 195 4150 ε.
215 4103 255 4150 Sin
274 4101 330 4161 fleg.
351 4109 375 4149 et
398 4101 498 4161 Seguer.
540 4101 601 4150 Editi
625 4115 679 4148 uero
704 4106 728 4147 et
778 4097 848 4149 neon
870 4099 960 4148 addunt
983 4092 1029 4144 καὶ
1055 4089 1160 4163 πατρός
1177 4107 1201 4148 ει
1217 4107 1273 4162 post
1290 4089 1369 4147 πνεύ-

141 4170 181 4217 olii
198 4161 245 4216 arni
263 4171 383 4218 omittunt.
777 4179 866 4232 ματος
883 4167 939 4216 item
961 4157 1009 4226 sin.

176 4238 191 4285 l.
211 4237 251 4286 Sic
268 4237 324 4296 lien.
348 4239 447 4297 Segner.
474 4234 570 4285 neuter.
595 4243 618 4283 et
642 4233 727 4282 l‘elolr·
813 4249 836 4295 g.
855 4234 987 4296 Sicllegd.
1000 4231 1191 4288 et2.Bas.Gobl.
1203 4231 1365 4284 elidebant.

144 4305 257 4353 inorruit.
293 4308 400 4354 Attamen
414 4303 437 4352 bi
455 4303 502 4352 duo
522 4301 598 4352 ultimi
616 4304 729 4350 omittunt
780 4317 852 4351 anon.
886 4301 931 4350 llil
949 4310 1028 4352 antem
1046 4310 1071 4350 et
1085 4299 1141 4350 editi
1159 4289 1202 4348 ini
1221 4293 1251 4346 di
1271 4291 1352 4366 eloi„

144 4367 231 4426 πάλιν,
252 4356 332 4423 αὖθις
349 4379 373 4420 ει
389 4365 441 4419 καί.
476 4370 521 4420 ulii
539 4379 562 4419 et
586 4370 642 4418 editi
661 4357 727 4416 cind-
812 4371 838 4419 b.
857 4369 913 4432 ileu.
934 4368 956 4416 l.
975 4369 1073 4429 Seguer.
1098 4375 1121 4414 ει
1138 4363 1227 4426 luglic.
1247 4359 1277 4411 ad
1295 4351 1361 4410 irte-

145 4435 238 4492 aretae
262 4431 400 4486 διδάσκων
416 4431 544 4502 ἔγραψεν.
581 4435 667 4498 Regius
686 4451 727 4485 se·
780 4450 873 4501 μενον.
916 4437 968 4486 llox
992 4435 1048 4496 ling.
1067 4433 1089 4481 l.
1112 4440 1136 4481 et
1154 4431 1253 4490 Saguer.
1277 4421 1358 4474 babilli

44 4515 46 4533 ¹
145 4508 234 4556 condus
257 4499 388 4574 ἔγραφεν.
422 4503 728 4556 sollemnissimum.
780 4501 850 4554 θεοῦ
868 4497 935 4554 ἔστι.
969 4501 1012 4554 lllii
1031 4507 1054 4550 et
1072 4499 1128 4549 editi
1146 4491 1211 4544 θεοῦ
1227 4484 1284 4540 sior.
