<?xml version="1.0" encoding="UTF-8"?>
<!DOCTYPE html PUBLIC "-//W3C//DTD XHTML 1.0 Transitional//EN"
    "http://www.w3.org/TR/xhtml1/DTD/xhtml1-transitional.dtd">
<html xmlns="http://www.w3.org/1999/xhtml" xml:lang="en" lang="en">
 <head>
  <title>
</title>
<meta http-equiv="Content-Type" content="text/html;charset=utf-8" />
  <meta name='ocr-system' content='tesseract 3.04.00' />
  <meta name='ocr-capabilities' content='ocr_page ocr_carea ocr_par ocr_line ocrx_word'/>
</head>
<body>
  <div class='ocr_page' id='page_1' title='image "./sanctiathanasii01athagoog_0223.png"; bbox 0 0 3048 5052; ppageno 0'>
   <div class='ocr_carea' id='block_1_1' title="bbox 244 297 1099 392">
    <p class='ocr_par' dir='ltr' id='par_1_1' title="bbox 244 297 1099 392">
     <span class='ocr_line' id='line_1_1' title="bbox 244 297 1099 392; baseline -0.007 0"><span class='ocrx_word' id='word_1_1' title='bbox 244 326 305 392; x_wconf 84' lang='grc'><em>176</em></span> <span class='ocrx_word' id='word_1_2' title='bbox 640 297 836 388; x_wconf 50' lang='lat' dir='ltr'><em>asumma</em></span> <span class='ocrx_word' id='word_1_3' title='bbox 849 339 1075 388; x_wconf 75' lang='grc' dir='ltr'><em>εαοαιενιντνει</em></span> <span class='ocrx_word' id='word_1_4' title='bbox 1094 329 1099 338; x_wconf 91' lang='grc'><em>’</em></span> 
     </span>
    </p>
   </div>
   <div class='ocr_carea' id='block_1_2' title="bbox 116 468 1524 4140">
    <p class='ocr_par' dir='ltr' id='par_1_2' title="bbox 154 468 1524 673">
     <span class='ocr_line' id='line_1_2' title="bbox 154 468 1455 578; baseline 0.004 -22"><span class='ocrx_word' id='word_1_5' title='bbox 154 487 378 576; x_wconf 82' lang='grc' dir='ltr'><em>ε.ιω.γρόνους</em></span> <span class='ocrx_word' id='word_1_6' title='bbox 405 468 621 574; x_wconf 76' lang='grc' dir='ltr'><em>σημαίνοντες</em></span> <span class='ocrx_word' id='word_1_7' title='bbox 647 485 704 556; x_wconf 79' lang='grc' dir='ltr'><em>καὶ</em></span> <span class='ocrx_word' id='word_1_8' title='bbox 725 482 862 573; x_wconf 75' lang='grc' dir='ltr'><em>ἀλογίαν</em></span> <span class='ocrx_word' id='word_1_9' title='bbox 881 487 963 574; x_wconf 86' lang='grc' dir='ltr'><em>περὶ</em></span> <span class='ocrx_word' id='word_1_10' title='bbox 983 488 1042 558; x_wconf 86' lang='grc' dir='ltr'><em>τὸν</em></span> <span class='ocrx_word' id='word_1_11' title='bbox 1063 488 1146 558; x_wconf 81' lang='grc' dir='ltr'><em>θεὸν</em></span> <span class='ocrx_word' id='word_1_12' title='bbox 1169 488 1353 576; x_wconf 82' lang='grc' dir='ltr'><em>είςάγοντις</em></span> <span class='ocrx_word' id='word_1_13' title='bbox 1371 491 1455 578; x_wconf 71' lang='grc' dir='ltr'><em>μιγά</em></span> 
     </span>
     <span class='ocr_line' id='line_1_3' title="bbox 241 584 1524 673; baseline -0.001 -15"><span class='ocrx_word' id='word_1_14' title='bbox 241 592 309 669; x_wconf 87' lang='grc' dir='ltr'><em>λως</em></span> <span class='ocrx_word' id='word_1_15' title='bbox 331 584 518 673; x_wconf 74' lang='grc' dir='ltr'><em>ἀσεβοῦσιν.</em></span> <span class='ocrx_word' id='word_1_16' title='bbox 1523 590 1524 621; x_wconf 39' lang='lat' dir='ltr'>f</span> 
     </span>
    </p>

    <p class='ocr_par' dir='ltr' id='par_1_3' title="bbox 329 688 1454 779">
     <span class='ocr_line' id='line_1_4' title="bbox 329 688 1454 779; baseline 0.004 -23"><span class='ocrx_word' id='word_1_17' title='bbox 329 697 376 758; x_wconf 80' lang='lat'><em>15.</em></span> <span class='ocrx_word' id='word_1_18' title='bbox 421 689 464 756; x_wconf 80' lang='grc' dir='ltr'><em>Εἰ</em></span> <span class='ocrx_word' id='word_1_19' title='bbox 487 691 523 756; x_wconf 83' lang='grc' dir='ltr'><em>ἀὲ</em></span> <span class='ocrx_word' id='word_1_20' title='bbox 543 693 598 756; x_wconf 85' lang='grc' dir='ltr'><em>νοιλ</em></span> <span class='ocrx_word' id='word_1_21' title='bbox 619 689 658 756; x_wconf 88' lang='grc' dir='ltr'><em>τὸ</em></span> <span class='ocrx_word' id='word_1_22' title='bbox 681 688 787 775; x_wconf 84' lang='grc' dir='ltr'><em>ὄνομα</em></span> <span class='ocrx_word' id='word_1_23' title='bbox 808 693 868 758; x_wconf 89' lang='grc' dir='ltr'><em>τοῦ</em></span> <span class='ocrx_word' id='word_1_24' title='bbox 890 691 964 758; x_wconf 82' lang='grc' dir='ltr'><em>υίοῦ</em></span> <span class='ocrx_word' id='word_1_25' title='bbox 985 691 1090 760; x_wconf 86' lang='grc' dir='ltr'><em>πάλιν</em></span> <span class='ocrx_word' id='word_1_26' title='bbox 1112 693 1391 779; x_wconf 77' lang='grc' dir='ltr'><em>συνομολογοῦσι,</em></span> <span class='ocrx_word' id='word_1_27' title='bbox 1411 693 1454 760; x_wconf 71' lang='lat' dir='ltr'><em>dui</em></span> 
     </span>
    </p>

    <p class='ocr_par' dir='ltr' id='par_1_4' title="bbox 241 790 1455 880">
     <span class='ocr_line' id='line_1_5' title="bbox 241 790 1455 880; baseline 0.003 -24"><span class='ocrx_word' id='word_1_28' title='bbox 241 790 281 860; x_wconf 87' lang='grc' dir='ltr'><em>τὸ</em></span> <span class='ocrx_word' id='word_1_29' title='bbox 301 790 346 876; x_wconf 85' lang='grc' dir='ltr'><em>μὴ</em></span> <span class='ocrx_word' id='word_1_30' title='bbox 367 792 554 878; x_wconf 73' lang='grc' dir='ltr'><em>βάλλεσθαι</em></span> <span class='ocrx_word' id='word_1_31' title='bbox 575 797 727 880; x_wconf 81' lang='grc' dir='ltr'><strong><em>φανερῶς</em></strong></span> <span class='ocrx_word' id='word_1_32' title='bbox 749 791 844 878; x_wconf 82' lang='grc' dir='ltr'><em>παρὰ</em></span> <span class='ocrx_word' id='word_1_33' title='bbox 865 793 1001 860; x_wconf 86' lang='grc' dir='ltr'><em>πάντων</em></span> <span class='ocrx_word' id='word_1_34' title='bbox 1023 793 1351 879; x_wconf 83' lang='grc' dir='ltr'><em>καταγινώσνεσθαι,</em></span> <span class='ocrx_word' id='word_1_35' title='bbox 1372 792 1409 860; x_wconf 85' lang='grc' dir='ltr'><em>τὸ</em></span> <span class='ocrx_word' id='word_1_36' title='bbox 1426 795 1455 861; x_wconf 79' lang='grc' dir='ltr'><em>ἀί·</em></span> 
     </span>
    </p>

    <p class='ocr_par' dir='ltr' id='par_1_5' title="bbox 241 887 1456 983">
     <span class='ocr_line' id='line_1_6' title="bbox 241 887 1456 983; baseline 0.002 -21"><span class='ocrx_word' id='word_1_37' title='bbox 241 887 327 962; x_wconf 69' lang='grc' dir='ltr'><em>εἶναι</em></span> <span class='ocrx_word' id='word_1_38' title='bbox 348 897 465 962; x_wconf 85' lang='grc' dir='ltr'><em>τοῦτον</em></span> <span class='ocrx_word' id='word_1_39' title='bbox 486 898 545 983; x_wconf 76' lang='grc' dir='ltr'><em>τῆς</em></span> <span class='ocrx_word' id='word_1_40' title='bbox 567 891 682 974; x_wconf 83' lang='grc' dir='ltr'><em>οῦσίας</em></span> <span class='ocrx_word' id='word_1_41' title='bbox 703 898 762 962; x_wconf 87' lang='grc' dir='ltr'><em>τοῦ</em></span> <span class='ocrx_word' id='word_1_42' title='bbox 784 893 914 981; x_wconf 83' lang='grc' dir='ltr'><em>πατρὸς</em></span> <span class='ocrx_word' id='word_1_43' title='bbox 935 895 1022 962; x_wconf 81' lang='grc' dir='ltr'><em>ἴδιον</em></span> <span class='ocrx_word' id='word_1_44' title='bbox 1044 900 1186 981; x_wconf 73' lang='grc' dir='ltr'><em>γέννημα</em></span> <span class='ocrx_word' id='word_1_45' title='bbox 1208 891 1401 982; x_wconf 83' lang='grc' dir='ltr'><em>ἀρνοῦνται,</em></span> <span class='ocrx_word' id='word_1_46' title='bbox 1420 891 1456 974; x_wconf 80' lang='grc' dir='ltr'><em>ιλς</em></span> 
     </span>
    </p>

    <p class='ocr_par' dir='ltr' id='par_1_6' title="bbox 241 991 1456 1083">
     <span class='ocr_line' id='line_1_7' title="bbox 241 991 1456 1083; baseline 0.002 -21"><span class='ocrx_word' id='word_1_47' title='bbox 241 994 304 1082; x_wconf 75' lang='grc' dir='ltr'><em>’μὴ</em></span> <span class='ocrx_word' id='word_1_48' title='bbox 333 998 512 1080; x_wconf 79' lang='grc' dir='ltr'><em>δυναμένου</em></span> <span class='ocrx_word' id='word_1_49' title='bbox 541 995 660 1064; x_wconf 83' lang='grc' dir='ltr'><em>τούτου</em></span> <span class='ocrx_word' id='word_1_50' title='bbox 688 991 775 1065; x_wconf 81' lang='grc' dir='ltr'><em>εἶναι</em></span> <span class='ocrx_word' id='word_1_51' title='bbox 805 999 907 1082; x_wconf 81' lang='grc' dir='ltr'><em>χωρίς</em></span> <span class='ocrx_word' id='word_1_52' title='bbox 932 1000 990 1082; x_wconf 81' lang='grc' dir='ltr'><em>τῆς</em></span> <span class='ocrx_word' id='word_1_53' title='bbox 1012 996 1047 1064; x_wconf 75' lang='grc' dir='ltr'><em>ἐν</em></span> <span class='ocrx_word' id='word_1_54' title='bbox 1068 1001 1177 1082; x_wconf 79' lang='grc' dir='ltr'><em>μυροῦν</em></span> <span class='ocrx_word' id='word_1_55' title='bbox 1198 997 1256 1066; x_wconf 82' lang='grc' dir='ltr'><em>καὶ</em></span> <span class='ocrx_word' id='word_1_56' title='bbox 1277 998 1456 1083; x_wconf 70' lang='grc' dir='ltr'><em>διαιρέσεων</em></span> 
     </span>
    </p>

    <p class='ocr_par' dir='ltr' id='par_1_7' title="bbox 239 1086 1520 1289">
     <span class='ocr_line' id='line_1_8' title="bbox 239 1086 1456 1188; baseline 0 -22"><span class='ocrx_word' id='word_1_57' title='bbox 239 1092 418 1188; x_wconf 68' lang='grc' dir='ltr'><em>ἀπονοίας·</em></span> <span class='ocrx_word' id='word_1_58' title='bbox 452 1091 548 1167; x_wconf 73' lang='grc' dir='ltr'><em>οῦδὲν</em></span> <span class='ocrx_word' id='word_1_59' title='bbox 580 1086 679 1184; x_wconf 83' lang='grc' dir='ltr'><em>ἧττον</em></span> <span class='ocrx_word' id='word_1_60' title='bbox 706 1098 810 1166; x_wconf 85' lang='grc' dir='ltr'><em>πάλιν</em></span> <span class='ocrx_word' id='word_1_61' title='bbox 839 1093 1017 1184; x_wconf 80' lang='grc' dir='ltr'><em>ἀρνοῦνται</em></span> <span class='ocrx_word' id='word_1_62' title='bbox 1043 1097 1089 1185; x_wconf 81' lang='grc' dir='ltr'><em>μὴ</em></span> <span class='ocrx_word' id='word_1_63' title='bbox 1119 1094 1205 1168; x_wconf 79' lang='grc' dir='ltr'><em>εἶναι</em></span> <span class='ocrx_word' id='word_1_64' title='bbox 1224 1101 1285 1184; x_wconf 81' lang='grc' dir='ltr'><em>μὲν</em></span> <span class='ocrx_word' id='word_1_65' title='bbox 1309 1096 1456 1187; x_wconf 84' lang='grc' dir='ltr'><em>ἀληθινὸν</em></span> 
     </span>
     <span class='ocr_line' id='line_1_9' title="bbox 240 1192 1520 1289; baseline 0.003 -25"><span class='ocrx_word' id='word_1_66' title='bbox 240 1195 322 1278; x_wconf 80' lang='grc' dir='ltr'><em>υίάν,</em></span> <span class='ocrx_word' id='word_1_67' title='bbox 346 1192 486 1284; x_wconf 81' lang='grc' dir='ltr'><em>ὀνόματι</em></span> <span class='ocrx_word' id='word_1_68' title='bbox 506 1199 543 1267; x_wconf 75' lang='grc' dir='ltr'><em>δὲ</em></span> <span class='ocrx_word' id='word_1_69' title='bbox 563 1198 667 1283; x_wconf 91' lang='grc' dir='ltr'><em>μόνον</em></span> <span class='ocrx_word' id='word_1_70' title='bbox 689 1200 838 1286; x_wconf 60' lang='grc' dir='ltr'><em>λέγοντες</em></span> <span class='ocrx_word' id='word_1_71' title='bbox 857 1199 940 1268; x_wconf 80' lang='grc' dir='ltr'><em>υλόν.</em></span> <span class='ocrx_word' id='word_1_72' title='bbox 971 1202 1046 1280; x_wconf 74' lang='grc' dir='ltr'><em>ποῦς</em></span> <span class='ocrx_word' id='word_1_73' title='bbox 1069 1201 1106 1268; x_wconf 80' lang='grc' dir='ltr'><em>ἀὲ</em></span> <span class='ocrx_word' id='word_1_74' title='bbox 1127 1194 1166 1268; x_wconf 86' lang='grc' dir='ltr'><em>οῦ</em></span> <span class='ocrx_word' id='word_1_75' title='bbox 1189 1199 1398 1289; x_wconf 85' lang='grc' dir='ltr'><em>σφάλλονται</em></span> <span class='ocrx_word' id='word_1_76' title='bbox 1410 1226 1457 1286; x_wconf 84' lang='grc' dir='ltr'><em>με·</em></span> <span class='ocrx_word' id='word_1_77' title='bbox 1519 1223 1520 1246; x_wconf 80' lang='lat'>³</span> 
     </span>
    </p>

    <p class='ocr_par' dir='ltr' id='par_1_8' title="bbox 239 1297 1456 1446">
     <span class='ocr_line' id='line_1_10' title="bbox 239 1297 1456 1446; baseline 0.001 -79"><span class='ocrx_word' id='word_1_78' title='bbox 239 1297 350 1386; x_wconf 86' lang='grc' dir='ltr'><em>γάλινς</em></span> <span class='ocrx_word' id='word_1_79' title='bbox 369 1303 529 1387; x_wconf 76' lang='grc' dir='ltr'><em>περὶτοῦ</em></span> <span class='ocrx_word' id='word_1_80' title='bbox 551 1297 731 1386; x_wconf 76' lang='grc' dir='ltr'><em>ἀσωμάτου</em></span> <span class='ocrx_word' id='word_1_81' title='bbox 753 1301 796 1370; x_wconf 84' lang='grc' dir='ltr'><em>τὰ</em></span> <span class='ocrx_word' id='word_1_82' title='bbox 817 1302 980 1389; x_wconf 89' lang='grc' dir='ltr'><em>σωμάτων</em></span> <span class='ocrx_word' id='word_1_83' title='bbox 996 1301 1248 1446; x_wconf 73' lang='grc' dir='ltr'><em>ἐνθυμούμενοι,</em></span> <span class='ocrx_word' id='word_1_84' title='bbox 1270 1303 1326 1370; x_wconf 74' lang='grc' dir='ltr'><em>καὶ</em></span> <span class='ocrx_word' id='word_1_85' title='bbox 1341 1301 1456 1389; x_wconf 74' lang='grc' dir='ltr'><em>ἀιάτὴν</em></span> 
     </span>
    </p>

    <p class='ocr_par' dir='ltr' id='par_1_9' title="bbox 239 1395 1456 1525">
     <span class='ocr_line' id='line_1_11' title="bbox 239 1395 1456 1525; baseline 0.002 -55"><span class='ocrx_word' id='word_1_86' title='bbox 239 1395 419 1470; x_wconf 79' lang='grc' dir='ltr'><em>ἀσθένειαν</em></span> <span class='ocrx_word' id='word_1_87' title='bbox 445 1405 504 1488; x_wconf 80' lang='grc' dir='ltr'><em>τῆς</em></span> <span class='ocrx_word' id='word_1_88' title='bbox 533 1401 622 1525; x_wconf 66' lang='grc' dir='ltr'><em>ίάίας</em></span> <span class='ocrx_word' id='word_1_89' title='bbox 649 1401 782 1491; x_wconf 83' lang='grc' dir='ltr'><em>φάσεως</em></span> <span class='ocrx_word' id='word_1_90' title='bbox 803 1398 999 1491; x_wconf 82' lang='grc' dir='ltr'><em>ἀρνούμενοι</em></span> <span class='ocrx_word' id='word_1_91' title='bbox 1018 1404 1059 1472; x_wconf 88' lang='grc' dir='ltr'><em>τὸ</em></span> <span class='ocrx_word' id='word_1_92' title='bbox 1080 1404 1203 1494; x_wconf 74' lang='grc' dir='ltr'><em>1’φύσει</em></span> <span class='ocrx_word' id='word_1_93' title='bbox 1223 1403 1279 1472; x_wconf 86' lang='grc' dir='ltr'><em>καλ</em></span> <span class='ocrx_word' id='word_1_94' title='bbox 1300 1405 1389 1474; x_wconf 81' lang='grc' dir='ltr'><em>ἰ’διον</em></span> <span class='ocrx_word' id='word_1_95' title='bbox 1409 1407 1456 1472; x_wconf 79' lang='grc' dir='ltr'><em>τοῦ</em></span> 
     </span>
    </p>

    <p class='ocr_par' dir='ltr' id='par_1_10' title="bbox 239 1499 1456 1610">
     <span class='ocr_line' id='line_1_12' title="bbox 239 1499 1456 1610; baseline 0.004 -41"><span class='ocrx_word' id='word_1_96' title='bbox 239 1499 385 1589; x_wconf 83' lang='grc' dir='ltr'><em>πατρός,·</em></span> <span class='ocrx_word' id='word_1_97' title='bbox 425 1499 496 1590; x_wconf 89' lang='grc' dir='ltr'><em>ω’ρα</em></span> <span class='ocrx_word' id='word_1_98' title='bbox 522 1502 584 1592; x_wconf 82' lang='grc' dir='ltr'><em>γὰρ</em></span> <span class='ocrx_word' id='word_1_99' title='bbox 613 1499 733 1584; x_wconf 73' lang='grc' dir='ltr'><em>αὐτοὺς</em></span> <span class='ocrx_word' id='word_1_100' title='bbox 760 1504 813 1610; x_wconf 81' lang='grc' dir='ltr'><em>μὴ</em></span> <span class='ocrx_word' id='word_1_101' title='bbox 834 1509 993 1586; x_wconf 91' lang='grc' dir='ltr'><em>νοοῦντας</em></span> <span class='ocrx_word' id='word_1_102' title='bbox 1014 1505 1072 1574; x_wconf 83' lang='grc' dir='ltr'><em>καὶ</em></span> <span class='ocrx_word' id='word_1_103' title='bbox 1091 1509 1167 1586; x_wconf 81' lang='grc' dir='ltr'><em>πῶς</em></span> <span class='ocrx_word' id='word_1_104' title='bbox 1185 1501 1320 1574; x_wconf 66' lang='grc' dir='ltr'><em>ἐστιν’</em></span> <span class='ocrx_word' id='word_1_105' title='bbox 1302 1529 1321 1572; x_wconf 92' lang='grc' dir='ltr'><em>ο</em></span> <span class='ocrx_word' id='word_1_106' title='bbox 1344 1499 1456 1592; x_wconf 75' lang='grc' dir='ltr'><em>θεὸςῆ</em></span> 
     </span>
    </p>

    <p class='ocr_par' dir='ltr' id='par_1_11' title="bbox 239 1587 1521 1694">
     <span class='ocr_line' id='line_1_13' title="bbox 239 1587 1521 1694; baseline -0.001 -21"><span class='ocrx_word' id='word_1_107' title='bbox 239 1603 396 1685; x_wconf 88' lang='grc' dir='ltr'><em>ποταπος</em></span> <span class='ocrx_word' id='word_1_108' title='bbox 417 1601 548 1673; x_wconf 62' lang='grc' dir='ltr'><em>ἐστιν’</em></span> <span class='ocrx_word' id='word_1_109' title='bbox 530 1629 548 1672; x_wconf 96' lang='grc' dir='ltr'><em>ο</em></span> <span class='ocrx_word' id='word_1_110' title='bbox 571 1605 692 1694; x_wconf 79' lang='grc' dir='ltr'><em>πατήρ,</em></span> <span class='ocrx_word' id='word_1_111' title='bbox 716 1587 897 1693; x_wconf 71' lang='grc' dir='ltr'><em>ἀρνεῖσθαι</em></span> <span class='ocrx_word' id='word_1_112' title='bbox 916 1611 972 1676; x_wconf 83' lang='grc' dir='ltr'><em>καί</em></span> <span class='ocrx_word' id='word_1_113' title='bbox 988 1605 1098 1689; x_wconf 77' lang='grc' dir='ltr'><em>αὐτόν,</em></span> <span class='ocrx_word' id='word_1_114' title='bbox 1112 1607 1191 1676; x_wconf 72' lang='grc' dir='ltr'><em>ἐπεὶ</em></span> <span class='ocrx_word' id='word_1_115' title='bbox 1204 1607 1261 1676; x_wconf 82' lang='grc' dir='ltr'><em>καὶ</em></span> <span class='ocrx_word' id='word_1_116' title='bbox 1274 1606 1315 1674; x_wconf 87' lang='grc' dir='ltr'><em>τὸ</em></span> <span class='ocrx_word' id='word_1_117' title='bbox 1328 1612 1521 1694; x_wconf 74' lang='grc' dir='ltr'><em>γέννημα.</em></span> 
     </span>
    </p>

    <p class='ocr_par' dir='ltr' id='par_1_12' title="bbox 238 1703 1457 1799">
     <span class='ocr_line' id='line_1_14' title="bbox 238 1703 1457 1799; baseline -0.001 -23"><span class='ocrx_word' id='word_1_118' title='bbox 238 1709 298 1776; x_wconf 86' lang='grc' dir='ltr'><em>τοῦ</em></span> <span class='ocrx_word' id='word_1_119' title='bbox 319 1705 448 1795; x_wconf 90' lang='grc' dir='ltr'><em>πατρὸς</em></span> <span class='ocrx_word' id='word_1_120' title='bbox 469 1707 506 1788; x_wconf 77' lang='grc' dir='ltr'><em>ἐξ</em></span> <span class='ocrx_word' id='word_1_121' title='bbox 525 1707 652 1778; x_wconf 78' lang='grc' dir='ltr'><em>ἑαυτῶν</em></span> <span class='ocrx_word' id='word_1_122' title='bbox 672 1712 851 1797; x_wconf 78' lang='grc' dir='ltr'><em>μετροῦσιν</em></span> <span class='ocrx_word' id='word_1_123' title='bbox 873 1709 952 1778; x_wconf 82' lang='grc' dir='ltr'><em>ολ”</em></span> <span class='ocrx_word' id='word_1_124' title='bbox 929 1734 1081 1799; x_wconf 89' lang='grc' dir='ltr'><em>αφρονες.</em></span> <span class='ocrx_word' id='word_1_125' title='bbox 1127 1704 1197 1780; x_wconf 79' lang='grc' dir='ltr'><em>ἀλλ’</em></span> <span class='ocrx_word' id='word_1_126' title='bbox 1222 1705 1329 1789; x_wconf 82' lang='grc' dir='ltr'><em>οῦτως</em></span> <span class='ocrx_word' id='word_1_127' title='bbox 1350 1703 1457 1786; x_wconf 70' lang='grc' dir='ltr'><em>αὐτοὺς</em></span> 
     </span>
    </p>

    <p class='ocr_par' dir='ltr' id='par_1_13' title="bbox 239 1807 1457 1898">
     <span class='ocr_line' id='line_1_15' title="bbox 239 1807 1457 1898; baseline 0.002 -22"><span class='ocrx_word' id='word_1_128' title='bbox 239 1809 464 1894; x_wconf 77' lang='grc' dir='ltr'><em>ἀνακειμένους</em></span> <span class='ocrx_word' id='word_1_129' title='bbox 494 1809 550 1880; x_wconf 82' lang='grc' dir='ltr'><em>καί</em></span> <span class='ocrx_word' id='word_1_130' title='bbox 583 1833 644 1895; x_wconf 92' lang='grc' dir='ltr'><em>νομ</em></span> <span class='ocrx_word' id='word_1_131' title='bbox 647 1811 776 1892; x_wconf 85' lang='grc' dir='ltr'><em>ίζοντας</em></span> <span class='ocrx_word' id='word_1_132' title='bbox 801 1811 847 1898; x_wconf 79' lang='grc' dir='ltr'><em>μὴ</em></span> <span class='ocrx_word' id='word_1_133' title='bbox 877 1811 1046 1880; x_wconf 82' lang='grc' dir='ltr'><em>δύνασθαι</em></span> <span class='ocrx_word' id='word_1_134' title='bbox 1077 1807 1163 1881; x_wconf 76' lang='grc' dir='ltr'><em>εἶναι</em></span> <span class='ocrx_word' id='word_1_135' title='bbox 1184 1811 1274 1880; x_wconf 58' lang='lat' dir='ltr'><em>‘viar</em></span> <span class='ocrx_word' id='word_1_136' title='bbox 1300 1814 1363 1878; x_wconf 87' lang='grc' dir='ltr'><em>τοῦ</em></span> <span class='ocrx_word' id='word_1_137' title='bbox 1383 1814 1457 1878; x_wconf 81' lang='grc' dir='ltr'><em>θεοῦ</em></span> 
     </span>
    </p>

    <p class='ocr_par' dir='ltr' id='par_1_14' title="bbox 240 1908 1457 2002">
     <span class='ocr_line' id='line_1_16' title="bbox 240 1908 1457 2002; baseline -0.002 -22"><span class='ocrx_word' id='word_1_138' title='bbox 240 1909 412 1997; x_wconf 77' lang='grc' dir='ltr'><em>οἰκτείρειν</em></span> <span class='ocrx_word' id='word_1_139' title='bbox 432 1914 493 1998; x_wconf 82' lang='grc' dir='ltr'><em>μὲν</em></span> <span class='ocrx_word' id='word_1_140' title='bbox 515 1911 624 1993; x_wconf 84' lang='grc' dir='ltr'><em>ἀξιον,</em></span> <span class='ocrx_word' id='word_1_141' title='bbox 655 1913 781 2000; x_wconf 75' lang='grc' dir='ltr'><em>ἐρωτᾶν</em></span> <span class='ocrx_word' id='word_1_142' title='bbox 804 1914 918 1982; x_wconf 79' lang='grc' dir='ltr'><em>δὲκαὶ</em></span> <span class='ocrx_word' id='word_1_143' title='bbox 940 1916 1116 2002; x_wconf 78' lang='grc' dir='ltr'><em>διελέγχειν</em></span> <span class='ocrx_word' id='word_1_144' title='bbox 1138 1909 1258 1994; x_wconf 76' lang='grc' dir='ltr'><em>αὐτοὺς</em></span> <span class='ocrx_word' id='word_1_145' title='bbox 1279 1908 1457 1982; x_wconf 81' lang='grc' dir='ltr'><em>ἀκόλουθόν</em></span> 
     </span>
    </p>

    <p class='ocr_par' dir='ltr' id='par_1_15' title="bbox 154 2007 1457 2104">
     <span class='ocr_line' id='line_1_17' title="bbox 154 2007 1457 2104; baseline -0.002 -22"><span class='ocrx_word' id='word_1_146' title='bbox 154 2011 323 2094; x_wconf 58' lang='lat' dir='ltr'><em>mmm,</em></span> <span class='ocrx_word' id='word_1_147' title='bbox 345 2013 429 2097; x_wconf 82' lang='grc' dir='ltr'><em>τάχα</em></span> <span class='ocrx_word' id='word_1_148' title='bbox 450 2007 509 2102; x_wconf 75' lang='grc' dir='ltr'><em>κάν</em></span> <span class='ocrx_word' id='word_1_149' title='bbox 532 2011 637 2094; x_wconf 85' lang='grc' dir='ltr'><em>οῦτως</em></span> <span class='ocrx_word' id='word_1_150' title='bbox 659 2015 706 2096; x_wconf 87' lang='grc' dir='ltr'><em>εἰς</em></span> <span class='ocrx_word' id='word_1_151' title='bbox 728 2016 891 2104; x_wconf 76' lang='grc' dir='ltr'><em>αἴσθησιν</em></span> <span class='ocrx_word' id='word_1_152' title='bbox 914 2017 1071 2086; x_wconf 70' lang='grc' dir='ltr'><em>ἔλθωσιν.</em></span> <span class='ocrx_word' id='word_1_153' title='bbox 1116 2018 1146 2085; x_wconf 83' lang='grc' dir='ltr'><em>ελ</em></span> <span class='ocrx_word' id='word_1_154' title='bbox 1167 2011 1244 2084; x_wconf 79' lang='grc' dir='ltr'><em>καθ’</em></span> <span class='ocrx_word' id='word_1_155' title='bbox 1261 2011 1348 2100; x_wconf 78' lang='grc' dir='ltr'><em>ὑμᾶς</em></span> <span class='ocrx_word' id='word_1_156' title='bbox 1362 2014 1397 2095; x_wconf 80' lang='grc' dir='ltr'><em>ἐξ</em></span> <span class='ocrx_word' id='word_1_157' title='bbox 1409 2011 1457 2080; x_wconf 81' lang='grc' dir='ltr'><em>οῦν</em></span> 
     </span>
    </p>

    <p class='ocr_par' dir='ltr' id='par_1_16' title="bbox 241 2107 1457 2208">
     <span class='ocr_line' id='line_1_18' title="bbox 241 2107 1457 2208; baseline 0.002 -28"><span class='ocrx_word' id='word_1_158' title='bbox 241 2111 346 2182; x_wconf 76' lang='grc' dir='ltr'><em>ὄντων</em></span> <span class='ocrx_word' id='word_1_159' title='bbox 367 2114 477 2184; x_wconf 56' lang='grc' dir='ltr'><em>’ἐστὶν</em></span> <span class='ocrx_word' id='word_1_160' title='bbox 500 2112 518 2182; x_wconf 84' lang='grc' dir='ltr'>ὁ</span> <span class='ocrx_word' id='word_1_161' title='bbox 540 2115 612 2196; x_wconf 81' lang='grc' dir='ltr'><em>υίὸς</em></span> <span class='ocrx_word' id='word_1_162' title='bbox 633 2116 690 2184; x_wconf 83' lang='grc' dir='ltr'><em>καί</em></span> <span class='ocrx_word' id='word_1_163' title='bbox 711 2113 771 2186; x_wconf 83' lang='grc' dir='ltr'><em>οῦκ</em></span> <span class='ocrx_word' id='word_1_164' title='bbox 790 2107 830 2206; x_wconf 80' lang='grc' dir='ltr'><em>ἦν</em></span> <span class='ocrx_word' id='word_1_165' title='bbox 853 2118 933 2206; x_wconf 84' lang='grc' dir='ltr'><em>πρὶν</em></span> <span class='ocrx_word' id='word_1_166' title='bbox 955 2122 1115 2208; x_wconf 82' lang='grc' dir='ltr'><em>γεννηθῇ,</em></span> <span class='ocrx_word' id='word_1_167' title='bbox 1139 2118 1275 2197; x_wconf 89' lang='grc' dir='ltr'><em>πάντως</em></span> <span class='ocrx_word' id='word_1_168' title='bbox 1294 2140 1364 2184; x_wconf 85' lang='grc' dir='ltr'><em>που</em></span> <span class='ocrx_word' id='word_1_169' title='bbox 1384 2115 1457 2184; x_wconf 78' lang='grc' dir='ltr'><em>κατὰ</em></span> 
     </span>
    </p>

    <p class='ocr_par' dir='ltr' id='par_1_17' title="bbox 238 2213 1521 2410">
     <span class='ocr_line' id='line_1_19' title="bbox 239 2213 1456 2310; baseline 0.002 -27"><span class='ocrx_word' id='word_1_170' title='bbox 239 2223 418 2300; x_wconf 83' lang='grc' dir='ltr'><em>μετουσίαν</em></span> <span class='ocrx_word' id='word_1_171' title='bbox 447 2218 504 2285; x_wconf 83' lang='grc' dir='ltr'><em>καλ</em></span> <span class='ocrx_word' id='word_1_172' title='bbox 526 2213 626 2299; x_wconf 76' lang='grc' dir='ltr'><em>αὐτὸς</em></span> <span class='ocrx_word' id='word_1_173' title='bbox 646 2219 718 2300; x_wconf 82' lang='grc' dir='ltr'><em>υἱὸς</em></span> <span class='ocrx_word' id='word_1_174' title='bbox 739 2219 796 2288; x_wconf 80' lang='grc' dir='ltr'><em>καὶ</em></span> <span class='ocrx_word' id='word_1_175' title='bbox 816 2220 900 2301; x_wconf 83' lang='grc' dir='ltr'><em>θεὸς</em></span> <span class='ocrx_word' id='word_1_176' title='bbox 920 2221 976 2288; x_wconf 85' lang='grc' dir='ltr'><em>καὶ</em></span> <span class='ocrx_word' id='word_1_177' title='bbox 999 2228 1106 2309; x_wconf 85' lang='grc' dir='ltr'><em>σοφία</em></span> <span class='ocrx_word' id='word_1_178' title='bbox 1127 2220 1268 2310; x_wconf 76' lang='grc' dir='ltr'><em>ἐκλήθη·</em></span> <span class='ocrx_word' id='word_1_179' title='bbox 1297 2215 1384 2286; x_wconf 87' lang='grc' dir='ltr'><em>οῦτω</em></span> <span class='ocrx_word' id='word_1_180' title='bbox 1404 2217 1456 2304; x_wconf 77' lang='grc' dir='ltr'><em>γὰρ</em></span> 
     </span>
     <span class='ocr_line' id='line_1_20' title="bbox 238 2311 1521 2410; baseline 0.002 -26"><span class='ocrx_word' id='word_1_181' title='bbox 238 2317 358 2386; x_wconf 80' lang='grc' dir='ltr'><em>καὶτὰ</em></span> <span class='ocrx_word' id='word_1_182' title='bbox 380 2317 465 2386; x_wconf 85' lang='grc' dir='ltr'><em>ἀλλα</em></span> <span class='ocrx_word' id='word_1_183' title='bbox 485 2311 794 2410; x_wconf 71' lang='grc' dir='ltr'><em>πάντασονίστηκί</em></span> <span class='ocrx_word' id='word_1_184' title='bbox 815 2323 929 2390; x_wconf 80' lang='grc' dir='ltr'><em>τεκαὶ</em></span> <span class='ocrx_word' id='word_1_185' title='bbox 950 2319 1345 2410; x_wconf 79' lang='grc' dir='ltr'><em>ἀγιαζόμεναάοξάζεται.</em></span> <span class='ocrx_word' id='word_1_186' title='bbox 1377 2326 1457 2396; x_wconf 87' lang='grc' dir='ltr'><em>τίνος</em></span> <span class='ocrx_word' id='word_1_187' title='bbox 1519 2386 1521 2404; x_wconf 49' lang='grc'><em>,</em></span> 
     </span>
    </p>

    <p class='ocr_par' dir='ltr' id='par_1_18' title="bbox 237 2419 1457 2511">
     <span class='ocr_line' id='line_1_21' title="bbox 237 2419 1457 2511; baseline -0.001 -24"><span class='ocrx_word' id='word_1_188' title='bbox 237 2426 349 2488; x_wconf 87' lang='grc' dir='ltr'><em>τοίνυν</em></span> <span class='ocrx_word' id='word_1_189' title='bbox 371 2420 442 2488; x_wconf 75' lang='grc' dir='ltr'><em>ἐστὶ</em></span> <span class='ocrx_word' id='word_1_190' title='bbox 462 2427 610 2506; x_wconf 81' lang='grc' dir='ltr'><em>μέτοχος,</em></span> <span class='ocrx_word' id='word_1_191' title='bbox 634 2421 742 2491; x_wconf 77' lang='grc' dir='ltr'><em>εἰπεῖν</em></span> <span class='ocrx_word' id='word_1_192' title='bbox 764 2419 850 2507; x_wconf 76' lang='grc' dir='ltr'><em>ὑμᾶς</em></span> <span class='ocrx_word' id='word_1_193' title='bbox 871 2419 1002 2511; x_wconf 79' lang='grc' dir='ltr'><em>ἀνάγνη.</em></span> <span class='ocrx_word' id='word_1_194' title='bbox 1033 2423 1075 2492; x_wconf 87' lang='grc' dir='ltr'><em>τὰ</em></span> <span class='ocrx_word' id='word_1_195' title='bbox 1096 2427 1157 2509; x_wconf 78' lang='grc' dir='ltr'><em>μὲν</em></span> <span class='ocrx_word' id='word_1_196' title='bbox 1178 2423 1240 2511; x_wconf 87' lang='grc' dir='ltr'><em>γὰρ</em></span> <span class='ocrx_word' id='word_1_197' title='bbox 1255 2421 1341 2490; x_wconf 83' lang='grc' dir='ltr'><em>ἀλλα</em></span> <span class='ocrx_word' id='word_1_198' title='bbox 1356 2421 1457 2488; x_wconf 84' lang='grc' dir='ltr'><em>πάντα</em></span> 
     </span>
    </p>

    <p class='ocr_par' dir='ltr' id='par_1_19' title="bbox 237 2517 1457 2612">
     <span class='ocr_line' id='line_1_22' title="bbox 237 2517 1457 2612; baseline 0.004 -25"><span class='ocrx_word' id='word_1_199' title='bbox 237 2525 298 2588; x_wconf 91' lang='grc' dir='ltr'><em>τοῦ</em></span> <span class='ocrx_word' id='word_1_200' title='bbox 319 2522 508 2608; x_wconf 86' lang='grc' dir='ltr'><em>πνεύματος</em></span> <span class='ocrx_word' id='word_1_201' title='bbox 527 2529 664 2610; x_wconf 84' lang='grc' dir='ltr'><em>μετέχει,</em></span> <span class='ocrx_word' id='word_1_202' title='bbox 688 2518 787 2604; x_wconf 85' lang='grc' dir='ltr'><em>αῦτὸς</em></span> <span class='ocrx_word' id='word_1_203' title='bbox 809 2525 846 2592; x_wconf 78' lang='grc' dir='ltr'><em>δὲ</em></span> <span class='ocrx_word' id='word_1_204' title='bbox 867 2522 933 2612; x_wconf 84' lang='grc' dir='ltr'><em>ἀρα</em></span> <span class='ocrx_word' id='word_1_205' title='bbox 953 2520 1030 2592; x_wconf 76' lang='grc' dir='ltr'><em>καθ’</em></span> <span class='ocrx_word' id='word_1_206' title='bbox 1054 2522 1140 2611; x_wconf 84' lang='grc' dir='ltr'><em>ῦμῦς</em></span> <span class='ocrx_word' id='word_1_207' title='bbox 1160 2532 1251 2605; x_wconf 88' lang='grc' dir='ltr'><em>τίνος</em></span> <span class='ocrx_word' id='word_1_208' title='bbox 1273 2517 1314 2592; x_wconf 85' lang='grc' dir='ltr'><em>ἀν</em></span> <span class='ocrx_word' id='word_1_209' title='bbox 1336 2524 1386 2611; x_wconf 75' lang='grc' dir='ltr'><em>εἴη</em></span> <span class='ocrx_word' id='word_1_210' title='bbox 1406 2529 1457 2608; x_wconf 78' lang='grc' dir='ltr'><em>μέ·</em></span> 
     </span>
    </p>

    <p class='ocr_par' dir='ltr' id='par_1_20' title="bbox 237 2620 1457 2714">
     <span class='ocr_line' id='line_1_23' title="bbox 237 2620 1457 2714; baseline 0 -24"><span class='ocrx_word' id='word_1_211' title='bbox 237 2646 351 2708; x_wconf 88' lang='grc' dir='ltr'><em>τοχος,·</em></span> <span class='ocrx_word' id='word_1_212' title='bbox 384 2629 443 2693; x_wconf 88' lang='grc' dir='ltr'><em>τοῦ</em></span> <span class='ocrx_word' id='word_1_213' title='bbox 465 2625 672 2711; x_wconf 75' lang='grc' dir='ltr'><em>πνεύματοςς</em></span> <span class='ocrx_word' id='word_1_214' title='bbox 704 2626 760 2693; x_wconf 80' lang='grc' dir='ltr'><em>καὶ</em></span> <span class='ocrx_word' id='word_1_215' title='bbox 790 2624 855 2714; x_wconf 84' lang='grc' dir='ltr'><em>μὴν</em></span> <span class='ocrx_word' id='word_1_216' title='bbox 888 2620 971 2693; x_wconf 85' lang='grc' dir='ltr'><em>αάτὸ</em></span> <span class='ocrx_word' id='word_1_217' title='bbox 998 2626 1037 2693; x_wconf 90' lang='grc' dir='ltr'><em>τὸ</em></span> <span class='ocrx_word' id='word_1_218' title='bbox 1066 2631 1197 2712; x_wconf 88' lang='grc' dir='ltr'><em>πνεῦμα</em></span> <span class='ocrx_word' id='word_1_219' title='bbox 1224 2627 1350 2711; x_wconf 84' lang='grc' dir='ltr'><em>μάλλον</em></span> <span class='ocrx_word' id='word_1_220' title='bbox 1372 2623 1457 2712; x_wconf 77' lang='grc' dir='ltr'><em>παρὰ</em></span> 
     </span>
    </p>

    <p class='ocr_par' dir='ltr' id='par_1_21' title="bbox 177 2723 1457 2820">
     <span class='ocr_line' id='line_1_24' title="bbox 177 2723 1457 2820; baseline 0 -28"><span class='ocrx_word' id='word_1_221' title='bbox 177 2811 182 2820; x_wconf 87' lang='lat'><em>.</em></span> <span class='ocrx_word' id='word_1_222' title='bbox 236 2729 296 2794; x_wconf 88' lang='grc' dir='ltr'><em>τοῦ</em></span> <span class='ocrx_word' id='word_1_223' title='bbox 318 2727 391 2795; x_wconf 85' lang='grc' dir='ltr'><em>οίοῦ</em></span> <span class='ocrx_word' id='word_1_224' title='bbox 414 2727 588 2816; x_wconf 81' lang='grc' dir='ltr'><em>λαμβάνει,</em></span> <span class='ocrx_word' id='word_1_225' title='bbox 623 2724 669 2808; x_wconf 82' lang='grc' dir='ltr'><em>ιῦς</em></span> <span class='ocrx_word' id='word_1_226' title='bbox 690 2723 791 2806; x_wconf 85' lang='grc' dir='ltr'><em>οιῦτὸς</em></span> <span class='ocrx_word' id='word_1_227' title='bbox 813 2727 969 2816; x_wconf 54' lang='grc' dir='ltr'><em>εἴρηκ’),</em></span> <span class='ocrx_word' id='word_1_228' title='bbox 1003 2727 1059 2795; x_wconf 87' lang='grc' dir='ltr'><em>καὶ</em></span> <span class='ocrx_word' id='word_1_229' title='bbox 1088 2727 1209 2815; x_wconf 78' lang='grc' dir='ltr'><em>ἄλογόν</em></span> <span class='ocrx_word' id='word_1_230' title='bbox 1238 2727 1328 2796; x_wconf 79' lang='grc' dir='ltr'><em>ἐστιν</em></span> <span class='ocrx_word' id='word_1_231' title='bbox 1357 2727 1457 2794; x_wconf 77' lang='grc' dir='ltr'><em>εἰπεῖν</em></span> 
     </span>
    </p>

    <p class='ocr_par' dir='ltr' id='par_1_22' title="bbox 134 2824 1457 2917">
     <span class='ocr_line' id='line_1_25' title="bbox 134 2824 1457 2917; baseline 0 -23"><span class='ocrx_word' id='word_1_232' title='bbox 134 2865 145 2880; x_wconf 87' lang='lat'><em>·</em></span> <span class='ocrx_word' id='word_1_233' title='bbox 236 2832 355 2897; x_wconf 88' lang='grc' dir='ltr'><em>τοῦτον</em></span> <span class='ocrx_word' id='word_1_234' title='bbox 377 2827 578 2917; x_wconf 81' lang='grc' dir='ltr'><em>ἀγιάζεσθαι</em></span> <span class='ocrx_word' id='word_1_235' title='bbox 599 2826 677 2916; x_wconf 77' lang='grc' dir='ltr'><em>παρ’</em></span> <span class='ocrx_word' id='word_1_236' title='bbox 695 2827 829 2898; x_wconf 77' lang='grc' dir='ltr'><em>ἐκείνου.</em></span> <span class='ocrx_word' id='word_1_237' title='bbox 861 2824 976 2898; x_wconf 81' lang='grc' dir='ltr'><em>οάκοῦν</em></span> <span class='ocrx_word' id='word_1_238' title='bbox 990 2833 1051 2898; x_wconf 91' lang='grc' dir='ltr'><em>τοῦ</em></span> <span class='ocrx_word' id='word_1_239' title='bbox 1066 2829 1195 2917; x_wconf 88' lang='grc' dir='ltr'><em>πατρὸς</em></span> <span class='ocrx_word' id='word_1_240' title='bbox 1207 2835 1351 2914; x_wconf 81' lang='grc' dir='ltr'><em>μετέχει·</em></span> <span class='ocrx_word' id='word_1_241' title='bbox 1365 2832 1457 2895; x_wconf 88' lang='grc' dir='ltr'><em>τοῦτο</em></span> 
     </span>
    </p>

    <p class='ocr_par' dir='ltr' id='par_1_23' title="bbox 235 2925 1455 3019">
     <span class='ocr_line' id='line_1_26' title="bbox 235 2925 1455 3019; baseline 0.002 -23"><span class='ocrx_word' id='word_1_242' title='bbox 235 2930 298 3016; x_wconf 82' lang='grc' dir='ltr'><em>γὰρ</em></span> <span class='ocrx_word' id='word_1_243' title='bbox 321 2933 473 3000; x_wconf 83' lang='grc' dir='ltr'><em>λείπεται</em></span> <span class='ocrx_word' id='word_1_244' title='bbox 493 2931 550 2999; x_wconf 84' lang='grc' dir='ltr'><em>καὶ</em></span> <span class='ocrx_word' id='word_1_245' title='bbox 571 2929 691 3018; x_wconf 75' lang='grc' dir='ltr'><em>ἀνάγνη</em></span> <span class='ocrx_word' id='word_1_246' title='bbox 715 2933 829 3018; x_wconf 75' lang='grc' dir='ltr'><em>λέγειν.</em></span> <span class='ocrx_word' id='word_1_247' title='bbox 860 2931 916 3000; x_wconf 81' lang='grc' dir='ltr'><em>καὶ</em></span> <span class='ocrx_word' id='word_1_248' title='bbox 936 2939 971 3000; x_wconf 89' lang='grc' dir='ltr'><em>τί</em></span> <span class='ocrx_word' id='word_1_249' title='bbox 991 2935 1091 2999; x_wconf 90' lang='grc' dir='ltr'><em>τοῦτο</em></span> <span class='ocrx_word' id='word_1_250' title='bbox 1115 2931 1179 3018; x_wconf 83' lang='grc' dir='ltr'><em>ἀρα</em></span> <span class='ocrx_word' id='word_1_251' title='bbox 1193 2925 1214 3019; x_wconf 81' lang='grc' dir='ltr'><em>ἢ</em></span> <span class='ocrx_word' id='word_1_252' title='bbox 1229 2931 1341 2999; x_wconf 87' lang='grc' dir='ltr'><em>πόθεν</em></span> <span class='ocrx_word' id='word_1_253' title='bbox 1356 2929 1455 3008; x_wconf 71' lang='grc' dir='ltr'><em>ἐστλνς</em></span> 
     </span>
    </p>

    <p class='ocr_par' dir='ltr' id='par_1_24' title="bbox 237 3023 1458 3121">
     <span class='ocr_line' id='line_1_27' title="bbox 237 3023 1458 3121; baseline 0.001 -23"><span class='ocrx_word' id='word_1_254' title='bbox 237 3031 267 3098; x_wconf 86' lang='grc' dir='ltr'><em>εἰ</em></span> <span class='ocrx_word' id='word_1_255' title='bbox 287 3033 348 3114; x_wconf 76' lang='grc' dir='ltr'><em>μὲν</em></span> <span class='ocrx_word' id='word_1_256' title='bbox 370 3023 428 3100; x_wconf 83' lang='grc' dir='ltr'><em>οῦν</em></span> <span class='ocrx_word' id='word_1_257' title='bbox 451 3034 577 3112; x_wconf 80' lang='grc' dir='ltr'><em>ἔξωθέν</em></span> <span class='ocrx_word' id='word_1_258' title='bbox 600 3032 689 3099; x_wconf 73' lang='grc' dir='ltr'><em>ἐστιν</em></span> <span class='ocrx_word' id='word_1_259' title='bbox 712 3033 894 3120; x_wconf 76' lang='grc' dir='ltr'><em>ἐπινοηθὲν</em></span> <span class='ocrx_word' id='word_1_260' title='bbox 917 3033 1011 3121; x_wconf 83' lang='grc' dir='ltr'><em>παρὰ</em></span> <span class='ocrx_word' id='word_1_261' title='bbox 1032 3036 1096 3100; x_wconf 86' lang='grc' dir='ltr'><em>τοῦ.</em></span> <span class='ocrx_word' id='word_1_262' title='bbox 1114 3032 1251 3120; x_wconf 88' lang='grc' dir='ltr'><em>πατρός,</em></span> <span class='ocrx_word' id='word_1_263' title='bbox 1275 3027 1458 3100; x_wconf 76' lang='grc' dir='ltr'><em>οῦκέτιπά-</em></span> 
     </span>
    </p>

    <p class='ocr_par' dir='ltr' id='par_1_25' title="bbox 236 3129 1458 3224">
     <span class='ocr_line' id='line_1_28' title="bbox 236 3129 1458 3224; baseline 0.001 -28"><span class='ocrx_word' id='word_1_264' title='bbox 236 3132 289 3196; x_wconf 90' lang='grc' dir='ltr'><em>λιν</em></span> <span class='ocrx_word' id='word_1_265' title='bbox 310 3136 368 3198; x_wconf 91' lang='grc' dir='ltr'><em>τοῦ</em></span> <span class='ocrx_word' id='word_1_266' title='bbox 392 3131 519 3218; x_wconf 86' lang='grc' dir='ltr'><em>πατρὸς</em></span> <span class='ocrx_word' id='word_1_267' title='bbox 541 3137 700 3218; x_wconf 66' lang='grc' dir='ltr'><em>’μετέχων</em></span> <span class='ocrx_word' id='word_1_268' title='bbox 723 3129 764 3202; x_wconf 85' lang='grc' dir='ltr'><em>ἀν</em></span> <span class='ocrx_word' id='word_1_269' title='bbox 786 3136 846 3224; x_wconf 74' lang='grc' dir='ltr'><em>εἴη,</em></span> <span class='ocrx_word' id='word_1_270' title='bbox 871 3130 956 3204; x_wconf 85' lang='grc' dir='ltr'><em>ἀλλὰ</em></span> <span class='ocrx_word' id='word_1_271' title='bbox 976 3139 1036 3202; x_wconf 89' lang='grc' dir='ltr'><em>τοῦ</em></span> <span class='ocrx_word' id='word_1_272' title='bbox 1059 3136 1185 3216; x_wconf 76' lang='grc' dir='ltr'><em>ἐ’ξιυθεν</em></span> <span class='ocrx_word' id='word_1_273' title='bbox 1201 3140 1386 3221; x_wconf 73' lang='grc' dir='ltr'><em>γενομένου,</em></span> <span class='ocrx_word' id='word_1_274' title='bbox 1408 3131 1458 3200; x_wconf 82' lang='grc' dir='ltr'><em>καὶ</em></span> 
     </span>
    </p>

    <p class='ocr_par' dir='ltr' id='par_1_26' title="bbox 116 3226 1458 3324">
     <span class='ocr_line' id='line_1_29' title="bbox 116 3226 1458 3324; baseline 0.004 -27"><span class='ocrx_word' id='word_1_275' title='bbox 116 3241 118 3246; x_wconf 86' lang='grc'><strong>’</strong></span> <span class='ocrx_word' id='word_1_276' title='bbox 237 3226 347 3298; x_wconf 81' lang='grc' dir='ltr'><em>οῦκέτι</em></span> <span class='ocrx_word' id='word_1_277' title='bbox 378 3227 479 3312; x_wconf 84' lang='grc' dir='ltr'><em>αῦτὸς</em></span> <span class='ocrx_word' id='word_1_278' title='bbox 507 3228 585 3300; x_wconf 79' lang='grc' dir='ltr'><em>οάἀί</em></span> <span class='ocrx_word' id='word_1_279' title='bbox 614 3233 765 3324; x_wconf 81' lang='grc' dir='ltr'><em>δεύτερος</em></span> <span class='ocrx_word' id='word_1_280' title='bbox 792 3237 886 3305; x_wconf 66' lang='grc' dir='ltr'><em>ἔσται</em></span> <span class='ocrx_word' id='word_1_281' title='bbox 913 3237 1013 3323; x_wconf 64' lang='grc' dir='ltr'><em>’μετὰ</em></span> <span class='ocrx_word' id='word_1_282' title='bbox 1033 3237 1091 3304; x_wconf 88' lang='grc' dir='ltr'><em>τὸν</em></span> <span class='ocrx_word' id='word_1_283' title='bbox 1114 3242 1258 3324; x_wconf 81' lang='grc' dir='ltr'><em>πατέρα,</em></span> <span class='ocrx_word' id='word_1_284' title='bbox 1293 3237 1374 3320; x_wconf 76' lang='grc' dir='ltr'><em>ἔχων</em></span> <span class='ocrx_word' id='word_1_285' title='bbox 1395 3233 1458 3320; x_wconf 79' lang='grc' dir='ltr'><em>πρὸ</em></span> 
     </span>
    </p>

    <p class='ocr_par' dir='ltr' id='par_1_27' title="bbox 237 3325 1458 3426">
     <span class='ocr_line' id='line_1_30' title="bbox 237 3325 1458 3426; baseline 0.002 -26"><span class='ocrx_word' id='word_1_286' title='bbox 237 3331 356 3400; x_wconf 72' lang='grc' dir='ltr'><em>ἑαυτοῦ</em></span> <span class='ocrx_word' id='word_1_287' title='bbox 379 3333 493 3416; x_wconf 76' lang='grc' dir='ltr'><em>ἐκεῖνο,</em></span> <span class='ocrx_word' id='word_1_288' title='bbox 517 3332 674 3404; x_wconf 79' lang='grc' dir='ltr'><em>οὐδὲτοῦ</em></span> <span class='ocrx_word' id='word_1_289' title='bbox 696 3337 825 3426; x_wconf 85' lang='grc' dir='ltr'><em>πατρὸς</em></span> <span class='ocrx_word' id='word_1_290' title='bbox 846 3339 918 3419; x_wconf 81' lang='grc' dir='ltr'><em>υίὸς</em></span> <span class='ocrx_word' id='word_1_291' title='bbox 939 3333 981 3407; x_wconf 87' lang='grc' dir='ltr'><em>ἀν</em></span> <span class='ocrx_word' id='word_1_292' title='bbox 1002 3341 1150 3426; x_wconf 82' lang='grc' dir='ltr'><em>λεχθείη,</em></span> <span class='ocrx_word' id='word_1_293' title='bbox 1174 3333 1243 3406; x_wconf 74' lang='grc' dir='ltr'><em>ἀλλ’</em></span> <span class='ocrx_word' id='word_1_294' title='bbox 1268 3338 1400 3419; x_wconf 70' lang='grc' dir='ltr'><em>ἐκείνου,</em></span> <span class='ocrx_word' id='word_1_295' title='bbox 1421 3325 1458 3402; x_wconf 82' lang='grc' dir='ltr'><em>οῦ</em></span> 
     </span>
    </p>

    <p class='ocr_par' dir='ltr' id='par_1_28' title="bbox 236 3432 1459 3529">
     <span class='ocr_line' id='line_1_31' title="bbox 236 3432 1459 3529; baseline 0.005 -29"><span class='ocrx_word' id='word_1_296' title='bbox 236 3432 293 3500; x_wconf 80' lang='grc' dir='ltr'><em>καί</em></span> <span class='ocrx_word' id='word_1_297' title='bbox 312 3441 456 3520; x_wconf 81' lang='grc' dir='ltr'><em>μετέχων</em></span> <span class='ocrx_word' id='word_1_298' title='bbox 477 3439 549 3518; x_wconf 84' lang='grc' dir='ltr'><em>υίὸς</em></span> <span class='ocrx_word' id='word_1_299' title='bbox 568 3439 625 3506; x_wconf 81' lang='grc' dir='ltr'><em>καὶ</em></span> <span class='ocrx_word' id='word_1_300' title='bbox 645 3439 729 3519; x_wconf 83' lang='grc' dir='ltr'><em>θεὸς</em></span> <span class='ocrx_word' id='word_1_301' title='bbox 750 3440 882 3529; x_wconf 70' lang='grc' dir='ltr'><em>ἐκλήθη.</em></span> <span class='ocrx_word' id='word_1_302' title='bbox 929 3441 959 3510; x_wconf 79' lang='grc' dir='ltr'><em>εἰ</em></span> <span class='ocrx_word' id='word_1_303' title='bbox 981 3443 1017 3509; x_wconf 79' lang='grc' dir='ltr'><em>ἀὲ</em></span> <span class='ocrx_word' id='word_1_304' title='bbox 1038 3444 1136 3508; x_wconf 90' lang='grc' dir='ltr'><em>τοῦτο</em></span> <span class='ocrx_word' id='word_1_305' title='bbox 1159 3437 1288 3508; x_wconf 86' lang='grc' dir='ltr'><em>ἀτοπον</em></span> <span class='ocrx_word' id='word_1_306' title='bbox 1309 3439 1367 3508; x_wconf 82' lang='grc' dir='ltr'><em>ναὶ</em></span> <span class='ocrx_word' id='word_1_307' title='bbox 1386 3437 1459 3507; x_wconf 84' lang='grc' dir='ltr'><em>ἀσε-</em></span> 
     </span>
    </p>

    <p class='ocr_par' dir='ltr' id='par_1_29' title="bbox 235 3532 1457 3629">
     <span class='ocr_line' id='line_1_32' title="bbox 235 3532 1457 3629; baseline 0.006 -26"><span class='ocrx_word' id='word_1_308' title='bbox 235 3541 307 3624; x_wconf 76' lang='grc' dir='ltr'><em>βές,</em></span> <span class='ocrx_word' id='word_1_309' title='bbox 330 3538 482 3622; x_wconf 73' lang='grc' dir='ltr'><em>λέγοντος</em></span> <span class='ocrx_word' id='word_1_310' title='bbox 501 3542 561 3625; x_wconf 77' lang='grc' dir='ltr'><em>μὲν</em></span> <span class='ocrx_word' id='word_1_311' title='bbox 583 3544 642 3608; x_wconf 89' lang='grc' dir='ltr'><em>τοῦ</em></span> <span class='ocrx_word' id='word_1_312' title='bbox 665 3541 810 3628; x_wconf 89' lang='grc' dir='ltr'><em>πατρός·</em></span> <span class='ocrx_word' id='word_1_313' title='bbox 839 3532 936 3620; x_wconf 81' lang='grc' dir='ltr'><em>οὗτός</em></span> <span class='ocrx_word' id='word_1_314' title='bbox 958 3542 1048 3611; x_wconf 79' lang='grc' dir='ltr'><em>ἐστιν</em></span> <span class='ocrx_word' id='word_1_315' title='bbox 1071 3540 1090 3610; x_wconf 83' lang='grc' dir='ltr'>ὁ</span> <span class='ocrx_word' id='word_1_316' title='bbox 1111 3541 1184 3623; x_wconf 76' lang='grc' dir='ltr'><em>υἱός</em></span> <span class='ocrx_word' id='word_1_317' title='bbox 1204 3567 1270 3628; x_wconf 89' lang='grc' dir='ltr'><em>μου</em></span> <span class='ocrx_word' id='word_1_318' title='bbox 1292 3539 1311 3609; x_wconf 85' lang='grc' dir='ltr'><em>ἀ</em></span> <span class='ocrx_word' id='word_1_319' title='bbox 1333 3537 1457 3629; x_wconf 80' lang='grc' dir='ltr'><em>ἀγάπη·</em></span> 
     </span>
    </p>

    <p class='ocr_par' dir='ltr' id='par_1_30' title="bbox 235 3637 1457 3730">
     <span class='ocr_line' id='line_1_33' title="bbox 235 3637 1457 3730; baseline 0.009 -25"><span class='ocrx_word' id='word_1_320' title='bbox 235 3637 337 3720; x_wconf 71' lang='grc' dir='ltr'><em>τός’),</em></span> <span class='ocrx_word' id='word_1_321' title='bbox 372 3641 524 3726; x_wconf 81' lang='grc' dir='ltr'><em>λέγοντος</em></span> <span class='ocrx_word' id='word_1_322' title='bbox 551 3643 587 3710; x_wconf 78' lang='grc' dir='ltr'><em>δὲ</em></span> <span class='ocrx_word' id='word_1_323' title='bbox 615 3640 672 3708; x_wconf 86' lang='grc' dir='ltr'><em>καὶ</em></span> <span class='ocrx_word' id='word_1_324' title='bbox 699 3645 758 3709; x_wconf 90' lang='grc' dir='ltr'><em>τοῦ</em></span> <span class='ocrx_word' id='word_1_325' title='bbox 787 3643 860 3708; x_wconf 77' lang='grc' dir='ltr'><em>υἱοῦ</em></span> <span class='ocrx_word' id='word_1_326' title='bbox 889 3648 1020 3730; x_wconf 89' lang='grc' dir='ltr'><em>πατίρα</em></span> <span class='ocrx_word' id='word_1_327' title='bbox 1041 3645 1130 3713; x_wconf 78' lang='grc' dir='ltr'><em>ἰ’ἀιον</em></span> <span class='ocrx_word' id='word_1_328' title='bbox 1153 3641 1239 3713; x_wconf 80' lang='grc' dir='ltr'><em>εἶναι</em></span> <span class='ocrx_word' id='word_1_329' title='bbox 1259 3642 1319 3712; x_wconf 88' lang='grc' dir='ltr'><em>τὸν</em></span> <span class='ocrx_word' id='word_1_330' title='bbox 1339 3641 1457 3718; x_wconf 67' lang='grc' dir='ltr'><em>θεόν’),</em></span> 
     </span>
    </p>

    <p class='ocr_par' dir='ltr' id='par_1_31' title="bbox 233 3737 1457 3834">
     <span class='ocr_line' id='line_1_34' title="bbox 233 3737 1457 3834; baseline -0.001 -27"><span class='ocrx_word' id='word_1_331' title='bbox 233 3743 354 3831; x_wconf 70' lang='grc' dir='ltr'><em>Ιἀῆλον</em></span> <span class='ocrx_word' id='word_1_332' title='bbox 389 3737 443 3809; x_wconf 80' lang='grc' dir='ltr'><em>ὅτι</em></span> <span class='ocrx_word' id='word_1_333' title='bbox 476 3738 535 3810; x_wconf 83' lang='grc' dir='ltr'><em>οῦκ</em></span> <span class='ocrx_word' id='word_1_334' title='bbox 567 3743 693 3824; x_wconf 74' lang='grc' dir='ltr'><em>ἔξωθεν</em></span> <span class='ocrx_word' id='word_1_335' title='bbox 726 3737 795 3810; x_wconf 75' lang='grc' dir='ltr'><em>ἀλλ’</em></span> <span class='ocrx_word' id='word_1_336' title='bbox 821 3742 856 3810; x_wconf 78' lang='grc' dir='ltr'><em>ἀι</em></span> <span class='ocrx_word' id='word_1_337' title='bbox 882 3747 941 3834; x_wconf 74' lang='grc' dir='ltr'><em>τῆς</em></span> <span class='ocrx_word' id='word_1_338' title='bbox 962 3741 1079 3827; x_wconf 79' lang='grc' dir='ltr'><em>οὐσίας</em></span> <span class='ocrx_word' id='word_1_339' title='bbox 1099 3750 1159 3814; x_wconf 85' lang='grc' dir='ltr'><em>τοῦ</em></span> <span class='ocrx_word' id='word_1_340' title='bbox 1181 3745 1310 3834; x_wconf 88' lang='grc' dir='ltr'><em>πατρός</em></span> <span class='ocrx_word' id='word_1_341' title='bbox 1331 3742 1457 3814; x_wconf 74' lang='grc' dir='ltr'><em>ἔστιτὸ</em></span> 
     </span>
    </p>

    <p class='ocr_par' dir='ltr' id='par_1_32' title="bbox 234 3837 1460 3936">
     <span class='ocr_line' id='line_1_35' title="bbox 234 3837 1460 3936; baseline -0.003 -24"><span class='ocrx_word' id='word_1_342' title='bbox 234 3843 460 3930; x_wconf 88' lang='grc' dir='ltr'><em>μιτεχὸμενον.</em></span> <span class='ocrx_word' id='word_1_343' title='bbox 504 3848 603 3912; x_wconf 90' lang='grc' dir='ltr'><em>τοῦτο</em></span> <span class='ocrx_word' id='word_1_344' title='bbox 633 3845 669 3913; x_wconf 81' lang='grc' dir='ltr'><em>ἀὲ</em></span> <span class='ocrx_word' id='word_1_345' title='bbox 691 3844 795 3912; x_wconf 88' lang='grc' dir='ltr'><em>πάλιν</em></span> <span class='ocrx_word' id='word_1_346' title='bbox 817 3843 874 3912; x_wconf 76' lang='grc' dir='ltr'><em>ἐὰν</em></span> <span class='ocrx_word' id='word_1_347' title='bbox 896 3847 1005 3933; x_wconf 70' lang='grc' dir='ltr'><em>ἕτερον</em></span> <span class='ocrx_word' id='word_1_348' title='bbox 1026 3837 1047 3936; x_wconf 81' lang='grc' dir='ltr'><strong><em>ᾖ</em></strong></span> <span class='ocrx_word' id='word_1_349' title='bbox 1070 3848 1165 3935; x_wconf 86' lang='grc' dir='ltr'><em>παρὰ</em></span> <span class='ocrx_word' id='word_1_350' title='bbox 1184 3848 1243 3936; x_wconf 74' lang='grc' dir='ltr'><em>τὴν</em></span> <span class='ocrx_word' id='word_1_351' title='bbox 1266 3843 1380 3916; x_wconf 84' lang='grc' dir='ltr'><em>οῦσίαν</em></span> <span class='ocrx_word' id='word_1_352' title='bbox 1400 3846 1460 3910; x_wconf 89' lang='grc' dir='ltr'><em>τοῦ</em></span> 
     </span>
    </p>

    <p class='ocr_par' dir='ltr' id='par_1_33' title="bbox 235 3940 1459 4035">
     <span class='ocr_line' id='line_1_36' title="bbox 235 3940 1459 4035; baseline 0.002 -25"><span class='ocrx_word' id='word_1_353' title='bbox 235 3945 318 4026; x_wconf 86' lang='grc' dir='ltr'><em>υλοῦ,</em></span> <span class='ocrx_word' id='word_1_354' title='bbox 341 3945 380 4013; x_wconf 86' lang='grc' dir='ltr'><em>τὸ</em></span> <span class='ocrx_word' id='word_1_355' title='bbox 403 3940 476 4013; x_wconf 78' lang='grc' dir='ltr'><em>ἶσον</em></span> <span class='ocrx_word' id='word_1_356' title='bbox 499 3943 628 4013; x_wconf 85' lang='grc' dir='ltr'><em>ἀτοπον</em></span> <span class='ocrx_word' id='word_1_357' title='bbox 651 3941 845 4035; x_wconf 80' lang='grc' dir='ltr'><em>ἀπαντήσει,</em></span> <span class='ocrx_word' id='word_1_358' title='bbox 867 3954 971 4033; x_wconf 85' lang='grc' dir='ltr'><em>μέσου</em></span> <span class='ocrx_word' id='word_1_359' title='bbox 994 3950 1097 4018; x_wconf 87' lang='grc' dir='ltr'><em>πάλιν</em></span> <span class='ocrx_word' id='word_1_360' title='bbox 1113 3947 1345 4035; x_wconf 78' lang='grc' dir='ltr'><em>εὑρισκομένου</em></span> <span class='ocrx_word' id='word_1_361' title='bbox 1365 3944 1459 4013; x_wconf 59' lang='grc' dir='ltr'><em>ιτοῦ·</em></span> 
     </span>
    </p>

    <p class='ocr_par' dir='ltr' id='par_1_34' title="bbox 235 4043 1364 4140">
     <span class='ocr_line' id='line_1_37' title="bbox 235 4043 1364 4140; baseline 0.006 -31"><span class='ocrx_word' id='word_1_362' title='bbox 235 4069 293 4112; x_wconf 89' lang='grc' dir='ltr'><em>του</em></span> <span class='ocrx_word' id='word_1_363' title='bbox 316 4047 351 4116; x_wconf 71' lang='grc' dir='ltr'><em>ἐν</em></span> <span class='ocrx_word' id='word_1_364' title='bbox 371 4051 431 4116; x_wconf 87' lang='grc' dir='ltr'><em>τοῦ</em></span> <span class='ocrx_word' id='word_1_365' title='bbox 452 4046 581 4134; x_wconf 88' lang='grc' dir='ltr'><em>πατρὸς</em></span> <span class='ocrx_word' id='word_1_366' title='bbox 601 4046 657 4116; x_wconf 83' lang='grc' dir='ltr'><em>καλ</em></span> <span class='ocrx_word' id='word_1_367' title='bbox 678 4051 736 4136; x_wconf 86' lang='grc' dir='ltr'><em>τῆς</em></span> <span class='ocrx_word' id='word_1_368' title='bbox 760 4043 875 4130; x_wconf 80' lang='grc' dir='ltr'><em>οὐσίας</em></span> <span class='ocrx_word' id='word_1_369' title='bbox 896 4052 955 4117; x_wconf 89' lang='grc' dir='ltr'><em>τοῦ</em></span> <span class='ocrx_word' id='word_1_370' title='bbox 977 4051 1059 4133; x_wconf 85' lang='grc' dir='ltr'><em>υίοῦ,</em></span> <span class='ocrx_word' id='word_1_371' title='bbox 1083 4049 1156 4140; x_wconf 79' lang='grc' dir='ltr'><em>ἥτις</em></span> <span class='ocrx_word' id='word_1_372' title='bbox 1177 4058 1263 4120; x_wconf 80' lang='grc' dir='ltr'><em>ποτέ</em></span> <span class='ocrx_word' id='word_1_373' title='bbox 1284 4051 1364 4119; x_wconf 77' lang='grc' dir='ltr'><em>ἔστε</em></span> 
     </span>
    </p>
   </div>
   <div class='ocr_carea' id='block_1_3' title="bbox 305 4234 1222 4306">
    <p class='ocr_par' dir='ltr' id='par_1_35' title="bbox 305 4234 1222 4306">
     <span class='ocr_line' id='line_1_38' title="bbox 305 4234 1222 4306; baseline 0.011 -24"><span class='ocrx_word' id='word_1_374' title='bbox 305 4234 328 4294; x_wconf 86' lang='lat'><em>1)</em></span> <span class='ocrx_word' id='word_1_375' title='bbox 346 4239 413 4288; x_wconf 83' lang='grc' dir='ltr'><em>Ιοια.</em></span> <span class='ocrx_word' id='word_1_376' title='bbox 433 4241 473 4300; x_wconf 85' lang='grc'><em>16,</em></span> <span class='ocrx_word' id='word_1_377' title='bbox 495 4241 533 4290; x_wconf 82' lang='lat'><em>14.</em></span> <span class='ocrx_word' id='word_1_378' title='bbox 604 4239 628 4298; x_wconf 83' lang='lat'><em>2)</em></span> <span class='ocrx_word' id='word_1_379' title='bbox 647 4239 727 4290; x_wconf 68' lang='lat' dir='ltr'>nauh.</span> <span class='ocrx_word' id='word_1_380' title='bbox 748 4241 773 4300; x_wconf 83' lang='grc'><em>3,</em></span> <span class='ocrx_word' id='word_1_381' title='bbox 794 4241 832 4290; x_wconf 80' lang='grc' dir='ltr'><em>Π.</em></span> <span class='ocrx_word' id='word_1_382' title='bbox 855 4241 894 4306; x_wconf 81' lang='grc' dir='ltr'><em>Π,</em></span> <span class='ocrx_word' id='word_1_383' title='bbox 913 4243 936 4292; x_wconf 81' lang='lat'><em>5.</em></span> <span class='ocrx_word' id='word_1_384' title='bbox 1007 4241 1032 4297; x_wconf 84' lang='grc'><em>3)</em></span> <span class='ocrx_word' id='word_1_385' title='bbox 1050 4242 1116 4294; x_wconf 82' lang='grc' dir='ltr'><em>λονο.</em></span> <span class='ocrx_word' id='word_1_386' title='bbox 1136 4242 1161 4302; x_wconf 85' lang='grc'><em>8,</em></span> <span class='ocrx_word' id='word_1_387' title='bbox 1181 4243 1222 4292; x_wconf 77' lang='lat'><em>54.</em></span> 
     </span>
    </p>
   </div>
   <div class='ocr_carea' id='block_1_4' title="bbox 179 4368 1464 4640">
    <p class='ocr_par' dir='ltr' id='par_1_36' title="bbox 235 4368 1463 4500">
     <span class='ocr_line' id='line_1_39' title="bbox 270 4368 1463 4438; baseline 0.006 -24"><span class='ocrx_word' id='word_1_388' title='bbox 270 4381 292 4416; x_wconf 87' lang='grc' dir='ltr'><em>ι.</em></span> <span class='ocrx_word' id='word_1_389' title='bbox 316 4368 357 4418; x_wconf 78' lang='lat' dir='ltr'><em>Sic</em></span> <span class='ocrx_word' id='word_1_390' title='bbox 380 4371 521 4434; x_wconf 77' lang='lat' dir='ltr'>Seguerian.</span> <span class='ocrx_word' id='word_1_391' title='bbox 547 4375 602 4436; x_wconf 74' lang='lat' dir='ltr'><em>fleg.</em></span> <span class='ocrx_word' id='word_1_392' title='bbox 629 4375 767 4427; x_wconf 76' lang='lat' dir='ltr'>Goblerinn.</span> <span class='ocrx_word' id='word_1_393' title='bbox 800 4384 824 4425; x_wconf 80' lang='grc' dir='ltr'><em>εί</em></span> <span class='ocrx_word' id='word_1_394' title='bbox 910 4392 930 4426; x_wconf 84' lang='lat' dir='ltr'><em>c.</em></span> <span class='ocrx_word' id='word_1_395' title='bbox 949 4376 1090 4438; x_wconf 68' lang='lat' dir='ltr'>Seguerian.</span> <span class='ocrx_word' id='word_1_396' title='bbox 1111 4368 1172 4424; x_wconf 81' lang='grc' dir='ltr'><em>υιῦν</em></span> <span class='ocrx_word' id='word_1_397' title='bbox 1188 4375 1265 4426; x_wconf 81' lang='grc' dir='ltr'><em>θεοῦ.</em></span> <span class='ocrx_word' id='word_1_398' title='bbox 1292 4379 1343 4428; x_wconf 74' lang='lat' dir='ltr'><em>Mox</em></span> <span class='ocrx_word' id='word_1_399' title='bbox 1360 4373 1463 4425; x_wconf 69' lang='lat' dir='ltr'>eomer</span> 
     </span>
     <span class='ocr_line' id='line_1_40' title="bbox 235 4434 1377 4500; baseline 0.011 -17"><span class='ocrx_word' id='word_1_400' title='bbox 235 4435 375 4486; x_wconf 75' lang='lat' dir='ltr'><em>Felekm.1</em></span> <span class='ocrx_word' id='word_1_401' title='bbox 410 4441 496 4490; x_wconf 81' lang='grc' dir='ltr'><em>λιιίιί</em></span> <span class='ocrx_word' id='word_1_402' title='bbox 515 4443 609 4492; x_wconf 73' lang='grc' dir='ltr'><em>οιοολιί</em></span> <span class='ocrx_word' id='word_1_403' title='bbox 649 4434 805 4500; x_wconf 76' lang='grc' dir='ltr'><em>άοωλιιοαί.</em></span> <span class='ocrx_word' id='word_1_404' title='bbox 875 4443 1057 4496; x_wconf 44' lang='grc' dir='ltr'><em>είῦεΙολωηί</em></span> <span class='ocrx_word' id='word_1_405' title='bbox 1075 4436 1180 4494; x_wconf 65' lang='lat' dir='ltr'><em>nutu</em></span> <span class='ocrx_word' id='word_1_406' title='bbox 1216 4457 1258 4494; x_wconf 86' lang='grc' dir='ltr'><em>ιιν</em></span> <span class='ocrx_word' id='word_1_407' title='bbox 1275 4435 1377 4496; x_wconf 77' lang='grc' dir='ltr'><em>αάτοάτ</em></span> 
     </span>
    </p>

    <p class='ocr_par' dir='ltr' id='par_1_37' title="bbox 179 4502 1464 4640">
     <span class='ocr_line' id='line_1_41' title="bbox 179 4502 1464 4592; baseline 0.005 -40"><span class='ocrx_word' id='word_1_408' title='bbox 179 4543 190 4560; x_wconf 86' lang='grc'><strong>.</strong></span> <span class='ocrx_word' id='word_1_409' title='bbox 267 4502 291 4552; x_wconf 81' lang='grc' dir='ltr'><em>λι</em></span> <span class='ocrx_word' id='word_1_410' title='bbox 310 4504 467 4568; x_wconf 72' lang='lat' dir='ltr'>SieSegner</span> <span class='ocrx_word' id='word_1_411' title='bbox 502 4510 529 4556; x_wconf 83' lang='grc' dir='ltr'><em>λι</em></span> <span class='ocrx_word' id='word_1_412' title='bbox 537 4510 603 4587; x_wconf 78' lang='grc' dir='ltr'><em>Βες.</em></span> <span class='ocrx_word' id='word_1_413' title='bbox 623 4503 823 4576; x_wconf 76' lang='grc' dir='ltr'><em>ιδιοννιαιφῦ-</em></span> <span class='ocrx_word' id='word_1_414' title='bbox 908 4512 932 4562; x_wconf 80' lang='grc' dir='ltr'><em>ἀ.</em></span> <span class='ocrx_word' id='word_1_415' title='bbox 950 4512 977 4560; x_wconf 83' lang='lat' dir='ltr'><em>ln</em></span> <span class='ocrx_word' id='word_1_416' title='bbox 996 4511 1095 4592; x_wconf 68' lang='lat' dir='ltr'><strong>Segunr.</strong></span> <span class='ocrx_word' id='word_1_417' title='bbox 1114 4513 1182 4564; x_wconf 76' lang='grc' dir='ltr'><em>αοαιι</em></span> <span class='ocrx_word' id='word_1_418' title='bbox 1213 4507 1282 4563; x_wconf 82' lang='grc' dir='ltr'><em>στίν.</em></span> <span class='ocrx_word' id='word_1_419' title='bbox 1318 4510 1423 4563; x_wconf 70' lang='grc' dir='ltr'><em>Βείολια.</em></span> <span class='ocrx_word' id='word_1_420' title='bbox 1439 4507 1464 4556; x_wconf 82' lang='lat'><strong><em>2</em></strong></span> 
     </span>
     <span class='ocr_line' id='line_1_42' title="bbox 236 4567 1159 4640; baseline 0.014 -21"><span class='ocrx_word' id='word_1_421' title='bbox 236 4581 286 4622; x_wconf 81' lang='grc' dir='ltr'><em>σει.</em></span> <span class='ocrx_word' id='word_1_422' title='bbox 323 4574 368 4624; x_wconf 73' lang='lat' dir='ltr'>Alii</span> <span class='ocrx_word' id='word_1_423' title='bbox 386 4580 410 4624; x_wconf 83' lang='grc' dir='ltr'><em>εί</em></span> <span class='ocrx_word' id='word_1_424' title='bbox 428 4573 485 4626; x_wconf 81' lang='lat' dir='ltr'><strong>editi</strong></span> <span class='ocrx_word' id='word_1_425' title='bbox 504 4569 589 4640; x_wconf 76' lang='grc' dir='ltr'><em>φύσει</em></span> <span class='ocrx_word' id='word_1_426' title='bbox 606 4567 686 4628; x_wconf 79' lang='grc' dir='ltr'><em>ἴδιον.</em></span> <span class='ocrx_word' id='word_1_427' title='bbox 802 4587 803 4592; x_wconf 75' lang='grc'>’</span> <span class='ocrx_word' id='word_1_428' title='bbox 874 4580 940 4630; x_wconf 75' lang='grc' dir='ltr'><em>τοῦ</em></span> <span class='ocrx_word' id='word_1_429' title='bbox 959 4571 1066 4628; x_wconf 71' lang='grc' dir='ltr'><em>ἐστιν</em></span> <span class='ocrx_word' id='word_1_430' title='bbox 1053 4595 1067 4628; x_wconf 90' lang='grc' dir='ltr'><em>α</em></span> <span class='ocrx_word' id='word_1_431' title='bbox 1086 4573 1159 4632; x_wconf 74' lang='grc' dir='ltr'><em>θεός.</em></span> 
     </span>
    </p>
   </div>
   <div class='ocr_carea' id='block_1_5' title="bbox 0 0 1528 5052">
    <p class='ocr_par' dir='ltr' id='par_1_38' title="bbox 0 0 1528 5052">
     <span class='ocr_line' id='line_1_43' title="bbox 0 0 1528 5052; baseline 0 0"><span class='ocrx_word' id='word_1_432' title='bbox 0 0 1528 5052; x_wconf 95' lang='lat' dir='ltr'><em> </em></span> 
     </span>
    </p>
   </div>
  </div>
 </body>
</html>
