3032 5048
278 389 303 434 8.
319 389 473 436 armasti
487 387 711 435 ncntssttscottt
726 389 922 436 ttt‘tsrouett
938 389 1117 438 tticum.
1249 375 1309 442 821

35 541 213 606 stolam.
255 541 357 607 Erant
383 545 491 626 puippe
515 541 655 606 Corintbi
683 543 837 621 referente
858 543 991 623 Epicteto
1020 545 1141 627 puidam
1168 545 1398 620 bommes,t’·⁹⁰⁰·

31 647 117 725 qui
148 646 327 707 sententias
357 644 392 708 de
417 645 478 726 fide
498 645 691 725 impiissimos
709 647 948 725 proposuissent
969 649 1200 730 apitassentpus.
1245 645 1315 708 Aie-

37 745 150 806 bant
193 743 326 809 scilicet:
365 745 404 808 1⁰.
444 745 562 826 Corpus
593 763 633 806 ec
660 743 761 808 Maria
794 750 926 826 punitum
960 745 1219 812 consubstantiale
1250 765 1316 810 esse

42 845 176 909 Verbi
200 847 313 910 deitati.
357 847 400 911 20.
437 845 563 910 Verbum
585 851 618 908 in
640 864 776 916 carnem
810 865 881 928 osca
908 857 937 910 et
964 847 1091 928 capillos
1115 860 1144 912 et
1164 853 1197 911 in
1218 857 1316 912 totum

48 957 204 1028 corpus
231 957 381 1011 mutatum
409 950 519 1029 lur'sse,
570 947 655 1021 Quae
685 951 833 1011 sententia
854 947 1046 1011 Marcionitis
1075 949 1262 1013 adscribitur
1282 955 1316 1012 in
1381 1013 1392 1045 ,

48 1047 228 1129 Dialopo,
251 1054 305 1132 pui
326 1049 466 1130 Oripenie
488 1049 890 1129 nomine·cironmsertur¹).
935 1049 975 1114 30.
1007 1049 1173 1113 Dominum
1192 1052 1316 1133 fictione

50 1167 140 1213 reon
169 1161 290 1213 natura
309 1164 442 1232 portasse
464 1169 586 1233 corpus.
634 1150 698 1224 Qui
717 1169 791 1214 sane
813 1168 908 1214 error
928 1155 1157 1234 antipuisn'mus
1179 1153 1255 1232 fuit,
1278 1153 1315 1215 ab

57 1249 212 1331 lpnatio
235 1271 361 1335 nomque
382 1264 570 1317 memoratur
592 1251 730 1334 Epistola
752 1253 792 1314 ad
809 1251 981 1315 Trallianos
1005 1252 1315 1333 cop.10.etabom-

54 1353 176 1416 nibus
209 1353 313 1417 deiude
339 1354 493 1420 Patribus.
543 1354 585 1420 40.
620 1353 724 1435 ipram
756 1354 896 1418 deitatem
929 1357 1135 1417 circumciiom
1167 1365 1197 1417 et
1226 1351 1319 1416 Cruci

60 1455 225 1535 adfixam
245 1457 353 1535 [uisse.
397 1457 439 1520 5⁰.
475 1455 601 1519 Verbum
623 1473 810 1538 nequaqnam
833 1475 871 1518 ec
885 1455 995 1526 Maria.
1018 1457 1071 1519 sed
1093 1475 1132 1519 ea
1146 1473 1203 1520 sua
1217 1457 1316 1536 ipsius

61 1556 264 1620 substantia
291 1558 352 1620 sibi
377 1576 488 1639 corpus
518 1558 704 1640 efformasse.
750 1557 791 1621 60.
828 1558 893 1631 Qui
918 1561 962 1619 ait
988 1555 1114 1620 Domini
1139 1575 1252 1638 corpus
1278 1577 1318 1621 ec

64 1658 190 1720 llluria
212 1677 291 1729 esse,
314 1677 377 1722 non
402 1657 592 1730 Trinitatem,
616 1658 669 1720 sed
689 1661 921 1739 quaternitatem
943 1659 1108 1722 admittere.
1153 1658 1318 1722 Marianam

65 1759 233 1822 harumce
253 1763 474 1822 sententiarum
492 1770 614 1841 portem
628 1758 820 1841 Apollinario
836 1760 982 1822 adscribit
998 1759 1163 1839 dreporr'ue
1177 1759 1318 1823 Nonian-

68 1878 184 1922 zenus
204 1859 292 1922 Orat.
305 1862 355 1924 46.
375 1878 446 1941 pap.
464 1857 565 1938 7220).
610 1859 671 1923 Nec
693 1873 793 1925 tamen
815 1861 863 1923 bic
886 1871 1040 1943 comparet
1060 1859 1319 1943 illedpollinari-

70 1971 209 2023 starum
231 1978 337 2033 error,
367 1981 425 2044 pua
453 1962 602 2040 nepabont
629 1970 755 2023 mentem
777 1961 937 2024 bumanam
958 1966 1055 2024 inesse
1078 1962 1213 2035 cbristo,
1241 1980 1318 2044 puae

73 2062 211 2124 uidetur
231 2062 329 2141 sut'ose
351 2073 449 2124 sectae
470 2061 555 2125 illius
578 2065 667 2144 quasi
687 2073 818 2136 tessero;
846 2063 898 2124 sed
919 2081 954 2126 ea
975 2063 1129 2126 duntaaat
1151 2063 1206 2125 bic·
1221 2065 1328 2142 tonpit.

73 2163 288 2234 Atbanasins,
322 2181 396 2243 puae
427 2161 568 2226 Corintbi
591 2167 624 2226 in
654 2169 897 2225 controuersiam
923 2174 1081 2227 uenerant.
1126 2161 1187 2227 Nec
1210 2161 1318 2226 leuiter

78 2265 231 2344 obiurpot
251 2262 433 2345 Epictetum,
463 2264 543 2345 puod
570 2263 644 2326 talio
666 2262 717 2326 uel
735 2269 872 2347 proponi
893 2268 1083 2329 concesserit
1129 2263 1229 2346 lisque
1252 2283 1319 2329 ont-

74 2367 188 2450 nibus
201 2367 359 2429 centennis
383 2365 557 2428 breuissime
588 2366 755 2444 confutatis
784 2365 927 2428 claudens
948 2364 1117 2447 Epistolom
1145 2384 1210 2429 sese
1235 2366 1318 2430 mul-

80 2479 153 2532 tum
174 2467 306 2547 paudere
327 2477 470 2539 testatur,
493 2467 573 2548 quod
594 2485 627 2529 eo
651 2467 768 2528 demum
790 2483 840 2528 res
863 2469 996 2537 cesserit,
1018 2477 1052 2529 ut
1071 2470 1195 2549 puispue
1211 2467 1318 2551 dispu-

76 2572 218 2633 tantium
238 2571 272 2630 in
294 2567 450 2630 Cotbolioa
472 2571 651 2631 consisteret
671 2566 740 2647 fide.

173 2669 223 2732 111.
268 2669 509 2732 Dimoerr'torum
526 2687 627 2749 porro
649 2671 769 2730 numne
789 2665 1029 2747 Apollcnorr'stos
1050 2671 1221 2732 insectatur
1244 2669 1320 2750 Epi-

80 2773 221 2853 pitonius
250 2771 383 2834 tteereu
403 2773 470 2842 77..
501 2773 588 2832 cuius
623 2768 838 2850 appellationis
868 2785 990 2830 causam
1021 2773 1123 2851 operit
1151 2769 1319 2849 dreporius

83 2873 257 2946 nazianz„
280 2891 348 2935 eum
370 2875 414 2934 ait
438 2871 525 2934 Orat.
541 2873 594 2934 46.
614 2889 685 2950 pap.
707 2868 810 2946 7220).
856 2868 975 2950 Corpus
997 2880 1026 2932 et
1046 2873 1177 2932 aninam
1199 2887 1264 2933 esse
1277 2871 1320 2932 .in

90 2975 213 3038 Christo
234 2967 274 3035 ab
295 2967 524 3059 τριτῃμόριον,
557 2969 673 3034 tertiam
694 2979 820 3050 portem.
864 2969 1104 3051 Apollmaristae
1125 2967 1236 3052 qnippe
1255 2973 1320 3033 aie-

91 3076 178 3148 bant,
200 3077 234 3136 in
257 3073 377 3139 cbristo
396 3085 519 3155 portem
540 3091 634 3136 unam
657 3073 801 3146 bominis,
824 3070 902 3136 νοῦν
925 3071 1039 3135 scilicet
1060 3090 1114 3135 seu
1134 3081 1278 3144 mactem,
1301 3087 1321 3133 o

96 3175 187 3240 Verbo
209 3174 359 3257 suppleri,
382 3176 537 3256 solumque
563 3174 688 3239 Verbum
710 3179 846 3236 cunctum
869 3178 996 3254 corpori
1015 3183 1044 3238 et
1064 3177 1182 3237 animas
1205 3175 1320 3256 (nempe

93 3280 268 3348 censitione,
296 3286 333 3338 ut
360 3275 539 3340 dictitabant
564 3275 625 3354 tto)
655 3286 751 3338 totum
779 3278 965 3340 constituere
985 3274 1148 3340 dbristum.
1203 3275 1407 3349 Quom-rou.

93 3381 194 3444 obrem
216 3397 282 3440 cum
303 3395 343 3440 ea
360 3375 584 3440 Catbolicorum
598 3381 748 3442 smtenua
765 3378 864 3441 tribus
881 3388 1036 3443 constaret
1052 3376 1202 3449 cbristus,
1227 3375 1321 3442 Verbo

95 3481 220 3551 scilicet,
243 3490 341 3541 mente
363 3478 496 3541 bumana
518 3488 546 3542 et
569 3496 699 3561 corpore
720 3482 868 3550 animato,
891 3480 945 3560 pui
962 3495 1056 3540 unam
1077 3496 1116 3540 ea
1134 3477 1200 3541 illis
1222 3477 1323 3540 deme-

99 3591 165 3645 rent
181 3592 318 3661 portem,
346 3591 473 3645 mentem
495 3580 626 3653 scilieet,
656 3599 677 3642 a
705 3580 822 3642 duabus
844 3578 913 3642 aliis
936 3575 1122 3661 depoep'iaae
1142 3576 1321 3650 audiebant,·

99 3699 165 3743 nam
184 3677 336 3763 δίμοιρον
359 3679 484 3744 Graecis
514 3692 560 3744 est
588 3681 664 3744 duae
692 3683 801 3743 tertiae
818 3689 942 3759 parter,
977 3682 1063 3740 cuius
1091 3677 1322 3759 sipnificationis

99 3780 229 3863 eaentpla
250 3785 371 3862 saepius
399 3782 560 3846 advertere
588 3783 688 3845 estin
709 3779 861 3843 Analectis
884 3781 1000 3842 nostris
1024 3775 1176 3856 Graecie¹)
1196 3797 1228 3859 p.
1245 3777 1319 3841 319.

103 3890 130 3943 et
149 3900 221 3964 repo.
268 3881 427 3944 Caeterum
449 3883 526 3946 banc
547 3881 713 3964 llpistolam
734 3884 767 3943 in
789 3898 902 3943 annum
919 3880 1060 3958 conferri
1068 3896 1161 3960 posse
1176 3888 1319 3959 putamus

103 3985 216 4044 circiter
236 3985 320 4057 371.,
342 3994 377 4046 ut
398 3985 502 4064 fusius
524 3985 557 4045 in
579 3986 644 4045 uita
665 3975 826 4046 Atbanc'nii
845 3981 888 4062 [p.
905 3977 1127 4056 cxxxxttto.

165 4168 186 4225 ll
204 4169 267 4234 0pp.
285 4169 338 4220 edd.
358 4161 440 4220 Rosci.
464 4169 532 4220 Tam.
544 4168 563 4218 1.
582 4183 606 4233 p.
618 4165 675 4218 861.

164 4235 186 4294 2)
204 4236 267 4300 opp.
285 4237 323 4287 ed.
342 4237 435 4286 llorell.
452 4261 488 4272 -
505 4236 543 4285 sd.
562 4235 651 4286 Beaed.
677 4235 745 4286 Tora.
756 4233 785 4284 11.
805 4250 829 4298 p.
841 4233 897 4285 167.
915 4249 952 4300 eq.

165 4302 187 4362 b)
205 4303 316 4354 laslecte
332 4305 423 4356 Graece
443 4319 463 4353 s.
482 4305 546 4353 escis
565 4302 683 4368 opusculo
701 4303 792 4354 Grsecs
810 4303 926 4352 hactenus
944 4299 1033 4352 laedite
1051 4305 1098 4350 otc.
1115 4295 1319 4362 (1661617611-

105 4371 143 4431 ju,
158 4371 201 4422 lec.
229 4373 306 4437 Lopia
325 4380 349 4421 et
367 4371 436 4421 lisca.
456 4370 487 4421 de
505 4369 678 4424 noctisucoab
702 4370 770 4422 Tam.
780 4369 798 4419 1.
818 4367 953 4420 emtore.

551 4543 857 4558 *-
