3048 5052
460 336 569 382 enarro
586 337 607 380 ι.
623 337 738 382 conrnr
752 339 889 386 nuncu.
1218 327 1278 394 idi

76 489 181 563 serenti,
213 488 263 570 qui
286 488 438 552 Christum
465 497 589 568 propter
616 505 673 550 nos
701 489 810 552 lactum
828 493 1067 570 primogenitum
1088 511 1127 556 em
1149 497 1370 560 mortonem,

74 589 166 672 negat?
206 591 264 666 uui
285 609 356 652 vero
380 590 445 652 lieri
466 597 577 670 potest,
601 595 632 652 ul
654 590 694 662 is,
716 590 766 669 qui
788 609 957 669 germanam
980 611 1014 654 ac
1034 581 1222 657 vcram'Filii
1244 613 1281 658 ex

73 694 144 754 Patre
161 691 380 772 generationem
402 692 489 771 piane
511 691 645 770 ignerat,
668 691 745 752 circa
768 691 902 755 ciusdem
923 711 1100 773 corporeum
1123 697 1279 762 adventum

71 815 119 856 ron
138 793 236 858 erret?
277 794 322 856 lta
343 794 423 856 enirn
445 801 476 856 et
497 791 568 856 olim
588 793 701 866 ludaei,
722 801 882 873 postquam
898 795 1027 860 Verbum
1048 807 1231 876 negaverunt
1250 807 1281 862 at

71 899 200 960 dixerunt:
224 895 295 960 Non
316 895 459 958 labemur
473 894 581 976 Regem
602 899 665 957 nisi
680 896 848 972 Cursorem,
872 896 963 960 rebus
978 898 1116 962 omnibus
1139 900 1279 964 continuo

72 999 167 1080 spoliati
188 1007 271 1072 suut,
292 1017 326 1060 ac
346 997 411 1060 luce
432 997 580 1069 lucernae,
604 997 747 1076 unguenti
769 998 872 1070 odore,
899 997 1078 1078 Prophetiae
1100 1001 1279 1082 cognitione,

70 1101 171 1180 ipsaque
198 1101 322 1162 veritate
350 1099 422 1162 nudi
451 1098 694 1172 sanctesium,
727 1099 778 1178 qui
806 1107 836 1161 et
862 1099 954 1162 modo
983 1101 1057 1164 niltil
1083 1102 1280 1183 intelligentes

68 1213 187 1283 unquam
210 1201 242 1264 in
264 1200 397 1264 tenebris
419 1199 578 1264 ambulant.
623 1200 870 1280 Enimvercguis
894 1201 962 1266 talia
991 1203 1104 1267 indicit
1125 1205 1280 1285 unquam?
1390 1277 1399 1290 .

66 1305 111 1366 lut
129 1303 206 1366 unde
227 1304 274 1366 rel
301 1323 317 1366 a
346 1322 406 1382 qun
432 1303 556 1366 huiusce
585 1303 719 1366 haeresis
748 1303 917 1366 adulatores
947 1306 1120 1368 muneribus
1149 1309 1280 1387 corrupti

65 1406 109 1466 ista
128 1403 281 1468 didicere?
326 1404 513 1478 Quirinos,
537 1422 604 1467 eum
627 1403 812 1468 Christianae
833 1405 984 1485 religionis
1007 1406 1161 1470 elementis
1184 1407 1280 1470 iniur-

65 1505 214 1579 nabantur‚
238 1507 395 1586 quicquam
416 1505 513 1568 simile
536 1504 659 1568 domuit?
697 1506 772 1580 Quis
793 1507 852 1570 iilis
873 1507 962 1570 dixit:
983 1507 1095 1572 ilerum
1117 1520 1280 1574 creaturum

64 1607 130 1668 cultu
150 1607 287 1682 dimmsn,
310 1607 417 1670 iterum
440 1607 570 1670 accedite
593 1615 626 1670 ut
646 1625 709 1668 rem
725 1616 853 1670 creatam
868 1609 1017 1670 ellectum
1033 1609 1161 1672 colatis?
1190 1611 1280 1684 Quod

64 1709 84 1766 si
102 1708 154 1787 ipsi
181 1727 262 1772 nunc
289 1708 418 1788 primum
444 1708 518 1772 haec
545 1727 578 1769 se
606 1708 709 1770 audire
736 1711 881 1785 latemur,
915 1727 976 1772 nou
1006 1729 1078 1790 erge
1100 1711 1278 1787 inuctcnurr,

63 1812 173 1876 alenam
196 1831 266 1876 ease
293 1812 405 1874 hancce
432 1809 580 1872 haeresint
604 1829 700 1890 neque
723 1831 739 1872 a
761 1809 898 1874 Patribus
920 1811 1067 1874 trulitam.
1113 1813 1201 1886 Quod
1223 1833 1289 1876 ans

63 1923 145 1976 terna
166 1914 305 1978 Patribus
326 1913 466 1976 traditum
488 1931 549 1976 non
572 1921 627 1988 eat,
650 1914 703 1976 sed
723 1914 888 1976 norissima
903 1923 951 1978 est
965 1914 1171 1994 excogitatum,
1194 1917 1278 1980 cuius

62 2033 159 2093 praeco
181 2016 300 2096 generis
323 2035 392 2078 esse
414 2016 597 2080 censendum
620 2023 683 2090 est,
712 2033 799 2096 quem
827 2015 908 2088 eius,
937 2016 975 2078 de
996 2033 1056 2096 quo
1079 2017 1153 2078 dirit
1173 2017 1278 2082 beetur

63 2116 172 2180 Paulus:
195 2117 234 2180 itt
252 2123 417 2200 postremis
440 2119 625 2200 tenporibus
648 2119 800 2182 discedent
818 2119 939 2201 guidam
952 2137 972 2180 u
986 2137 1064 2182 cocu
1084 2119 1157 2199 fide
1178 2131 1278 2184 utten-

63 2219 150 2282 temer
172 2223 334 2302 spiriritus
355 2225 476 2284 erroris
498 2231 528 2282 et
551 2221 698 2283 doctrinis
721 2221 964 2294 munierunt,
991 2224 1025 2282 in
1053 2221 1212 2303 hypocrisi
1230 2223 1279 2286 lo-

63 2325 200 2398 miseere
221 2323 424 2392 mendacium,
453 2333 481 2383 et
510 2325 710 2386 cauteriatam
737 2321 911 2384 ludentium
938 2341 1026 2386 suunt
1056 2327 1277 2398 coercitatione,

62 2429 301 2488 dormientium
321 2443 353 2486 se
374 2441 393 2486 a
415 2420 568 2488 ueritate?

135 2526 164 2588 9.
206 2525 282 2588 Ecce
305 2525 383 2588 enim
406 2543 462 2588 nos
485 2524 604 2605 quidem
627 2543 662 2586 er
685 2523 793 2588 divinis
814 2523 977 2606 scripturis
1010 2524 1102 2588 libere
1130 2533 1161 2588 et
1181 2527 1277 2590 conii-

61 2625 154 2690 tienter
173 2629 210 2690 dc
232 2627 282 2709 pia
303 2639 442 2707 reamque
463 2627 521 2689 lide
542 2625 700 2706 loquimur,
723 2643 811 2705 quam
827 2633 857 2687 et
871 2635 1008 2706 unquam
1023 2625 1174 2688 lucernam
1188 2645 1280 2706 super

60 2729 255 2793 candelabrum
277 2731 467 2803 collocamus,
490 2728 639 2792 dicentes:
662 2726 755 2790 Filius
778 2745 868 2788 verus
890 2735 993 2788 natura
1016 2735 1047 2788 et
1068 2727 1215 2806 genuinus
1233 2735 1281 2789 est

60 2829 146 2892 Patris
166 2833 290 2913 eiusque
312 2831 494 2894 substantiae
508 2829 663 2911 proprius,
685 2827 835 2908 Sapientia
851 2827 1010 2907 unigenita,
1035 2827 1161 2889 Verbum
1176 2847 1279 2892 rerum

60 2949 88 2992 ae
108 2933 222 2998 unicum
244 2935 297 2996 ilci
319 2935 386 3016 ipse
408 2942 470 3008 est,
493 2951 553 2994 non
577 2949 627 2994 res
650 2939 748 2992 creata
770 2930 815 2992 rel
838 2931 930 3004 iacta,
963 2929 1017 2992 aed
1039 2929 1181 3008 proprius
1203 2928 1278 2990 sub-

60 3035 173 3098 stantiae
194 3037 293 3100 Patris
314 3037 402 3098 letus.
446 3035 592 3108 Quocirca
614 3033 695 3096 Deus
719 3043 766 3094 cst
787 3051 875 3094 verus
898 3049 1028 3112 veroque
1042 3029 1123 3092 Patri
1145 3032 1278 3095 consult·

61 3137 195 3198 stantialis
217 3137 328 3200 existit.
371 3137 426 3200 tttt
449 3145 556 3210 autem,
579 3137 688 3215 quibus
711 3135 834 3199 dicitur:
857 3135 1019 3215 deodrici:
1041 3134 1190 3207 illicitis,
1213 3133 1279 3196 Filii

60 3238 267 3317 perspiritum
289 3239 448 3320 participes
472 3247 584 3300 tantum
606 3238 674 3299 lacti
697 3239 773 3300 hanc
794 3237 913 3300 aPatrc
927 3235 1037 3298 habent
1058 3235 1191 3314 gratiam.
1226 3235 1274 3300 Fi·

60 3357 130 3415 pure
151 3342 227 3404 enirn
251 3351 298 3405 est
319 3342 505 3405 substantioe
527 3339 639 3414 Patris,
661 3338 712 3402 lux
734 3339 871 3412 arture,
900 3338 992 3400 virtus
1015 3345 1045 3400 et
1066 3355 1134 3399 vera
1157 3346 1278 3400 naturae
1287 3351 1362 3398 ruta.

61 3437 148 3502 Patria
167 3444 274 3524 image.
317 3443 351 3504 ld
373 3442 451 3506 euim
474 3441 539 3522 ipse
561 3440 705 3504 Dominus
728 3441 816 3504 dixit:
853 3441 916 3516 Qec'
934 3459 979 3502 me
1002 3441 1092 3512 uidit,
1121 3441 1196 3504 cidit
1218 3439 1279 3502 Pu-

63 3553 140 3606 trcto.
168 3548 294 3626 Semper
315 3547 385 3607 item
408 3544 463 3606 luit
484 3552 515 3604 et
536 3551 593 3617 est,
616 3562 650 3604 ae
672 3561 824 3623 nunquam
844 3561 905 3604 non
921 3543 992 3615 luit;
1014 3559 1080 3604 utin
1097 3542 1176 3602 enim
1192 3541 1280 3602 Pater
1332 3541 1334 3548 '

63 3653 188 3708 aeternus
210 3647 261 3718 sit,
284 3646 348 3708 eius
370 3663 488 3726 quoque
505 3643 631 3706 Verbum
655 3653 686 3706 et
700 3645 881 3724 Sapientiam
896 3653 1044 3706 aeternam
1064 3661 1135 3703 esse
1155 3639 1296 3703 necesse'

64 3753 113 3804 est.
152 3747 192 3810 illi
215 3767 287 3810 vero
311 3748 379 3827 quid
403 3747 521 3809 tandem
544 3745 632 3806 nobis
657 3764 691 3808 er
717 3747 843 3808 celanda
866 3745 968 3808 Thalia
991 3751 1100 3824 queant
1121 3737 1279 3821 prolerre?

61 3843 126 3908 Eam
147 3849 246 3911 saltem
269 3848 354 3929 prius
376 3849 475 3929 legant
496 3847 654 3928 scriptoris
676 3865 776 3910 mores
798 3847 914 3919 imitati,
937 3855 970 3908 ut
991 3846 1036 3908 rel
1058 3843 1095 3906 ab
1118 3841 1183 3904 aliis
1198 3839 1279 3900 irrisi

62 4044 81 4078 u
104 4047 159 4084 mur.
177 4037 274 4098 Segner.
294 4043 318 4084 at
336 4035 427 4096 inglie.
462 4036 489 4085 ln
508 4035 563 4084 aliie
580 4048 637 4085 aare
723 4035 746 4084 l.
767 4027 782 4081 d
800 4026 893 4104 κύριος
911 4034 980 4083 abest
997 4029 1120 4081 aGobler.
1140 4036 1163 4076 et
1175 4026 1279 4076 Felctm.

62 4101 313 4168 eteditiuiclegitur:
332 4095 483 4170 δαιμόνων,
504 4093 637 4169 &neuge-
691 4103 714 4152 l.
744 4103 794 4152 llcr
814 4103 956 4162 Seguntiae,
974 4098 1114 4150 collectan.
1132 4103 1156 4145 et
1174 4094 1278 4144 tutetur.

62 4159 172 4232 φόμενοι
188 4167 241 4233 τὴν
257 4163 397 4230 mittor.
691 4171 712 4220 i.
739 4161 783 4218 iri
801 4183 835 4230 ην
851 4163 897 4217 καὶ
914 4161 974 4216 tear
1021 4161 1164 4214 tetrum.
1182 4171 1205 4244 :¹
1222 4164 1278 4212 etuti

91 4237 104 4282 l.
129 4241 224 4302 Segner.
249 4233 295 4290 tut
318 4233 370 4298 min
392 4231 492 4305 tlpm
516 4237 637 4304 τίθεμεν.
660 4287 667 4300 ,
690 4229 733 4288 cisi
758 4231 788 4286 di
810 4232 857 4285 καὶ
880 4229 948 4285 ἔστι.
989 4232 1034 4282 tttt
1058 4223 1101 4280 «tet
1124 4225 1154 4280 di
1178 4247 1211 4292 ην
1233 4225 1279 4280 sni

62 4301 120 4378 idem
141 4309 196 4358 itti.
213 4317 237 4358 et
254 4307 636 4366 Gchler.Felcltm.l.ettuplic.
690 4299 758 4356 ἔστι.
1143 4323 1146 4330 ·

61 4368 231 4436 ”traintem
267 4377 329 4426 catu
354 4370 502 4426 ataliittcl
518 4379 638 4424 omittunt.
726 4376 741 4424 i.
765 4373 916 4436 SicSegner
934 4369 1073 4421 Goblerinn.
1093 4377 1116 4418 et
1135 4368 1238 4418 Fclrltrn.
1256 4369 1277 4416 l.

89 4453 109 4516 p.
129 4445 327 4508 segmetrgtie.
347 4445 444 4496 Gobler.
465 4443 638 4494 etFelclm.i.
691 4442 720 4491 lt
738 4442 778 4492 alii
804 4449 827 4492 et
845 4441 901 4491 editi
927 4429 1007 4518 udae}
1030 4431 1060 4485 δὲ
1084 4427 1139 4503 ἄρα
1157 4432 1186 4484 al
1202 4430 1275 4502 ἡμῖν.

63 4517 138 4580 Μ.
171 4513 243 4564 Paulo
261 4521 319 4578 post
336 4512 477 4576 chnerirn.
491 4503 636 4578 χαρακτήρ
692 4513 792 4572 Segner.
812 4509 869 4560 ibid.
888 4502 1056 4557 nwtalcreu
1074 4501 1182 4558 θαλίας.

65 4583 122 4626 εστι.

93 4665 212 4712 truatur
223 4679 275 4713 cer.
286 4678 357 4712 nean.
371 4679 419 4710 art.
1045 4659 1075 4710 il
