3022 5056
437 373 550 421 atarto
565 372 587 417 ι.
602 373 718 418 correo
730 373 893 437 nunes..
1200 359 1261 422 271

73 545 119 588 non
136 523 240 604 pidem
257 523 461 604 magnitudine
483 523 608 604 pradum
630 529 682 586 aut
702 531 846 602 tempore,
869 522 922 588 aad
945 523 1012 604 qnia
1035 543 1071 588 ex
1093 525 1160 604 ipso
1175 525 1348 589 Patremon.

70 626 183 706 gignitur.
229 625 304 699 Oasin
333 625 422 687 etiam
451 643 519 688 cum
547 624 635 688 dixit:
667 629 768 688 maior
796 636 857 696 est,
892 633 1016 688 naturae
1048 627 1264 707 proprietatem

71 727 184 790 otodt
1109 731 1113 742 ’

134 931 179 994 59.
217 929 253 992 lit
272 928 432 1010 vero-ipse
451 927 631 1010 Apostolus,
665 946 727 990 non
755 935 789 990 ut
809 925 900 990 Verbi
927 935 1063 990 naturam
1085 947 1152 994 eam
1173 929 1265 995 rebus

67 1032 132 1094 lactis
151 1031 331 1112 potissimum
346 1040 543 1110 compararet,
565 1029 638 1092 dixit
644 1045 656 1092 t
678 1027 771 1092 Tanto
784 1034 999 1110 praestantior
1012 1031 1116 1110 futes
1131 1031 1263 1114 Angelis.

67 1131 174 1212 Namque
192 1132 276 1196 simul
297 1131 462 1212 comparari
484 1149 545 1194 non
567 1139 689 1211 pssunt,
711 1150 779 1193 cnm
801 1131 863 1192 sim
884 1131 962 1192 inter
977 1149 1011 1193 se
1026 1131 1171 1196 diversae.
1205 1134 1266 1198 Sed

66 1233 270 1314 adcorporeum
292 1234 381 1296 Verbi
403 1234 561 1296 adventum
583 1242 613 1296 et
633 1233 670 1296 ad
692 1231 944 1313 dispensationem
963 1234 1028 1296 eius
1044 1235 1200 1298 attendens
1215 1235 1265 1298 in·

68 1335 146 1398 diors
164 1337 263 1412 volnt,
294 1337 393 1416 ipsum
415 1335 559 1409 aliorum,
581 1333 633 1416 qui
654 1343 891 1408 antecesserant,
922 1334 1018 1398 simile
1039 1353 1101 1398 non
1124 1353 1209 1411 esse,
1232 1345 1268 1400 nt

68 1447 183 1516 matun
200 1441 305 1501 saturi
326 1437 363 1500 ab
385 1437 434 1510 iis,
457 1455 533 1518 quos
554 1443 641 1498 antea
663 1435 796 1510 miserat,
819 1437 928 1511 differt,
951 1445 1032 1498 tanto
1048 1438 1136 1500 etiam
1158 1437 1267 1518 longe·

68 1553 115 1615 pse
130 1540 315 1618 praestantior
336 1557 403 1602 csse
425 1537 638 1618 intelligeretur
660 1538 771 1618 gratia,
795 1557 870 1618 quae
892 1537 929 1600 ab
952 1539 1018 1618 ipso
1040 1547 1071 1601 et
1090 1557 1146 1620 per
1168 1540 1266 1619 ipsum
1289 1565 1294 1576 ·

65 1635 142 1712 datur,
161 1659 241 1718 qnam
261 1639 445 1722 Angelorum
466 1639 695 1702 administratio.
732 1639 883 1720 Siquidem
899 1658 1054 1702 serrorum
1070 1649 1134 1702 erat
1154 1641 1267 1703 trucum

65 1737 179 1803 duntaxat
203 1759 381 1824 reposcere,
415 1749 446 1806 at
465 1739 533 1804 Filii
562 1749 593 1804 et
613 1739 732 1804 Domini
763 1749 827 1803 erat
855 1741 954 1804 debita
979 1741 1093 1804 donare
1120 1749 1150 1803 st
1175 1740 1268 1804 ritem

63 1841 207 1907 uenture.
247 1843 336 1906 Unde
357 1861 408 1918 ea,
431 1861 508 1924 quaa
528 1842 649 1906 subiicit
668 1842 847 1923 Apostolus,
876 1843 1088 1938 didermtiam,
1117 1861 1193 1924 quae
1212 1841 1265 1905 Fi·

62 1939 119 2004 liun
142 1943 215 2008 inter
241 1956 272 2010 et
295 1947 458 2008 restratus
481 1945 654 2020 intercedit,
687 1945 902 2008 demonstrant.
946 1943 1131 2026 Propterea,
1159 1943 1266 2025 ingarit,

63 2057 159 2124 ponet
179 2067 233 2112 aaa
246 2053 379 2112 mocissi
393 2049 548 2112 attendere
569 2049 609 2110 od
630 2065 675 2119 ee,
699 2066 774 2128 pasce
796 2047 976 2120 audivisses,
998 2066 1037 2111 sss
1052 2047 1136 2128 sorte
1151 2047 1267 2128 esllaso-

62 2161 124 2208 asa.
160 2147 195 2210 Si
214 2155 293 2213 euim
314 2155 367 2231 pes·
383 2167 442 2230 per
462 2149 591 2230 Angelos
614 2149 712 2212 dictas
734 2157 780 2211 eat
801 2167 919 2225 sermo,
945 2149 1049 2230 suetus
1078 2161 1123 2214 eat
1143 2150 1265 2230 fimus,

62 2253 429 2332 commemoremur
452 2261 481 2314 et
502 2251 703 2314 inobedientia
725 2253 838 2332 occepit
864 2254 977 2312 iustum
1003 2251 1147 2314 mercedis
1170 2253 1268 2316 retri-

63 2345 203 2428 letiorem,
225 2355 374 2436 quomodo
395 2371 453 2416 sios
475 2353 671 2436 effugientes,
693 2356 723 2414 si
744 2362 860 2415 tantam
881 2350 1102 2432 nepleoerimua
1125 2350 1265 2420 solutam,

61 2467 120 2528 poe
138 2471 198 2516 eoas
218 2459 341 2520 isitium
354 2458 517 2540 occepuset
531 2457 681 2517 marari
695 2470 756 2534 per
771 2451 944 2524 liemarum,
966 2453 1003 2516 ub
1019 2456 1071 2524 eia,
1094 2455 1147 2534 gui
1160 2453 1267 2516 obdis·

62 2563 133 2624 rsat,
157 2560 189 2618 ia
212 2575 269 2620 asos
305 2557 486 2638 confimales
513 2564 569 2617 est.
614 2553 701 2627 Quod
735 2554 761 2614 si
784 2552 877 2616 Filius
905 2559 989 2614 esset
1016 2551 1146 2614 erebus
1168 2552 1266 2624 lactis,
1379 2589 1392 2614 .

61 2667 109 2714 noo
127 2655 180 2718 illis
198 2675 272 2720 sane
297 2666 379 2720 esset
399 2656 615 2737 praestantior,
637 2673 734 2735 neque
757 2655 862 2716 maiori
884 2653 1030 2734 supplicio
1052 2661 1177 2734 prepter
1198 2669 1269 2714 sunt

59 2755 191 2831 psnirctnr
211 2757 426 2822 inobedientia.
469 2757 530 2819 Nec
555 2757 634 2818 enim
663 2757 695 2818 in
722 2755 979 2818 administratione
1004 2753 1185 2833 Angelorum
1211 2769 1267 2832 pro

60 2852 164 2934 augulis
183 2859 303 2924 illorum
325 2859 420 2922 mains
442 2857 487 2920 vel
508 2857 608 2920 miuus
631 2863 694 2920 erat
715 2855 746 2918 in
767 2854 834 2930 bis,
866 2854 917 2935 qui
938 2853 1115 2935 peccabant,
1144 2853 1198 2916 sed
1220 2853 1268 2916 lex

59 2963 109 3018 erat
126 2977 178 3022 una
199 2981 318 3042 unaque
339 2960 369 3022 in
391 2967 547 3041 peccantes
570 2957 799 3020 animadversio.
845 2956 920 3029 Quia
947 2973 1019 3019 aare
1046 2953 1175 3018 Verbum
1202 2971 1299 3016 nom.

59 3065 94 3118 est
112 3079 127 3121 e
145 3063 231 3128 rebus
253 3063 351 3138 tactis,
372 3063 426 3126 sed
449 3070 495 3124 est
509 3059 594 3124 ¹filius
616 3059 720 3133 Patris,
744 3058 854 3122 idcirco
870 3067 980 3139 quanto
995 3057 1195 3139 praestantior
1211 3063 1267 3128 est,

58 3163 141 3236 elea,
161 3183 286 3244 quorum
302 3169 414 3228 'auctor
434 3165 501 3244 ipse
523 3171 588 3239 est,
609 3161 826 3244 praestantiora
849 3169 919 3224 sunt
940 3169 970 3222 et
991 3161 1028 3224 ab
1051 3159 1117 3222 aliis
1139 3159 1267 3228 diversa,
1371 3215 1374 3222 .

58 3265 126 3321 anto
144 3266 227 3328 etiarn
249 3265 372 3348 gravius
394 3283 463 3328 esse
484 3265 574 3328 debet
594 3264 782 3346 supplicium.
828 3261 929 3343 ltaque
957 3250 1053 3324 doum
1081 3281 1136 3343 per
1158 3261 1266 3324 Filium

57 3363 224 3430 comitemne
244 3368 387 3449 gratiam,
410 3373 547 3447 ‘empna
575 3385 610 3428 ex
638 3367 702 3430 suis
731 3364 874 3446 operibus
902 3373 1064 3444 agnoscant
1085 3383 1157 3427 rere
1178 3363 1290 3428 alium

59 3469 253 3532 emarchus
275 3469 379 3542 lactis,
408 3469 565 3549 solumque
592 3467 674 3530 illurn
701 3485 805 3530 rerum
827 3467 934 3529 Filium
962 3467 994 3529 in
1021 3467 1108 3530 Patre
1136 3485 1206 3529 essa
1238 3473 1269 3528 et

57 3557 153 3629 Patrem
172 3569 307 3652 inipso
350 3569 472 3632 Discunt
491 3570 586 3649 legem
608 3567 645 3632 ab
660 3567 779 3650 Angelis
800 3568 1017 3648 promulgatam
1040 3585 1120 3642 esse,
1143 3568 1197 3629 sed
1211 3584 1268 3628 ne-

57 3661 149 3728 minem
166 3671 339 3736 reddidisse
359 3669 532 3752 perlectum,
555 3671 665 3753 quippe
687 3688 773 3752 quae,
797 3677 831 3732 ut
852 3670 939 3733 docet
958 3669 1079 3743 Paulus,
1102 3667 1191 3730 Verbi
1213 3665 1268 3727 ad·-

54 3915 136 4000 &spec
153 3915 177 3975 ti
193 3925 251 3976 τῶν
268 3923 394 3994 γενητῶν
412 3915 547 3986 tonitr,
567 3919 629 3975 οὔτε
680 3916 753 4008 rgq's',
774 3918 972 4006 detorsuam.
1009 3923 1089 4002 Ceteri
1107 3919 1200 4002 atnediti
1212 3907 1268 3968 W

52 3995 490 4123 ΐῗτξτῠξθῗιῖἑόςαῆἷοιοοὲἳ
506 3985 630 4114 licoisi?
680 4009 738 4113 ΙΜΙῑ
754 3985 1270 4124 gerastggeforssttrhiaitraarffiaw

67 4123 98 4202 ,Ε
111 4073 211 4192 ἔφη.
238 4121 303 4182 otas
320 4124 351 4182 tv
366 4097 409 4212 τά.
445 4076 505 4194 dag
519 4121 584 4182 aiot
599 4097 630 4181 ἐν
699 4125 729 4180 lo
746 4095 914 4209 oivyirosro:
938 4116 1272 4206 1P⁸⁰¹⁰⁹2⁸ls⁶⁸⁸ll³i⁹

52 4201 97 4270 ¹⁵5,
113 4195 185 4248 tritt.
208 4207 233 4250 et
257 4201 349 4263 Anglic.
368 4193 450 4250 aare
466 4197 509 4252 s'.
542 4199 586 4252 Alii
605 4207 630 4251 st
680 4143 728 4250 ire
751 4211 800 4246 roo
826 4189 887 4246 aiod
905 4207 1001 4274 legar:
1036 4193 1099 4244 etro
1118 4200 1142 4271 et
1159 4191 1200 4244 slu
1219 4205 1270 4252 aas

53 4259 98 4308 editi
114 4253 175 4314 atti
192 4263 235 4334 τῇ.
274 4268 327 4318 tter
345 4267 444 4332 Segner.
463 4215 630 4334 alteriori
680 4259 728 4317 διὰ
753 4263 801 4314 τοῦ
819 4275 939 4331 χριστου
982 4273 1052 4326 epse.
1091 4260 1152 4311 lbrd.
1171 4261 1269 4312 Goblcr.

52 4327 111 4406 ittlo
133 4343 188 4396 post
212 4329 283 4395 ἐνῆν
300 4329 331 4384 sd
348 4330 520 4386 xodbsaosov
537 4327 629 4386 aiter
679 4345 704 4386 st
722 4333 828 4384 sotrum.
848 4333 871 4382 l.
888 4325 935 4380 aci
986 4323 1150 4398 syrsisssassr
1166 4319 1197 4380 lx
1212 4326 1271 4380 sair

52 4395 128 4452 procop
142 4395 190 4450 rai
206 4397 240 4452 ab
260 4396 381 4454 turrae.
679 4395 695 4452 i
771 4434 778 4448 .

79 4463 91 4512 i.
106 4467 203 4542 §egram
223 4471 323 4524 Gsblar.
342 4480 367 4523 st
383 4471 489 4526 Falckm.
501 4474 523 4524 l.
541 4485 629 4540 rsepo-
714 4471 730 4521 l.
749 4469 849 4548 Segosa.
874 4467 972 4520 Gabios.
991 4476 1015 4518 et
1031 4467 1137 4520 l'slclm.
1156 4468 1180 4518 l.
1198 4467 1271 4518 omit·

52 4527 196 4586 morter.
235 4539 285 4590 Alii
301 4549 325 4590 et
339 4532 629 4606 sattinopaasoo'nov.
680 4546 735 4590 tunt
749 4527 828 4606 otor..
851 4536 927 4588 Paulo
950 4545 1007 4602 post
1029 4535 1131 4601 Segnar.
1153 4527 1272 4602 tropos

53 4594 113 4652 isaia
129 4613 186 4670 pest
202 4607 347 4670 &goetiam
364 4599 418 4660 «itt
438 4599 497 4664 uide
514 4605 564 4658 sos‘r
578 4620 630 4658 nct-
680 4595 715 4655 δι’
735 4595 867 4670 ἇγγέλυν.
