3056 5064
526 351 685 398 sssosrrrc
701 351 792 396 smel.
1255 340 1273 402 'l

82 511 130 570 aba
147 509 205 588 μὴ
224 501 406 568 enarrabit?
427 501 508 584 quod
528 502 608 564 idem
629 512 677 565 ost
697 521 730 564 ac
751 501 778 564 si
792 501 940 566 diceretur
960 499 1077 570 cuke.
1123 501 1181 578 Qui
1197 503 1349 570 idemne.

83 625 132 668 cm
156 607 182 668 in
210 607 266 668 line
300 606 486 668 saeculorum
520 621 556 666 ex
584 604 681 666 Patris
715 603 783 666 sinu
817 603 1038 678 descendisset,
1073 623 1110 668 ex
1137 605 1277 670 inuiolata

83 707 272 788 l'irginellaria
293 717 433 768 nostrum
455 705 600 768 assumsit
620 703 782 776 hominem,
805 703 903 766 lesum
919 704 1079 778 Christum,
1102 705 1188 768 euius
1203 709 1277 788 pro-'

82 810 144 888 price
165 809 300 870 uoluntati
328 805 466 886 reliquit,
500 815 533 868 ut
553 823 609 886 pro
632 805 720 868 nobis
744 813 910 884 pateretur,
942 806 1190 886 quemadmodum
1211 807 1278 889 ipse

82 909 271 972 sitdominus:
293 908 389 972 Nemo
413 907 495 972 tollit
516 911 646 970 caemraci
669 925 764 968 mecm
786 926 804 969 c
826 925 889 970 me:
909 918 1090 988 potestatem
1112 909 1204 974 dobeo
1216 929 1277 990 po-

83 1013 153 1074 eisd
168 1031 235 1084 scm,
259 1024 287 1075 et
306 1021 490 1092 potestatem
513 1009 604 1071 dobeo
627 1013 738 1070 iterem
760 1010 901 1072 sumendi
920 1027 995 1072 eom.
1023 1009 1058 1070 ln
1080 1029 1139 1090 quc
1155 1010 1277 1076 homine

82 1113 207 1174 malros
234 1121 263 1174 et
290 1119 429 1173 mortuus
450 1127 506 1190 pro
529 1107 631 1182 nobis,
660 1109 824 1171 resurrexit
851 1109 1036 1184 amortuis,
1064 1119 1093 1172 et
1121 1111 1152 1174 in
1180 1112 1276 1176 caelos

82 1223 203 1276 mantus
228 1222 283 1276 est.
331 1213 412 1276 idem
440 1211 617 1291 principium
645 1210 757 1272 viarum
780 1209 867 1272 uobis
890 1219 1024 1284 creatus,
1057 1230 1124 1274 cum
1146 1212 1177 1274 in
1199 1221 1276 1276 terra
1285 1231 1362 1276 racc.

82 1323 228 1388 versaretur,
249 1315 340 1378 nobis
363 1333 397 1375 ax
421 1312 551 1374 tenebris
574 1311 675 1374 lumen
698 1311 838 1386 exhibuit,
861 1312 985 1374 salutem
1002 1331 1037 1374 ex
1053 1331 1166 1388 errore,
1188 1316 1277 1380 vitam

81 1435 107 1478 cr
124 1416 234 1478 mortuis
256 1435 313 1480 nec
336 1434 398 1478 non
419 1415 589 1494 ingressum
611 1414 641 1476 in
656 1412 837 1492 paradisum,
853 1432 888 1475 ex
903 1433 962 1493 quc
976 1414 1068 1476 Adam
1084 1414 1197 1478 eiectus
1212 1417 1278 1478 lue·

82 1531 122 1590 rat,
141 1529 166 1580 ct
183 1519 212 1579 in
234 1537 324 1598 quem
340 1517 419 1578 idem
435 1534 538 1578 mrsus
554 1532 608 1594 per
622 1514 767 1576 latronem
783 1514 936 1592 ingressus
953 1525 1007 1588 est,
1030 1515 1278 1596 quemadmodum
1321 1519 1326 1530 ’

81 1617 260 1682 sitdominus:
278 1617 378 1682 Hodie
392 1633 505 1680 mecum
520 1621 582 1680 eris
599 1621 630 1678 iu
642 1616 802 1698 paradiso,
818 1615 848 1676 in
864 1633 950 1694 quem
966 1617 1055 1678 ctiam
1068 1616 1202 1680 introivit
1213 1618 1279 1699 ipse

81 1719 171 1782 Penius.
211 1721 378 1790 Ascensum
401 1735 519 1798 quoque
541 1718 572 1778 in
588 1717 700 1778 caelum
717 1716 804 1777 nohis
820 1717 942 1796 paravit,
958 1732 1016 1796 quo
1031 1737 1208 1798 praecursor
1222 1739 1278 1800 pro

82 1821 145 1882 nobis
159 1821 270 1883 intrarit
285 1819 460 1884 dominicus
483 1819 585 1890 bomo,
608 1817 638 1879 in
655 1836 715 1898 quo
731 1818 813 1878 vivos
828 1831 857 1880 et
871 1828 1008 1880 mortuos
1024 1829 1071 1881 est
1085 1819 1278 1884 indicaturus.
1349 1831 1354 1836 ’

145 1927 171 1988 2.
201 1923 359 1986 Credimus
382 1921 520 1984 similiter
542 1921 571 1982 in
596 1919 739 1998 Spiritum
755 1920 903 1994 Sanctam,
927 1921 976 2000 qui
1000 1919 1099 1984 omnia
1121 1921 1279 1996 scrutatur,

83 2023 146 2086 cmm
164 2011 306 2106 protunda
330 2024 395 2085 liei.
427 2023 579 2102 Dogmatis
603 2031 701 2084 autem
725 2021 875 2096 omnibus,
897 2041 971 2102 quae
986 2023 1033 2086 his
1047 2024 1196 2086 contraria
1210 2025 1278 2086 ine·
1345 2083 1351 2094 ,

82 2125 138 2197 rint,
162 2127 311 2190 anathema
341 2124 478 2215 dicimus.
513 2125 624 2203 dieque
652 2124 731 2184 enim
754 2123 974 2204 Filio-patrem
1002 2127 1207 2204 agnoscimus,
1229 2127 1280 2205 qui

82 2228 146 2288 nnius
165 2229 200 2290 sit
219 2228 424 2298 substantiae,
448 2245 508 2288 non
532 2245 603 2288 vero
627 2225 905 2298 consubstantialis,
935 2235 967 2288 ut
988 2225 1091 2288 volunt
1112 2226 1280 2302 Sabelliani,

82 2329 188 2406 quiboc
213 2339 300 2410 pacto
324 2327 430 2390 Filium
461 2327 581 2407 penitus
610 2326 727 2388 tollunt.
770 2327 872 2406 Neque
902 2326 988 2388 etiam
1017 2327 1137 2406 patibile
1160 2347 1280 2408 corpus,

82 2431 142 2508 quod
159 2439 276 2512 propter
299 2431 393 2493 totius
414 2429 517 2492 mundi
539 2429 665 2490 salutem
688 2429 830 2507 gestavit,
851 2429 1040 2490 attribuimus
1061 2429 1158 2504 Patri3
1183 2449 1281 2510 neque

82 2539 127 2591 tres
144 2533 314 2612 hypostases
337 2550 390 2611 per
412 2532 527 2610 seipsas
550 2529 677 2603 divisas,
707 2531 790 2592 utin
814 2529 984 2592 homiuibus
1006 2539 1187 2611 pronatum
1210 2551 1280 2595 cor-

82 2647 160 2708 porum
188 2633 315 2708 accidit,
348 2631 394 2694 ias
417 2641 463 2694 est
484 2632 514 2692 in
537 2617 598 2692 ileo
621 2615 829 2710 cogitare,'ne
852 2643 884 2693 ut
906 2641 1009 2708 gentes
1031 2632 1156 2694 deorum
1178 2635 1280 2696 multi-

84 2732 186 2796 tudinem
205 2733 404 2807 inducamus3
427 2733 479 2796 sed
504 2733 580 2794 siout
602 2733 716 2802 lluvius,
740 2733 790 2812 qni
814 2751 849 2794 ex
871 2733 952 2792 lcnte
975 2733 1091 2810 genitus
1114 2733 1150 2794 ab
1176 2735 1281 2796 ecdem

82 2851 126 2896 noo
145 2847 312 2916 separatur,
335 2836 469 2915 quamvis
493 2834 568 2896 duae
591 2833 653 2894 sint
672 2834 789 2894 iliorum
811 2835 923 2911 ligures
944 2832 1040 2892 dncve
1061 2833 1192 2894 nomina.
1231 2833 1282 2894 Si·

83 2935 174 3012 tuiltm
200 2958 301 3019 neque
324 2939 411 2998 Pater
439 2944 485 2996 est
508 2935 616 3007 Filius,
646 2953 741 3014 neque
770 2934 862 2994 Filius
892 2941 939 2994 est
960 2933 1066 3005 Pater;
1094 2949 1161 2996 nam
1195 2933 1282 2996 Fater

82 3034 129 3098 liii
147 3037 228 3100 Pater
254 3049 323 3113 est,
351 3048 382 3099 et
403 3038 495 3100 Filius
523 3037 621 3098 Patris
650 3045 698 3096 est
723 3033 826 3096 Filius.
871 3035 908 3096 Ut
937 3035 1015 3096 enim
1044 3035 1113 3096 lons
1143 3052 1203 3096 non
1235 3043 1283 3097 est

82 3139 182 3212 burins,
208 3159 309 3219 neque
336 3139 445 3205 durius
469 3147 515 3200 est
537 3139 619 3209 lons,
649 3137 703 3203 sed
725 3145 848 3214 uterque
871 3153 929 3196 una
952 3145 982 3196 et
1003 3133 1105 3196 aedem
1129 3145 1176 3196 est
1196 3153 1281 3214 aqua,

82 3257 138 3314 qnae
163 3260 196 3302 ex
222 3244 308 3304 tonte
336 3249 490 3320 permanat
511 3239 541 3300 in
565 3239 701 3309 durium,
733 3238 777 3298 sic
798 3235 935 3304 divinitas
958 3254 993 3296 es
1016 3235 1102 3296 Patre
1124 3235 1153 3296 in
1176 3235 1282 3298 Filium

82 3338 171 3419 suque
191 3343 323 3404 marone
346 3349 376 3402 ec
397 3339 543 3401 crascone
565 3338 749 3400 asumuntur.
794 3337 869 3400 nino
890 3323 962 3400 ciera
976 3336 1136 3399 nominas:
1158 3337 1207 3400 aa
1223 3338 1281 3399 ra-

82 3451 118 3500 tre
141 3449 216 3506 caini
243 3453 272 3506 ct
304 3445 401 3503 venio.
444 3439 529 3520 Apud
551 3439 669 3500 Patrem
697 3447 796 3498 antem
823 3455 941 3516 semper
968 3437 994 3498 is
1017 3445 1079 3510 est,
1113 3435 1162 3515 qui
1185 3443 1232 3496 est
1252 3435 1283 3496 io

85 3539 134 3600 sino
152 3543 258 3618 Patris,
290 3561 347 3604 nec
374 3559 512 3620 umquam
540 3541 625 3602 sinus
647 3539 743 3600 Patris
772 3538 838 3600 Filii
867 3539 1016 3600 divinitate
1039 3546 1086 3600 est
1106 3537 1284 3599 exinanitus.

84 3638 190 3721 Namque
217 3645 274 3706 ait:
305 3643 368 3722 Epo
397 3662 482 3704 eccm
510 3644 592 3721 opud
620 3659 687 3702 eum
715 3658 906 3721 componens.
950 3639 1011 3718 qu
1040 3657 1109 3701 vero
1139 3637 1284 3699 sentimus

86 3750 189 3804 cetum
210 3754 262 3804 ant
282 3746 403 3815 iactum,
425 3751 476 3804 ant
497 3761 531 3802 ex
546 3741 640 3802 nihilo
657 3759 726 3802 esse
740 3759 839 3802 rerum
856 3739 986 3801 omnium
1003 3748 1166 3802 creatorem
1182 3738 1287 3808 ileum,

86 3835 124 3900 lici
141 3843 252 3918 liliam,
276 3864 312 3905 ex
336 3844 481 3906 existente
504 3843 691 3914 existentem,
715 3860 751 3901 ex
773 3840 838 3901 scic
861 3841 968 3916 solunt,
991 3840 1038 3902 cni
1060 3839 1096 3902 ab
1115 3837 1287 3901 aeternitate

86 4028 145 4086 Μ’,
161 4031 245 4094 inqua
264 4031 411 4080 iudicaturus
430 4037 463 4080 cet
480 4031 576 4078 oiscsd
590 4043 652 4078 sacr·
704 4035 728 4076 et
746 4027 845 4088 Sequar.
865 4018 1018 4090 υἱοπάιορα
1036 4023 1134 4074 babeat.
1170 4020 1214 4070 tiit
1232 4036 1287 4072 uero

86 4093 133 4140 Νι·
704 4094 802 4178 stabul
821 4085 1019 4208 υἱωιιιτίίαΧΓ
1103 4155 1127 4204 Μ
1165 4169 1218 4206 m
1264 4167 1288 4204 δ’

112 4207 132 4255 1ι.
147 4211 240 4274 Sequar.
259 4206 411 4276 lapipidem.
449 4211 653 4289 llcr'Gcblcmt
702 4164 877 4294 naim?
902 4173 938 4208 Μ
992 4169 1058 4206 ω’
1130 4189 1136 4204 ’
1245 4169 1265 4220 ⁷

88 4269 172 4326 istun.
188 4280 206 4329 ι
224 4296 294 4332 suun
314 4274 351 4334 alc
368 4271 423 4346 ἔφη
444 4269 576 4344 bavem-
739 4298 755 4348 t.
774 4287 835 4346 test
853 4295 891 4346 lie
909 4301 934 4344 et
950 4305 1005 4342 mcx
1023 4291 1091 4342 abest
1110 4305 1124 4342 a
1142 4289 1292 4343 Goblsrisna

90 4453 104 4502 ¹.
115 4389 181 4511 pazt:
189 4397 256 4447 abest
265 4415 277 4447 s
287 4398 390 4460 Sequar.
403 4395 502 4448 Gcbler.
513 4404 537 4446 et
546 4395 652 4449 l'clcbm.
702 4372 729 4416 α
738 4361 1096 4494 ἔῗξὲιὲειίόξ;ᾟῧίξ,

740 4497 764 4548 h.
783 4497 809 4548 ln
828 4509 887 4546 mss.
900 4495 1095 4558 sequanum.
1106 4482 1290 4558 pontisarensi,

116 4559 241 4614 temtos
257 4575 280 4616 ct
290 4566 398 4621 tutela
408 4563 504 4614 ταῦτα.
530 4563 651 4627 Hordea.
705 4578 778 4628 qaam
797 4563 836 4614 bic
853 4563 893 4614 alii
912 4571 936 4614 ct
952 4563 1010 4618 editi
1028 4561 1128 4622 masat,
1148 4557 1214 4608 nulls
1233 4563 1279 4606 cst.
