<?xml version="1.0" encoding="UTF-8"?>
<!DOCTYPE html PUBLIC "-//W3C//DTD XHTML 1.0 Transitional//EN"
    "http://www.w3.org/TR/xhtml1/DTD/xhtml1-transitional.dtd">
<html xmlns="http://www.w3.org/1999/xhtml" xml:lang="en" lang="en">
 <head>
  <title>
</title>
<meta http-equiv="Content-Type" content="text/html;charset=utf-8" />
  <meta name='ocr-system' content='tesseract 3.04.00' />
  <meta name='ocr-capabilities' content='ocr_page ocr_carea ocr_par ocr_line ocrx_word'/>
</head>
<body>
  <div class='ocr_page' id='page_1' title='image "./sanctiathanasii01athagoog_0896.png"; bbox 0 0 3032 5048; ppageno 0'>
   <div class='ocr_carea' id='block_1_1' title="bbox 14 262 1288 362">
    <p class='ocr_par' dir='ltr' id='par_1_1' title="bbox 14 262 1288 362">
     <span class='ocr_line' id='line_1_1' title="bbox 14 262 1288 362; baseline -0.001 -13"><span class='ocrx_word' id='word_1_1' title='bbox 14 262 45 304; x_wconf 29' lang='grc' dir='ltr'>’θ’</span> <span class='ocrx_word' id='word_1_2' title='bbox 485 301 632 350; x_wconf 79' lang='lat' dir='ltr'>rrtsrota</span> <span class='ocrx_word' id='word_1_3' title='bbox 647 308 683 350; x_wconf 80' lang='lat' dir='ltr'>tn</span> <span class='ocrx_word' id='word_1_4' title='bbox 698 307 876 352; x_wconf 73' lang='lat' dir='ltr'>manemus.</span> <span class='ocrx_word' id='word_1_5' title='bbox 1227 297 1288 362; x_wconf 77' lang='lat'>855</span> 
     </span>
    </p>
   </div>
   <div class='ocr_carea' id='block_1_2' title="bbox 38 455 1374 733">
    <p class='ocr_par' dir='ltr' id='par_1_2' title="bbox 12 431 1374 738">
     <span class='ocr_line' id='line_1_2' title="bbox 103 455 1374 530; baseline 0.009 -14.206"><span class='ocrx_word' id='word_1_6' title='bbox 103 455 254 516; x_wconf 80' lang='lat' dir='ltr'>nostri</span> <span class='ocrx_word' id='word_1_7' title='bbox 277 456 345 520; x_wconf 89' lang='lat' dir='ltr'>lesu</span> <span class='ocrx_word' id='word_1_8' title='bbox 368 455 477 519; x_wconf 80' lang='lat' dir='ltr'>curisti</span> <span class='ocrx_word' id='word_1_9' title='bbox 500 457 642 530; x_wconf 87' lang='lat' dir='ltr'>adorare,</span> <span class='ocrx_word' id='word_1_10' title='bbox 672 466 724 520; x_wconf 91' lang='lat' dir='ltr'>aut</span> <span class='ocrx_word' id='word_1_11' title='bbox 744 457 770 518; x_wconf 90' lang='lat' dir='ltr'>si</span> <span class='ocrx_word' id='word_1_12' title='bbox 792 457 921 520; x_wconf 84' lang='lat' dir='ltr'>Verbum</span> <span class='ocrx_word' id='word_1_13' title='bbox 944 477 1060 523; x_wconf 85' lang='lat' dir='ltr'>earnem</span> <span class='ocrx_word' id='word_1_14' title='bbox 1083 463 1190 526; x_wconf 85' lang='lat' dir='ltr'>iactum</span> <span class='ocrx_word' id='word_1_15' title='bbox 1214 465 1374 526; x_wconf 80' lang='lat' dir='ltr'>ado-non.</span> 
     </span>
     <span class='ocr_line' id='line_1_3' title="bbox 99 554 1289 644; baseline 0.01 -28.124"><span class='ocrx_word' id='word_1_16' title='bbox 99 554 254 635; x_wconf 86' lang='lat' dir='ltr'>illique</span> <span class='ocrx_word' id='word_1_17' title='bbox 277 558 390 620; x_wconf 81' lang='lat' dir='ltr'>servire</span> <span class='ocrx_word' id='word_1_18' title='bbox 412 557 577 632; x_wconf 83' lang='lat' dir='ltr'>notuerint,</span> <span class='ocrx_word' id='word_1_19' title='bbox 600 557 636 620; x_wconf 91' lang='lat' dir='ltr'>ab</span> <span class='ocrx_word' id='word_1_20' title='bbox 660 557 800 621; x_wconf 86' lang='lat' dir='ltr'>omnibus</span> <span class='ocrx_word' id='word_1_21' title='bbox 822 559 923 632; x_wconf 90' lang='lat' dir='ltr'>reiici,</span> <span class='ocrx_word' id='word_1_22' title='bbox 946 578 1002 624; x_wconf 85' lang='lat' dir='ltr'>uec</span> <span class='ocrx_word' id='word_1_23' title='bbox 1023 563 1149 644; x_wconf 80' lang='lat' dir='ltr'>amplius</span> <span class='ocrx_word' id='word_1_24' title='bbox 1171 566 1289 628; x_wconf 87' lang='lat' dir='ltr'>censeri</span> 
     </span>
     <span class='ocr_line' id='line_1_4' title="bbox 38 655 1218 733; baseline 0.006 -14.849"><span class='ocrx_word' id='word_1_25' title='bbox 38 660 41 675; x_wconf 65' lang='lat'><em>¹</em></span> <span class='ocrx_word' id='word_1_26' title='bbox 77 655 262 733; x_wconf 76' lang='lat' dir='ltr'>suanos,</span> <span class='ocrx_word' id='word_1_27' title='bbox 284 659 346 732; x_wconf 86' lang='lat' dir='ltr'>sod¹</span> <span class='ocrx_word' id='word_1_28' title='bbox 359 659 405 721; x_wconf 86' lang='lat' dir='ltr'>vel</span> <span class='ocrx_word' id='word_1_29' title='bbox 426 660 505 722; x_wconf 92' lang='lat' dir='ltr'>inter</span> <span class='ocrx_word' id='word_1_30' title='bbox 525 659 669 724; x_wconf 86' lang='lat' dir='ltr'>Etbnioos</span> <span class='ocrx_word' id='word_1_31' title='bbox 690 660 736 722; x_wconf 84' lang='lat' dir='ltr'>ael</span> <span class='ocrx_word' id='word_1_32' title='bbox 757 660 836 722; x_wconf 86' lang='lat' dir='ltr'>inter</span> <span class='ocrx_word' id='word_1_33' title='bbox 856 661 983 725; x_wconf 82' lang='lat' dir='ltr'>iudaeos</span> <span class='ocrx_word' id='word_1_34' title='bbox 1005 664 1218 729; x_wconf 85' lang='lat' dir='ltr'>annumerari?</span> 
     </span>
    </p>
   </div>
   <div class='ocr_carea' id='block_1_3' title="bbox 5 961 1414 3376">
    <p class='ocr_par' dir='ltr' id='par_1_3' title="bbox 11 961 1289 1044">
     <span class='ocr_line' id='line_1_5' title="bbox 11 961 1289 1044; baseline 0.006 -19"><span class='ocrx_word' id='word_1_35' title='bbox 11 969 53 998; x_wconf 44' lang='lat'>*&#39;&#39;</span> <span class='ocrx_word' id='word_1_36' title='bbox 105 964 149 1025; x_wconf 89' lang='grc'>6.</span> <span class='ocrx_word' id='word_1_37' title='bbox 213 961 302 1025; x_wconf 84' lang='lat' dir='ltr'>Haeo</span> <span class='ocrx_word' id='word_1_38' title='bbox 324 981 406 1042; x_wconf 88' lang='lat' dir='ltr'>ergo,</span> <span class='ocrx_word' id='word_1_39' title='bbox 428 972 463 1025; x_wconf 91' lang='lat' dir='ltr'>ut</span> <span class='ocrx_word' id='word_1_40' title='bbox 483 979 572 1044; x_wconf 84' lang='lat' dir='ltr'>supro</span> <span class='ocrx_word' id='word_1_41' title='bbox 595 963 734 1036; x_wconf 82' lang='lat' dir='ltr'>diximus,</span> <span class='ocrx_word' id='word_1_42' title='bbox 756 961 873 1024; x_wconf 88' lang='lat' dir='ltr'>insania</span> <span class='ocrx_word' id='word_1_43' title='bbox 889 971 919 1024; x_wconf 88' lang='lat' dir='ltr'>et</span> <span class='ocrx_word' id='word_1_44' title='bbox 933 964 1084 1026; x_wconf 89' lang='lat' dir='ltr'>temeritas</span> <span class='ocrx_word' id='word_1_45' title='bbox 1100 965 1218 1030; x_wconf 86' lang='lat' dir='ltr'>iliorum</span> <span class='ocrx_word' id='word_1_46' title='bbox 1234 978 1289 1033; x_wconf 88' lang='lat' dir='ltr'>ost.</span> 
     </span>
    </p>

    <p class='ocr_par' dir='ltr' id='par_1_4' title="bbox 14 1065 1290 1236">
     <span class='ocr_line' id='line_1_6' title="bbox 15 1065 1290 1146; baseline 0.006 -22"><span class='ocrx_word' id='word_1_47' title='bbox 15 1080 30 1101; x_wconf 72' lang='lat'>’¹</span> <span class='ocrx_word' id='word_1_48' title='bbox 43 1077 50 1114; x_wconf 73' lang='lat'>5</span> <span class='ocrx_word' id='word_1_49' title='bbox 69 1071 145 1124; x_wconf 81' lang='lat' dir='ltr'>stra</span> <span class='ocrx_word' id='word_1_50' title='bbox 176 1073 291 1128; x_wconf 84' lang='lat' dir='ltr'>autom</span> <span class='ocrx_word' id='word_1_51' title='bbox 313 1066 387 1128; x_wconf 85' lang='lat' dir='ltr'>fides</span> <span class='ocrx_word' id='word_1_52' title='bbox 408 1073 568 1140; x_wconf 78' lang='lat' dir='ltr'>recteest,</span> <span class='ocrx_word' id='word_1_53' title='bbox 592 1072 680 1145; x_wconf 86' lang='lat' dir='ltr'>atque</span> <span class='ocrx_word' id='word_1_54' title='bbox 703 1083 739 1126; x_wconf 81' lang='lat' dir='ltr'>ex</span> <span class='ocrx_word' id='word_1_55' title='bbox 761 1065 896 1128; x_wconf 82' lang='lat' dir='ltr'>doctrina</span> <span class='ocrx_word' id='word_1_56' title='bbox 910 1065 1083 1146; x_wconf 76' lang='lat' dir='ltr'>Apostolica</span> <span class='ocrx_word' id='word_1_57' title='bbox 1104 1066 1239 1142; x_wconf 86' lang='lat' dir='ltr'>deducta,</span> <span class='ocrx_word' id='word_1_58' title='bbox 1261 1078 1290 1132; x_wconf 90' lang='lat' dir='ltr'>ot</span> 
     </span>
     <span class='ocr_line' id='line_1_7' title="bbox 69 1159 1289 1236; baseline 0.005 -10.698"><span class='ocrx_word' id='word_1_59' title='bbox 69 1183 161 1236; x_wconf 88' lang='lat' dir='ltr'>rum</span> <span class='ocrx_word' id='word_1_60' title='bbox 200 1165 371 1228; x_wconf 77' lang='lat' dir='ltr'><strong>traditione</strong></span> <span class='ocrx_word' id='word_1_61' title='bbox 393 1185 449 1229; x_wconf 89' lang='lat' dir='ltr'>neo</span> <span class='ocrx_word' id='word_1_62' title='bbox 470 1185 532 1229; x_wconf 89' lang='lat' dir='ltr'>non</span> <span class='ocrx_word' id='word_1_63' title='bbox 553 1185 620 1228; x_wconf 90' lang='lat' dir='ltr'>cum</span> <span class='ocrx_word' id='word_1_64' title='bbox 643 1166 712 1228; x_wconf 76' lang='lat' dir='ltr'>icosi</span> <span class='ocrx_word' id='word_1_65' title='bbox 735 1175 798 1228; x_wconf 92' lang='lat' dir='ltr'>tum</span> <span class='ocrx_word' id='word_1_66' title='bbox 820 1166 929 1230; x_wconf 82' lang='lat' dir='ltr'>veteris</span> <span class='ocrx_word' id='word_1_67' title='bbox 952 1159 1135 1230; x_wconf 83' lang='lat' dir='ltr'>Testamenti</span> <span class='ocrx_word' id='word_1_68' title='bbox 1158 1171 1289 1232; x_wconf 85' lang='lat' dir='ltr'>auotori-</span> 
     </span>
    </p>

    <p class='ocr_par' dir='ltr' id='par_1_5' title="bbox 10 1261 1373 1348">
     <span class='ocr_line' id='line_1_8' title="bbox 66 1261 1373 1348; baseline 0.006 -19.671"><span class='ocrx_word' id='word_1_69' title='bbox 66 1285 81 1328; x_wconf 77' lang='lat' dir='ltr'>e</span> <span class='ocrx_word' id='word_1_70' title='bbox 112 1267 326 1328; x_wconf 81' lang='lat' dir='ltr'>confirmata.</span> <span class='ocrx_word' id='word_1_71' title='bbox 370 1261 452 1330; x_wconf 83' lang='lat' dir='ltr'>Haeo</span> <span class='ocrx_word' id='word_1_72' title='bbox 473 1267 552 1330; x_wconf 90' lang='lat' dir='ltr'>enim</span> <span class='ocrx_word' id='word_1_73' title='bbox 575 1276 647 1330; x_wconf 88' lang='lat' dir='ltr'>sunt</span> <span class='ocrx_word' id='word_1_74' title='bbox 666 1267 884 1348; x_wconf 66' lang='lat' dir='ltr'><strong>Prophetarum</strong></span> <span class='ocrx_word' id='word_1_75' title='bbox 905 1267 1010 1332; x_wconf 82' lang='lat' dir='ltr'>rerba:</span> <span class='ocrx_word' id='word_1_76' title='bbox 1033 1269 1144 1333; x_wconf 79' lang='lat' dir='ltr'>Emitte</span> <span class='ocrx_word' id='word_1_77' title='bbox 1162 1271 1373 1336; x_wconf 71' lang='lat' dir='ltr'>Verbumraru</span> 
     </span>
    </p>

    <p class='ocr_par' dir='ltr' id='par_1_6' title="bbox 11 1368 1288 1464">
     <span class='ocr_line' id='line_1_9' title="bbox 11 1368 1288 1464; baseline 0.005 -36"><span class='ocrx_word' id='word_1_78' title='bbox 11 1369 12 1372; x_wconf 75' lang='grc'>’</span> <span class='ocrx_word' id='word_1_79' title='bbox 36 1387 114 1430; x_wconf 64' lang='lat' dir='ltr'>cem</span> <span class='ocrx_word' id='word_1_80' title='bbox 144 1382 184 1432; x_wconf 85' lang='lat' dir='ltr'>er</span> <span class='ocrx_word' id='word_1_81' title='bbox 212 1372 376 1433; x_wconf 81' lang='lat' dir='ltr'>veritatem</span> <span class='ocrx_word' id='word_1_82' title='bbox 398 1379 499 1448; x_wconf 72' lang='lat' dir='ltr'>mom,</span> <span class='ocrx_word' id='word_1_83' title='bbox 522 1377 551 1432; x_wconf 93' lang='lat' dir='ltr'>et</span> <span class='ocrx_word' id='word_1_84' title='bbox 571 1369 646 1432; x_wconf 79' lang='lat' dir='ltr'>Boos</span> <span class='ocrx_word' id='word_1_85' title='bbox 671 1368 928 1464; x_wconf 70' lang='lat' dir='ltr'>Virgooooeipiet</span> <span class='ocrx_word' id='word_1_86' title='bbox 949 1381 978 1432; x_wconf 85' lang='lat' dir='ltr'>et</span> <span class='ocrx_word' id='word_1_87' title='bbox 997 1376 1100 1451; x_wconf 79' lang='lat' dir='ltr'>pariet</span> <span class='ocrx_word' id='word_1_88' title='bbox 1115 1371 1235 1444; x_wconf 76' lang='lat' dir='ltr'>Filium,</span> <span class='ocrx_word' id='word_1_89' title='bbox 1260 1383 1288 1436; x_wconf 83' lang='lat' dir='ltr'>et</span> 
     </span>
    </p>

    <p class='ocr_par' dir='ltr' id='par_1_7' title="bbox 9 1465 1289 1650">
     <span class='ocr_line' id='line_1_10' title="bbox 49 1465 1289 1552; baseline 0.005 -22.781"><span class='ocrx_word' id='word_1_90' title='bbox 49 1471 206 1532; x_wconf 50' lang='lat' dir='ltr'>&#39;cubant</span> <span class='ocrx_word' id='word_1_91' title='bbox 237 1488 346 1532; x_wconf 81' lang='lat' dir='ltr'>nomen</span> <span class='ocrx_word' id='word_1_92' title='bbox 378 1475 442 1534; x_wconf 76' lang='lat' dir='ltr'>erus</span> <span class='ocrx_word' id='word_1_93' title='bbox 464 1465 671 1542; x_wconf 56' lang='lat' dir='ltr'>Emmanuel,</span> <span class='ocrx_word' id='word_1_94' title='bbox 688 1471 768 1550; x_wconf 79' lang='lat' dir='ltr'>quod</span> <span class='ocrx_word' id='word_1_95' title='bbox 795 1484 841 1534; x_wconf 81' lang='lat' dir='ltr'>eat</span> <span class='ocrx_word' id='word_1_96' title='bbox 862 1475 1099 1552; x_wconf 74' lang='lat' dir='ltr'>interpretatum</span> <span class='ocrx_word' id='word_1_97' title='bbox 1126 1473 1289 1538; x_wconf 73' lang='lat' dir='ltr'>Nobiscum</span> 
     </span>
     <span class='ocr_line' id='line_1_11' title="bbox 33 1570 1288 1650; baseline 0.002 -14"><span class='ocrx_word' id='word_1_98' title='bbox 33 1587 132 1636; x_wconf 54' lang='lat' dir='ltr'>«aas.</span> <span class='ocrx_word' id='word_1_99' title='bbox 192 1570 278 1643; x_wconf 88' lang='lat' dir='ltr'>Quid</span> <span class='ocrx_word' id='word_1_100' title='bbox 299 1587 392 1650; x_wconf 86' lang='lat' dir='ltr'>porro</span> <span class='ocrx_word' id='word_1_101' title='bbox 414 1571 486 1634; x_wconf 90' lang='lat' dir='ltr'>iilud</span> <span class='ocrx_word' id='word_1_102' title='bbox 509 1579 555 1632; x_wconf 88' lang='lat' dir='ltr'>est</span> <span class='ocrx_word' id='word_1_103' title='bbox 577 1589 665 1649; x_wconf 89' lang='lat' dir='ltr'>quam</span> <span class='ocrx_word' id='word_1_104' title='bbox 687 1571 781 1634; x_wconf 87' lang='lat' dir='ltr'>Deum</span> <span class='ocrx_word' id='word_1_105' title='bbox 803 1570 833 1632; x_wconf 92' lang='lat' dir='ltr'>in</span> <span class='ocrx_word' id='word_1_106' title='bbox 856 1589 945 1634; x_wconf 85' lang='lat' dir='ltr'>carno</span> <span class='ocrx_word' id='word_1_107' title='bbox 968 1573 1075 1635; x_wconf 83' lang='lat' dir='ltr'>iactum</span> <span class='ocrx_word' id='word_1_108' title='bbox 1092 1572 1184 1636; x_wconf 74' lang='lat' dir='ltr'>esse?</span> <span class='ocrx_word' id='word_1_109' title='bbox 1205 1574 1288 1638; x_wconf 83' lang='lat' dir='ltr'>idem</span> 
     </span>
    </p>

    <p class='ocr_par' dir='ltr' id='par_1_8' title="bbox 9 1670 1288 1750">
     <span class='ocr_line' id='line_1_12' title="bbox 9 1670 1288 1750; baseline 0.004 -16"><span class='ocrx_word' id='word_1_110' title='bbox 9 1688 167 1748; x_wconf 63' lang='lat' dir='ltr'>r,·toqne</span> <span class='ocrx_word' id='word_1_111' title='bbox 192 1671 368 1750; x_wconf 75' lang='lat' dir='ltr'>Apostoiioa</span> <span class='ocrx_word' id='word_1_112' title='bbox 397 1672 483 1734; x_wconf 89' lang='lat' dir='ltr'>docet</span> <span class='ocrx_word' id='word_1_113' title='bbox 511 1671 645 1745; x_wconf 80' lang='lat' dir='ltr'>traditio,</span> <span class='ocrx_word' id='word_1_114' title='bbox 680 1679 741 1732; x_wconf 88' lang='lat' dir='ltr'>tum</span> <span class='ocrx_word' id='word_1_115' title='bbox 769 1670 860 1732; x_wconf 81' lang='lat' dir='ltr'>Raeto</span> <span class='ocrx_word' id='word_1_116' title='bbox 881 1671 972 1734; x_wconf 91' lang='lat' dir='ltr'>Petro</span> <span class='ocrx_word' id='word_1_117' title='bbox 1001 1673 1132 1736; x_wconf 75' lang='lat' dir='ltr'>dicente:</span> <span class='ocrx_word' id='word_1_118' title='bbox 1167 1675 1288 1740; x_wconf 83' lang='lat' dir='ltr'>Citra‘sto</span> 
     </span>
    </p>

    <p class='ocr_par' dir='ltr' id='par_1_9' title="bbox 15 1771 1289 1857">
     <span class='ocr_line' id='line_1_13' title="bbox 15 1771 1289 1857; baseline 0.008 -27"><span class='ocrx_word' id='word_1_119' title='bbox 15 1781 29 1816; x_wconf 67' lang='lat'>2</span> <span class='ocrx_word' id='word_1_120' title='bbox 43 1775 139 1834; x_wconf 82' lang='lat' dir='ltr'>-itur</span> <span class='ocrx_word' id='word_1_121' title='bbox 165 1789 236 1852; x_wconf 80' lang='lat' dir='ltr'>pro</span> <span class='ocrx_word' id='word_1_122' title='bbox 257 1772 344 1835; x_wconf 86' lang='lat' dir='ltr'>aobia</span> <span class='ocrx_word' id='word_1_123' title='bbox 368 1791 461 1836; x_wconf 84' lang='lat' dir='ltr'>corae</span> <span class='ocrx_word' id='word_1_124' title='bbox 478 1791 583 1853; x_wconf 83' lang='lat' dir='ltr'>passo,</span> <span class='ocrx_word' id='word_1_125' title='bbox 607 1781 669 1834; x_wconf 92' lang='lat' dir='ltr'>tum</span> <span class='ocrx_word' id='word_1_126' title='bbox 683 1771 775 1834; x_wconf 88' lang='lat' dir='ltr'>Paulo</span> <span class='ocrx_word' id='word_1_127' title='bbox 792 1772 958 1839; x_wconf 73' lang='lat' dir='ltr'>scribente:</span> <span class='ocrx_word' id='word_1_128' title='bbox 982 1774 1203 1857; x_wconf 52' lang='lat' dir='ltr'>&amp;spectantes</span> <span class='ocrx_word' id='word_1_129' title='bbox 1218 1778 1289 1840; x_wconf 84' lang='lat' dir='ltr'>beo-</span> 
     </span>
    </p>

    <p class='ocr_par' dir='ltr' id='par_1_10' title="bbox 8 1873 1291 2162">
     <span class='ocr_line' id='line_1_14' title="bbox 8 1873 1289 1955; baseline 0.005 -21"><span class='ocrx_word' id='word_1_130' title='bbox 8 1888 17 1944; x_wconf 75' lang='lat'>[·‘</span> <span class='ocrx_word' id='word_1_131' title='bbox 54 1891 100 1934; x_wconf 81' lang='lat' dir='ltr'>cm</span> <span class='ocrx_word' id='word_1_132' title='bbox 139 1891 236 1953; x_wconf 80' lang='lat' dir='ltr'>spem</span> <span class='ocrx_word' id='word_1_133' title='bbox 262 1885 290 1936; x_wconf 81' lang='lat' dir='ltr'>at</span> <span class='ocrx_word' id='word_1_134' title='bbox 319 1875 481 1938; x_wconf 82' lang='lat' dir='ltr'>aduentum</span> <span class='ocrx_word' id='word_1_135' title='bbox 509 1873 627 1953; x_wconf 81' lang='lat' dir='ltr'>giorioe</span> <span class='ocrx_word' id='word_1_136' title='bbox 646 1879 749 1955; x_wconf 83' lang='lat' dir='ltr'>mogai</span> <span class='ocrx_word' id='word_1_137' title='bbox 770 1873 830 1936; x_wconf 86' lang='lat' dir='ltr'>Dei</span> <span class='ocrx_word' id='word_1_138' title='bbox 849 1885 878 1936; x_wconf 82' lang='lat' dir='ltr'>et</span> <span class='ocrx_word' id='word_1_139' title='bbox 900 1875 1073 1938; x_wconf 80' lang='lat' dir='ltr'>Sobootoris</span> <span class='ocrx_word' id='word_1_140' title='bbox 1095 1881 1199 1940; x_wconf 83' lang='lat' dir='ltr'>nostri</span> <span class='ocrx_word' id='word_1_141' title='bbox 1218 1877 1289 1941; x_wconf 82' lang='lat' dir='ltr'>Iesu</span> 
     </span>
     <span class='ocr_line' id='line_1_15' title="bbox 10 1969 1291 2055; baseline 0.006 -21"><span class='ocrx_word' id='word_1_142' title='bbox 10 1973 188 2050; x_wconf 53' lang='lat' dir='ltr'>-.2&#39;bristi,</span> <span class='ocrx_word' id='word_1_143' title='bbox 223 1978 275 2055; x_wconf 75' lang='lat' dir='ltr'>oui</span> <span class='ocrx_word' id='word_1_144' title='bbox 302 1976 383 2038; x_wconf 83' lang='lat' dir='ltr'>dedit</span> <span class='ocrx_word' id='word_1_145' title='bbox 404 1979 595 2055; x_wconf 67' lang='lat' dir='ltr'>semetipsum</span> <span class='ocrx_word' id='word_1_146' title='bbox 613 1993 675 2054; x_wconf 79' lang='lat' dir='ltr'>pro</span> <span class='ocrx_word' id='word_1_147' title='bbox 697 1976 800 2047; x_wconf 83' lang='lat' dir='ltr'>uobis,</span> <span class='ocrx_word' id='word_1_148' title='bbox 829 1988 865 2038; x_wconf 86' lang='lat' dir='ltr'>ut</span> <span class='ocrx_word' id='word_1_149' title='bbox 887 1969 1049 2039; x_wconf 80' lang='lat' dir='ltr'>redimeret</span> <span class='ocrx_word' id='word_1_150' title='bbox 1069 1995 1125 2040; x_wconf 82' lang='lat' dir='ltr'>noa</span> <span class='ocrx_word' id='word_1_151' title='bbox 1147 1980 1184 2041; x_wconf 91' lang='lat' dir='ltr'>ob</span> <span class='ocrx_word' id='word_1_152' title='bbox 1208 1983 1291 2042; x_wconf 80' lang='lat' dir='ltr'>omasi</span> 
     </span>
     <span class='ocr_line' id='line_1_16' title="bbox 8 2075 1289 2162; baseline 0.005 -26"><span class='ocrx_word' id='word_1_153' title='bbox 8 2089 184 2156; x_wconf 48' lang='lat' dir='ltr'>peccato,</span> <span class='ocrx_word' id='word_1_154' title='bbox 211 2078 423 2156; x_wconf 56' lang='lat' dir='ltr'>edmundorct</span> <span class='ocrx_word' id='word_1_155' title='bbox 444 2076 504 2138; x_wconf 85' lang='lat' dir='ltr'>sibi</span> <span class='ocrx_word' id='word_1_156' title='bbox 519 2075 668 2156; x_wconf 75' lang='lat' dir='ltr'>populum</span> <span class='ocrx_word' id='word_1_157' title='bbox 687 2076 876 2156; x_wconf 79' lang='lat' dir='ltr'>pecuimrcm</span> <span class='ocrx_word' id='word_1_158' title='bbox 893 2086 926 2162; x_wconf 69' lang='lat' dir='ltr'>et</span> <span class='ocrx_word' id='word_1_159' title='bbox 944 2089 1123 2142; x_wconf 82' lang='lat' dir='ltr'>sectatorem</span> <span class='ocrx_word' id='word_1_160' title='bbox 1138 2079 1289 2142; x_wconf 76' lang='lat' dir='ltr'>bonorum</span> 
     </span>
    </p>

    <p class='ocr_par' dir='ltr' id='par_1_11' title="bbox 8 2167 1414 2260">
     <span class='ocr_line' id='line_1_17' title="bbox 8 2167 1414 2260; baseline 0.003 -20"><span class='ocrx_word' id='word_1_161' title='bbox 8 2221 26 2260; x_wconf 69' lang='lat'>·,</span> <span class='ocrx_word' id='word_1_162' title='bbox 46 2197 189 2257; x_wconf 70' lang='lat' dir='ltr'>merum.</span> <span class='ocrx_word' id='word_1_163' title='bbox 239 2177 398 2251; x_wconf 83' lang='lat' dir='ltr'><strong>Quomodo</strong></span> <span class='ocrx_word' id='word_1_164' title='bbox 429 2195 500 2256; x_wconf 85' lang='lat' dir='ltr'>ergo</span> <span class='ocrx_word' id='word_1_165' title='bbox 533 2176 667 2257; x_wconf 81' lang='lat' dir='ltr'>seipsum</span> <span class='ocrx_word' id='word_1_166' title='bbox 695 2195 752 2257; x_wconf 83' lang='lat' dir='ltr'>pro</span> <span class='ocrx_word' id='word_1_167' title='bbox 782 2177 870 2241; x_wconf 89' lang='lat' dir='ltr'>nobis</span> <span class='ocrx_word' id='word_1_168' title='bbox 886 2177 1050 2260; x_wconf 81' lang='lat' dir='ltr'>dedisset,</span> <span class='ocrx_word' id='word_1_169' title='bbox 1085 2179 1144 2242; x_wconf 90' lang='lat' dir='ltr'>nisi</span> <span class='ocrx_word' id='word_1_170' title='bbox 1167 2198 1287 2244; x_wconf 88' lang='lat' dir='ltr'>earnem</span> <span class='ocrx_word' id='word_1_171' title='bbox 1409 2167 1414 2176; x_wconf 77' lang='grc'><strong>’</strong></span> 
     </span>
    </p>

    <p class='ocr_par' dir='ltr' id='par_1_12' title="bbox 6 2270 1287 2460">
     <span class='ocr_line' id='line_1_18' title="bbox 44 2277 1287 2360; baseline 0.002 -19.941"><span class='ocrx_word' id='word_1_172' title='bbox 44 2277 229 2358; x_wconf 72' lang='lat' dir='ltr'><strong>gestasset?</strong></span> <span class='ocrx_word' id='word_1_173' title='bbox 258 2279 335 2342; x_wconf 88' lang='lat' dir='ltr'>hano</span> <span class='ocrx_word' id='word_1_174' title='bbox 363 2279 442 2341; x_wconf 91' lang='lat' dir='ltr'>enim</span> <span class='ocrx_word' id='word_1_175' title='bbox 471 2279 602 2340; x_wconf 77' lang='lat' dir='ltr'>offerens</span> <span class='ocrx_word' id='word_1_176' title='bbox 625 2277 819 2360; x_wconf 86' lang='lat' dir='ltr'>semetipsum</span> <span class='ocrx_word' id='word_1_177' title='bbox 841 2299 898 2360; x_wconf 88' lang='lat' dir='ltr'>pro</span> <span class='ocrx_word' id='word_1_178' title='bbox 921 2279 1010 2342; x_wconf 89' lang='lat' dir='ltr'>nobis</span> <span class='ocrx_word' id='word_1_179' title='bbox 1034 2281 1134 2355; x_wconf 80' lang='lat' dir='ltr'>dedic,</span> <span class='ocrx_word' id='word_1_180' title='bbox 1148 2289 1182 2344; x_wconf 90' lang='lat' dir='ltr'>ut</span> <span class='ocrx_word' id='word_1_181' title='bbox 1203 2299 1287 2344; x_wconf 91' lang='lat' dir='ltr'>mor-</span> 
     </span>
     <span class='ocr_line' id='line_1_19' title="bbox 40 2379 1286 2460; baseline 0.002 -20.923"><span class='ocrx_word' id='word_1_182' title='bbox 17 2387 103 2446; x_wconf 89' lang='lat' dir='ltr'>tem</span> <span class='ocrx_word' id='word_1_183' title='bbox 136 2379 171 2440; x_wconf 91' lang='lat' dir='ltr'>in</span> <span class='ocrx_word' id='word_1_184' title='bbox 195 2380 247 2442; x_wconf 88' lang='lat' dir='ltr'>illa</span> <span class='ocrx_word' id='word_1_185' title='bbox 268 2380 425 2444; x_wconf 87' lang='lat' dir='ltr'>subeundo</span> <span class='ocrx_word' id='word_1_186' title='bbox 448 2379 597 2442; x_wconf 89' lang='lat' dir='ltr'>diabolum</span> <span class='ocrx_word' id='word_1_187' title='bbox 618 2381 727 2442; x_wconf 87' lang='lat' dir='ltr'>mortis</span> <span class='ocrx_word' id='word_1_188' title='bbox 748 2380 1082 2460; x_wconf 83' lang='lat' dir='ltr'>imperium&#39;habentem</span> <span class='ocrx_word' id='word_1_189' title='bbox 1104 2380 1286 2460; x_wconf 84' lang='lat' dir='ltr'>profligaret</span> 
     </span>
    </p>

    <p class='ocr_par' dir='ltr' id='par_1_13' title="bbox 5 2461 1402 2870">
     <span class='ocr_line' id='line_1_20' title="bbox 27 2461 1285 2560; baseline 0.002 -17.966"><span class='ocrx_word' id='word_1_190' title='bbox 27 2461 125 2542; x_wconf 61' lang='lat' dir='ltr'>⁸Hine</span> <span class='ocrx_word' id='word_1_191' title='bbox 154 2481 270 2560; x_wconf 76' lang='lat' dir='ltr'>gratias</span> <span class='ocrx_word' id='word_1_192' title='bbox 299 2499 419 2560; x_wconf 87' lang='lat' dir='ltr'>semper</span> <span class='ocrx_word' id='word_1_193' title='bbox 448 2481 563 2560; x_wconf 78' lang='lat' dir='ltr'>agimus</span> <span class='ocrx_word' id='word_1_194' title='bbox 590 2479 622 2541; x_wconf 89' lang='lat' dir='ltr'>in</span> <span class='ocrx_word' id='word_1_195' title='bbox 644 2479 765 2542; x_wconf 88' lang='lat' dir='ltr'>nomine</span> <span class='ocrx_word' id='word_1_196' title='bbox 787 2481 857 2542; x_wconf 90' lang='lat' dir='ltr'>lesu</span> <span class='ocrx_word' id='word_1_197' title='bbox 880 2479 1007 2556; x_wconf 76' lang='lat' dir='ltr'>Christi,</span> <span class='ocrx_word' id='word_1_198' title='bbox 1034 2497 1132 2560; x_wconf 84' lang='lat' dir='ltr'>noque</span> <span class='ocrx_word' id='word_1_199' title='bbox 1163 2481 1285 2560; x_wconf 78' lang='lat' dir='ltr'>gratiam</span> 
     </span>
     <span class='ocr_line' id='line_1_21' title="bbox 26 2565 1402 2662; baseline 0.001 -20"><span class='ocrx_word' id='word_1_200' title='bbox 26 2581 136 2649; x_wconf 81' lang='lat' dir='ltr'>,nobis</span> <span class='ocrx_word' id='word_1_201' title='bbox 166 2583 352 2662; x_wconf 84' lang='lat' dir='ltr'>peripsum</span> <span class='ocrx_word' id='word_1_202' title='bbox 380 2583 556 2662; x_wconf 72' lang='lat' dir='ltr'>praestitam</span> <span class='ocrx_word' id='word_1_203' title='bbox 586 2581 787 2660; x_wconf 87' lang='lat' dir='ltr'>repudiamus.</span> <span class='ocrx_word' id='word_1_204' title='bbox 832 2581 983 2662; x_wconf 86' lang='lat' dir='ltr'>Corporea</span> <span class='ocrx_word' id='word_1_205' title='bbox 1013 2582 1092 2644; x_wconf 90' lang='lat' dir='ltr'>onim</span> <span class='ocrx_word' id='word_1_206' title='bbox 1122 2581 1285 2644; x_wconf 84' lang='lat' dir='ltr'>Salvatoris</span> <span class='ocrx_word' id='word_1_207' title='bbox 1390 2565 1402 2576; x_wconf 70' lang='grc'><strong>’</strong></span> 
     </span>
     <span class='ocr_line' id='line_1_22' title="bbox 14 2682 1284 2763; baseline 0.001 -20"><span class='ocrx_word' id='word_1_208' title='bbox 14 2744 27 2762; x_wconf 53' lang='grc'>,,</span> <span class='ocrx_word' id='word_1_209' title='bbox 46 2682 225 2761; x_wconf 83' lang='lat' dir='ltr'>praesentia</span> <span class='ocrx_word' id='word_1_210' title='bbox 258 2684 366 2746; x_wconf 89' lang='lat' dir='ltr'>mortis</span> <span class='ocrx_word' id='word_1_211' title='bbox 399 2683 455 2744; x_wconf 82' lang='lat' dir='ltr'>tuit</span> <span class='ocrx_word' id='word_1_212' title='bbox 487 2682 617 2763; x_wconf 84' lang='lat' dir='ltr'>pretium</span> <span class='ocrx_word' id='word_1_213' title='bbox 649 2689 680 2744; x_wconf 89' lang='lat' dir='ltr'>et</span> <span class='ocrx_word' id='word_1_214' title='bbox 705 2699 804 2746; x_wconf 86' lang='lat' dir='ltr'>rarum</span> <span class='ocrx_word' id='word_1_215' title='bbox 834 2682 967 2746; x_wconf 91' lang='lat' dir='ltr'>omnium</span> <span class='ocrx_word' id='word_1_216' title='bbox 998 2693 1163 2748; x_wconf 86' lang='lat' dir='ltr'>creatarum</span> <span class='ocrx_word' id='word_1_217' title='bbox 1193 2682 1284 2744; x_wconf 82' lang='lat' dir='ltr'>salus.</span> 
     </span>
     <span class='ocr_line' id='line_1_23' title="bbox 47 2781 1381 2870; baseline -0.004 -24"><span class='ocrx_word' id='word_1_218' title='bbox 47 2785 212 2858; x_wconf 84' lang='lat' dir='ltr'>Quocirca,</span> <span class='ocrx_word' id='word_1_219' title='bbox 237 2784 391 2870; x_wconf 74' lang='lat' dir='ltr'>carissime</span> <span class='ocrx_word' id='word_1_220' title='bbox 413 2793 443 2846; x_wconf 91' lang='lat' dir='ltr'>et</span> <span class='ocrx_word' id='word_1_221' title='bbox 465 2783 664 2865; x_wconf 81' lang='lat' dir='ltr'>optatissima,</span> <span class='ocrx_word' id='word_1_222' title='bbox 687 2782 727 2845; x_wconf 89' lang='lat' dir='ltr'>hi·</span> <span class='ocrx_word' id='word_1_223' title='bbox 741 2781 871 2862; x_wconf 87' lang='lat' dir='ltr'>quidem,</span> <span class='ocrx_word' id='word_1_224' title='bbox 894 2782 945 2862; x_wconf 87' lang='lat' dir='ltr'>qui</span> <span class='ocrx_word' id='word_1_225' title='bbox 967 2783 1093 2862; x_wconf 88' lang='lat' dir='ltr'>diligunt</span> <span class='ocrx_word' id='word_1_226' title='bbox 1114 2781 1284 2856; x_wconf 84' lang='lat' dir='ltr'>Dominum,</span> <span class='ocrx_word' id='word_1_227' title='bbox 1376 2825 1381 2832; x_wconf 80' lang='grc'><strong>.</strong></span> 
     </span>
    </p>

    <p class='ocr_par' dir='ltr' id='par_1_14' title="bbox 5 2872 1283 2966">
     <span class='ocr_line' id='line_1_24' title="bbox 50 2881 1283 2964; baseline -0.002 -18.07"><span class='ocrx_word' id='word_1_228' title='bbox 50 2905 85 2946; x_wconf 86' lang='lat' dir='ltr'>ex</span> <span class='ocrx_word' id='word_1_229' title='bbox 109 2887 198 2949; x_wconf 89' lang='lat' dir='ltr'>dictis</span> <span class='ocrx_word' id='word_1_230' title='bbox 222 2887 467 2958; x_wconf 67' lang='lat' dir='ltr'>commoratam,</span> <span class='ocrx_word' id='word_1_231' title='bbox 497 2885 548 2964; x_wconf 89' lang='lat' dir='ltr'>qui</span> <span class='ocrx_word' id='word_1_232' title='bbox 570 2903 641 2948; x_wconf 85' lang='lat' dir='ltr'>vero</span> <span class='ocrx_word' id='word_1_233' title='bbox 663 2883 817 2946; x_wconf 87' lang='lat' dir='ltr'>imitantur</span> <span class='ocrx_word' id='word_1_234' title='bbox 836 2884 938 2946; x_wconf 87' lang='lat' dir='ltr'>ludam</span> <span class='ocrx_word' id='word_1_235' title='bbox 961 2891 992 2948; x_wconf 89' lang='lat' dir='ltr'>et</span> <span class='ocrx_word' id='word_1_236' title='bbox 1012 2881 1171 2946; x_wconf 88' lang='lat' dir='ltr'>Dominum</span> <span class='ocrx_word' id='word_1_237' title='bbox 1189 2883 1283 2944; x_wconf 87' lang='lat' dir='ltr'>dese-</span> 
     </span>
    </p>

    <p class='ocr_par' dir='ltr' id='par_1_15' title="bbox 5 2983 1392 3272">
     <span class='ocr_line' id='line_1_25' title="bbox 5 2983 1284 3068; baseline -0.002 -20"><span class='ocrx_word' id='word_1_238' title='bbox 5 2983 17 3050; x_wconf 77' lang='grc'>’,</span> <span class='ocrx_word' id='word_1_239' title='bbox 51 2997 137 3062; x_wconf 90' lang='lat' dir='ltr'>runt,</span> <span class='ocrx_word' id='word_1_240' title='bbox 162 2995 196 3050; x_wconf 92' lang='lat' dir='ltr'>ut</span> <span class='ocrx_word' id='word_1_241' title='bbox 218 2987 358 3068; x_wconf 84' lang='lat' dir='ltr'>Caipham</span> <span class='ocrx_word' id='word_1_242' title='bbox 374 2990 561 3066; x_wconf 70' lang='lat' dir='ltr'>sequantur,</span> <span class='ocrx_word' id='word_1_243' title='bbox 592 3004 628 3048; x_wconf 83' lang='lat' dir='ltr'>ox</span> <span class='ocrx_word' id='word_1_244' title='bbox 649 2983 755 3047; x_wconf 85' lang='lat' dir='ltr'>iisdem</span> <span class='ocrx_word' id='word_1_245' title='bbox 778 2985 994 3060; x_wconf 86' lang='lat' dir='ltr'>dedoceautur,</span> <span class='ocrx_word' id='word_1_246' title='bbox 1023 2985 1049 3048; x_wconf 89' lang='lat' dir='ltr'>si</span> <span class='ocrx_word' id='word_1_247' title='bbox 1072 2983 1162 3046; x_wconf 94' lang='lat' dir='ltr'>modo</span> <span class='ocrx_word' id='word_1_248' title='bbox 1184 2983 1284 3060; x_wconf 82' lang='lat' dir='ltr'>velint,</span> 
     </span>
     <span class='ocr_line' id='line_1_26' title="bbox 55 3084 1392 3168; baseline -0.001 -20.072"><span class='ocrx_word' id='word_1_249' title='bbox 55 3090 234 3168; x_wconf 80' lang='lat' dir='ltr'>tandemque</span> <span class='ocrx_word' id='word_1_250' title='bbox 257 3087 445 3150; x_wconf 87' lang='lat' dir='ltr'>erubescant.</span> <span class='ocrx_word' id='word_1_251' title='bbox 489 3087 632 3148; x_wconf 82' lang='lat' dir='ltr'>Noueriot</span> <span class='ocrx_word' id='word_1_252' title='bbox 653 3087 743 3166; x_wconf 88' lang='lat' dir='ltr'>igitur</span> <span class='ocrx_word' id='word_1_253' title='bbox 764 3103 841 3160; x_wconf 89' lang='lat' dir='ltr'>nos,</span> <span class='ocrx_word' id='word_1_254' title='bbox 871 3104 938 3148; x_wconf 90' lang='lat' dir='ltr'>cum</span> <span class='ocrx_word' id='word_1_255' title='bbox 960 3085 1119 3149; x_wconf 88' lang='lat' dir='ltr'>Dominum</span> <span class='ocrx_word' id='word_1_256' title='bbox 1142 3084 1173 3148; x_wconf 94' lang='lat' dir='ltr'>in</span> <span class='ocrx_word' id='word_1_257' title='bbox 1195 3103 1284 3148; x_wconf 84' lang='lat' dir='ltr'>earne</span> <span class='ocrx_word' id='word_1_258' title='bbox 1385 3113 1392 3122; x_wconf 85' lang='lat'><em>-</em></span> 
     </span>
     <span class='ocr_line' id='line_1_27' title="bbox 15 3183 1283 3272; baseline -0.002 -20"><span class='ocrx_word' id='word_1_259' title='bbox 15 3184 21 3268; x_wconf 42' lang='grc' dir='ltr'>ἶ</span> <span class='ocrx_word' id='word_1_260' title='bbox 57 3191 235 3262; x_wconf 86' lang='lat' dir='ltr'>adoramus,</span> <span class='ocrx_word' id='word_1_261' title='bbox 268 3207 329 3250; x_wconf 92' lang='lat' dir='ltr'>non</span> <span class='ocrx_word' id='word_1_262' title='bbox 351 3207 415 3250; x_wconf 89' lang='lat' dir='ltr'>rem</span> <span class='ocrx_word' id='word_1_263' title='bbox 438 3196 566 3250; x_wconf 88' lang='lat' dir='ltr'>creatam</span> <span class='ocrx_word' id='word_1_264' title='bbox 589 3188 730 3261; x_wconf 87' lang='lat' dir='ltr'>adorare,</span> <span class='ocrx_word' id='word_1_265' title='bbox 759 3188 813 3250; x_wconf 87' lang='lat' dir='ltr'>sed</span> <span class='ocrx_word' id='word_1_266' title='bbox 837 3197 1001 3252; x_wconf 86' lang='lat' dir='ltr'>creatorem</span> <span class='ocrx_word' id='word_1_267' title='bbox 1024 3195 1127 3252; x_wconf 87' lang='lat' dir='ltr'>creato</span> <span class='ocrx_word' id='word_1_268' title='bbox 1144 3183 1283 3272; x_wconf 78' lang='lat' dir='ltr'>-in&#39;dutum</span> 
     </span>
    </p>

    <p class='ocr_par' dir='ltr' id='par_1_16' title="bbox 5 3275 824 3376">
     <span class='ocr_line' id='line_1_28' title="bbox 5 3281 824 3376; baseline 0 -24"><span class='ocrx_word' id='word_1_269' title='bbox 5 3289 8 3376; x_wconf 65' lang='lat' dir='ltr'>J</span> <span class='ocrx_word' id='word_1_270' title='bbox 60 3309 195 3372; x_wconf 84' lang='lat' dir='ltr'>corpore,</span> <span class='ocrx_word' id='word_1_271' title='bbox 217 3291 466 3370; x_wconf 85' lang='lat' dir='ltr'>quemadmodum</span> <span class='ocrx_word' id='word_1_272' title='bbox 489 3281 580 3370; x_wconf 70' lang='lat' dir='ltr'>saura</span> <span class='ocrx_word' id='word_1_273' title='bbox 601 3290 824 3370; x_wconf 80' lang='lat' dir='ltr'>explicavimus.</span> 
     </span>
    </p>
   </div>
   <div class='ocr_carea' id='block_1_4' title="bbox 5 3789 1414 4178">
    <p class='ocr_par' dir='ltr' id='par_1_17' title="bbox 5 3789 1414 4178">
     <span class='ocr_line' id='line_1_29' title="bbox 147 3789 1282 3876; baseline -0.004 -18"><span class='ocrx_word' id='word_1_274' title='bbox 147 3797 175 3858; x_wconf 80' lang='lat'>7.</span> <span class='ocrx_word' id='word_1_275' title='bbox 217 3791 323 3854; x_wconf 83' lang='lat' dir='ltr'>Vellem</span> <span class='ocrx_word' id='word_1_276' title='bbox 345 3811 428 3868; x_wconf 86' lang='lat' dir='ltr'>vero,</span> <span class='ocrx_word' id='word_1_277' title='bbox 451 3805 482 3856; x_wconf 92' lang='lat' dir='ltr'>ut</span> <span class='ocrx_word' id='word_1_278' title='bbox 504 3805 554 3858; x_wconf 86' lang='lat' dir='ltr'>tua</span> <span class='ocrx_word' id='word_1_279' title='bbox 575 3796 671 3876; x_wconf 88' lang='lat' dir='ltr'>pietas</span> <span class='ocrx_word' id='word_1_280' title='bbox 693 3794 752 3858; x_wconf 91' lang='lat' dir='ltr'>hoo</span> <span class='ocrx_word' id='word_1_281' title='bbox 771 3792 807 3856; x_wconf 89' lang='lat' dir='ltr'>ab</span> <span class='ocrx_word' id='word_1_282' title='bbox 830 3792 888 3856; x_wconf 88' lang='lat' dir='ltr'>iliis</span> <span class='ocrx_word' id='word_1_283' title='bbox 912 3791 1125 3854; x_wconf 86' lang='lat' dir='ltr'>sciscitaretur.</span> <span class='ocrx_word' id='word_1_284' title='bbox 1169 3789 1282 3870; x_wconf 79' lang='lat' dir='ltr'>Nempe</span> 
     </span>
     <span class='ocr_line' id='line_1_30' title="bbox 70 3879 1414 3977; baseline -0.001 -21"><span class='ocrx_word' id='word_1_285' title='bbox 70 3913 132 3956; x_wconf 92' lang='lat' dir='ltr'>cum</span> <span class='ocrx_word' id='word_1_286' title='bbox 157 3893 302 3958; x_wconf 74' lang='lat' dir='ltr'>israelitae</span> <span class='ocrx_word' id='word_1_287' title='bbox 328 3896 540 3977; x_wconf 74' lang='lat' dir='ltr'>lerosolymam</span> <span class='ocrx_word' id='word_1_288' title='bbox 572 3896 749 3960; x_wconf 88' lang='lat' dir='ltr'>iubebantur</span> <span class='ocrx_word' id='word_1_289' title='bbox 785 3893 965 3968; x_wconf 87' lang='lat' dir='ltr'>ascendere,</span> <span class='ocrx_word' id='word_1_290' title='bbox 998 3903 1031 3954; x_wconf 94' lang='lat' dir='ltr'>ut</span> <span class='ocrx_word' id='word_1_291' title='bbox 1062 3891 1221 3954; x_wconf 88' lang='lat' dir='ltr'>adorarent</span> <span class='ocrx_word' id='word_1_292' title='bbox 1249 3892 1281 3954; x_wconf 90' lang='lat' dir='ltr'>in</span> <span class='ocrx_word' id='word_1_293' title='bbox 1401 3879 1414 3902; x_wconf 61' lang='lat'><strong>⁵</strong></span> 
     </span>
     <span class='ocr_line' id='line_1_31' title="bbox 5 3981 1281 4076; baseline -0.002 -18"><span class='ocrx_word' id='word_1_294' title='bbox 5 3981 8 4010; x_wconf 92' lang='lat'>&#39;</span> <span class='ocrx_word' id='word_1_295' title='bbox 70 3997 170 4076; x_wconf 83' lang='lat' dir='ltr'>templo</span> <span class='ocrx_word' id='word_1_296' title='bbox 190 3996 316 4069; x_wconf 83' lang='lat' dir='ltr'>bomini,</span> <span class='ocrx_word' id='word_1_297' title='bbox 339 3999 389 4060; x_wconf 93' lang='lat' dir='ltr'>ubi</span> <span class='ocrx_word' id='word_1_298' title='bbox 413 4000 549 4060; x_wconf 76' lang='lat' dir='ltr'>videlieet</span> <span class='ocrx_word' id='word_1_299' title='bbox 571 4015 637 4060; x_wconf 86' lang='lat' dir='ltr'>arca</span> <span class='ocrx_word' id='word_1_300' title='bbox 661 4006 740 4071; x_wconf 87' lang='lat' dir='ltr'>erat,</span> <span class='ocrx_word' id='word_1_301' title='bbox 764 4015 855 4076; x_wconf 86' lang='lat' dir='ltr'>supra</span> <span class='ocrx_word' id='word_1_302' title='bbox 878 4014 965 4076; x_wconf 90' lang='lat' dir='ltr'>quarn</span> <span class='ocrx_word' id='word_1_303' title='bbox 989 3993 1148 4056; x_wconf 87' lang='lat' dir='ltr'>Cherubim</span> <span class='ocrx_word' id='word_1_304' title='bbox 1170 3992 1281 4073; x_wconf 86' lang='lat' dir='ltr'>gloriae</span> 
     </span>
     <span class='ocr_line' id='line_1_32' title="bbox 5 4085 1280 4178; baseline -0.002 -20"><span class='ocrx_word' id='word_1_305' title='bbox 5 4085 7 4112; x_wconf 65' lang='lat'>³</span> <span class='ocrx_word' id='word_1_306' title='bbox 72 4097 231 4178; x_wconf 78' lang='lat' dir='ltr'>obtegebant</span> <span class='ocrx_word' id='word_1_307' title='bbox 251 4099 501 4178; x_wconf 83' lang='lat' dir='ltr'>propitiatorium,</span> <span class='ocrx_word' id='word_1_308' title='bbox 524 4099 639 4162; x_wconf 87' lang='lat' dir='ltr'>benene</span> <span class='ocrx_word' id='word_1_309' title='bbox 661 4099 788 4178; x_wconf 88' lang='lat' dir='ltr'>agebant</span> <span class='ocrx_word' id='word_1_310' title='bbox 809 4095 969 4160; x_wconf 79' lang='lat' dir='ltr'>anmals?</span> <span class='ocrx_word' id='word_1_311' title='bbox 1006 4095 1038 4158; x_wconf 91' lang='lat' dir='ltr'>Si</span> <span class='ocrx_word' id='word_1_312' title='bbox 1053 4095 1129 4157; x_wconf 89' lang='lat' dir='ltr'>male</span> <span class='ocrx_word' id='word_1_313' title='bbox 1145 4093 1280 4175; x_wconf 86' lang='lat' dir='ltr'>agebant,</span> 
     </span>
    </p>
   </div>
   <div class='ocr_carea' id='block_1_5' title="bbox 76 4305 1280 4587">
    <p class='ocr_par' dir='ltr' id='par_1_18' title="bbox 76 4305 1077 4394">
     <span class='ocr_line' id='line_1_33' title="bbox 76 4305 1077 4394; baseline -0.002 -30"><span class='ocrx_word' id='word_1_314' title='bbox 76 4305 223 4366; x_wconf 76' lang='grc' dir='ltr'><em>ἀποστόλων.</em></span> <span class='ocrx_word' id='word_1_315' title='bbox 452 4351 469 4380; x_wconf 69' lang='grc'><em>,</em></span> <span class='ocrx_word' id='word_1_316' title='bbox 724 4317 746 4367; x_wconf 89' lang='lat' dir='ltr'>d.</span> <span class='ocrx_word' id='word_1_317' title='bbox 767 4317 867 4394; x_wconf 82' lang='lat' dir='ltr'>Seguer.</span> <span class='ocrx_word' id='word_1_318' title='bbox 884 4311 1077 4380; x_wconf 74' lang='grc' dir='ltr'>προςενεγκών.</span> 
     </span>
    </p>

    <p class='ocr_par' dir='ltr' id='par_1_19' title="bbox 78 4376 1280 4520">
     <span class='ocr_line' id='line_1_34' title="bbox 104 4376 1280 4448; baseline 0 -15"><span class='ocrx_word' id='word_1_319' title='bbox 104 4388 125 4436; x_wconf 88' lang='lat' dir='ltr'>b.</span> <span class='ocrx_word' id='word_1_320' title='bbox 140 4388 173 4438; x_wconf 81' lang='lat' dir='ltr'>Sir</span> <span class='ocrx_word' id='word_1_321' title='bbox 187 4389 283 4448; x_wconf 83' lang='lat' dir='ltr'>Segoer.</span> <span class='ocrx_word' id='word_1_322' title='bbox 301 4385 375 4436; x_wconf 83' lang='lat' dir='ltr'>basii.</span> <span class='ocrx_word' id='word_1_323' title='bbox 397 4395 420 4437; x_wconf 89' lang='lat' dir='ltr'>at</span> <span class='ocrx_word' id='word_1_324' title='bbox 437 4385 559 4448; x_wconf 78' lang='lat' dir='ltr'>tngiican.</span> <span class='ocrx_word' id='word_1_325' title='bbox 593 4387 639 4437; x_wconf 83' lang='lat' dir='ltr'>ttii</span> <span class='ocrx_word' id='word_1_326' title='bbox 725 4400 747 4434; x_wconf 88' lang='lat' dir='ltr'>s.</span> <span class='ocrx_word' id='word_1_327' title='bbox 763 4397 810 4432; x_wconf 74' lang='lat' dir='ltr'>aas</span> <span class='ocrx_word' id='word_1_328' title='bbox 826 4376 1007 4434; x_wconf 76' lang='lat' dir='ltr'>nodawo&#39;rors</span> <span class='ocrx_word' id='word_1_329' title='bbox 1024 4385 1138 4436; x_wconf 87' lang='lat' dir='ltr'>omittunt</span> <span class='ocrx_word' id='word_1_330' title='bbox 1148 4383 1245 4436; x_wconf 84' lang='lat' dir='ltr'>Gobier.</span> <span class='ocrx_word' id='word_1_331' title='bbox 1256 4391 1280 4433; x_wconf 87' lang='lat' dir='ltr'>et</span> 
     </span>
     <span class='ocr_line' id='line_1_35' title="bbox 78 4449 839 4520; baseline 0.004 -22"><span class='ocrx_word' id='word_1_332' title='bbox 78 4465 124 4500; x_wconf 78' lang='lat' dir='ltr'>uero</span> <span class='ocrx_word' id='word_1_333' title='bbox 140 4463 160 4506; x_wconf 83' lang='lat' dir='ltr'>et</span> <span class='ocrx_word' id='word_1_334' title='bbox 173 4456 223 4504; x_wconf 78' lang='lat' dir='ltr'>edati</span> <span class='ocrx_word' id='word_1_335' title='bbox 241 4467 322 4504; x_wconf 78' lang='lat' dir='ltr'>aorem</span> <span class='ocrx_word' id='word_1_336' title='bbox 337 4449 474 4520; x_wconf 64' lang='lat' dir='ltr'>paruolae</span> <span class='ocrx_word' id='word_1_337' title='bbox 484 4455 604 4504; x_wconf 81' lang='lat' dir='ltr'>omittunt.</span> <span class='ocrx_word' id='word_1_338' title='bbox 690 4453 796 4504; x_wconf 78' lang='lat' dir='ltr'>Feiobm.</span> <span class='ocrx_word' id='word_1_339' title='bbox 818 4453 839 4502; x_wconf 91' lang='lat' dir='ltr'>l.</span> 
     </span>
    </p>

    <p class='ocr_par' dir='ltr' id='par_1_20' title="bbox 108 4511 985 4587">
     <span class='ocr_line' id='line_1_36' title="bbox 108 4511 985 4587; baseline 0 -17"><span class='ocrx_word' id='word_1_340' title='bbox 108 4535 126 4570; x_wconf 85' lang='lat' dir='ltr'>t.</span> <span class='ocrx_word' id='word_1_341' title='bbox 141 4521 198 4574; x_wconf 83' lang='lat' dir='ltr'>ioue</span> <span class='ocrx_word' id='word_1_342' title='bbox 214 4513 319 4574; x_wconf 69' lang='grc' dir='ltr'>ἑαυτόν.</span> <span class='ocrx_word' id='word_1_343' title='bbox 726 4523 742 4571; x_wconf 86' lang='lat' dir='ltr'>i.</span> <span class='ocrx_word' id='word_1_344' title='bbox 761 4521 860 4583; x_wconf 78' lang='lat' dir='ltr'>Segusa.</span> <span class='ocrx_word' id='word_1_345' title='bbox 878 4511 985 4587; x_wconf 77' lang='grc' dir='ltr'><em>Καΐφα.</em></span> 
     </span>
    </p>
   </div>
   <div class='ocr_carea' id='block_1_6' title="bbox 0 0 1520 5048">
    <p class='ocr_par' dir='ltr' id='par_1_21' title="bbox 0 0 1520 5048">
     <span class='ocr_line' id='line_1_37' title="bbox 0 0 1520 5048; baseline 0 4"><span class='ocrx_word' id='word_1_346' title='bbox 0 0 1520 5048; x_wconf 95' lang='lat' dir='ltr'> </span> 
     </span>
    </p>
   </div>
  </div>
 </body>
</html>
