3158 5050
240 326 302 394 6³2
639 343 665 386 ε.
681 343 834 386 Armua
847 341 1069 416 ικεοιεειεοστι

152 515 230 563 εμειο
239 491 286 573 είς
313 492 370 577 ἐμὲ
398 491 493 560 ίν
454 517 492 580 τη
517 497 631 581 σκοτίᾳ
652 488 696 576 μη
718 496 829 578 μείνη·
857 515 913 558 και
903 488 991 558 ἕάν
1012 496 1065 569 τίς
1083 511 1147 574 μου
1170 482 1291 577 άκούση
1312 491 1382 555 τιῦν
1406 487 1471 554 λό-

237 617 302 682 νων
323 595 377 661 καλ
399 592 443 682 μὴ
466 591 604 682 φυλάξῃ,
628 586 750 678 676’
714 615 751 658 ου
774 597 882 714 κρίνω
888 589 1004 659 αὐτόν·
1026 585 1065 660 σύ
1080 589 1141 676 γάρ
1155 579 1304 678 ηλθον,“
1289 615 1345 657 ινα
1357 596 1469 676 κρίνω

200 695 294 762 τόν
316 683 453 780 κόσμον,
477 689 545 760 ἀλλ’
570 693 625 760 ἱνα
646 691 746 760 σώσω
767 691 825 760 τόν
846 694 978 778 κόσμον.
1016 689 1154 779 όλόγος
1176 692 1266 774 όί,
1256 692 1327 758 όν·
1336 687 1467 770 άκοόετ,

166 791 168 798 ’
236 796 359 876 ἐκεῖνος
379 797 482 882 κρινεῖ
502 789 603 862 αύτόν
624 793 720 862 ἐν
681 821 720 882 τῃ
743 794 861 884 ἐσχάτῃ
882 792 1002 884 ημέρρ“
1004 804 1025 876 ),
1050 791 1139 862 6u'
1125 793 1187 881 εγώ
1209 793 1295 880 πρὸς
1315 792 1375 862 τόν
1394 819 1468 860 πα-

234 905 313 986 τέρα
334 895 558 984 πορεύομαι)
596 895 634 962 τό
656 895 805 984 κηρυγμα
827 898 863 964 δέ
885 921 970 986 φησι
991 903 1112 984 κρίνειν
1133 894 1252 982 τὸνμὴ
1268 895 1468 984 φυλάξαντα

153 1001 156 1008 “
234 999 292 1087 την
315 997 463 1088 ἕντολην·
487 997 516 1066 εί
537 997 614 1084 γάρ,
637 1004 736 1086 φησί,
759 995 804 1087 μη
826 988 935 1084 ηλθσν
949 1001 1011 1066 καί
1034 997 1177 1086 ἐλάλησα
1199 992 1329 1077 αῦτσῒς,
1353 991 1466 1081 ἆμαρ

234 1108 308 1170 τίαν
337 1095 395 1167 ούκ
423 1095 524 1184 εἶχον·
553 1103 610 1168 νῦν
634 1101 670 1168 66
692 1099 864 1188 πρόφασιν
887 1094 946 1184 ούχ
967 1100 1136 1180 ἕξουσιν),
1159 1104 1259 1188 φησί,
1284 1094 1466 1184 ἀκηκοότες

235 1225 300 1289 μσσ
321 1203 387 1269 τόίν
408 1200 578 1289 ῥημάτων,
610 1196 650 1268 δι’
676 1191 721 1270 ὦν
744 1209 908 1290 σωτηρίαν
929 1202 1146 1290 κἀρπίζονται
1167 1201 1200 1268 σί
1220 1198 1464 1290 φυλάσσοντες.

324 1308 372 1372 18.
409 1301 504 1383 Ἴσως
529 1305 590 1389 μὲν
618 1291 676 1371 σύν
704 1297 744 1372 ἂν
772 1305 900 1371 εἴποιεν
923 1299 1068 1386 ἇναιόιῦς
1088 1302 1133 1392 μη
1155 1302 1228 1370 υλοῦ
1251 1297 1338 1370 άλλά
1360 1303 1464 1388 λόγου

237 1401 322 1474 ελναι
349 1403 407 1494 την
436 1403 548 1493 φωνην
576 1403 707 1493 ταύτην.
750 1399 818 1472 ἀλλ’
850 1404 884 1474 ἕν
911 1415 983 1484 τοίς
1011 1398 1163 1491 άνωτὲρω
1186 1405 1338 1488 λεχθεῖσι
1360 1405 1466 1492 δῆλον

236 1507 382 1594 1’ἐγένετο
408 1501 462 1574 ὅτι
483 1505 554 1586 υἱός
576 1506 665 1576 ἐστιν
688 1501 707 1573 6
728 1508 839 1594 λέγων.
878 1499 978 1593 ὁγὰρ
1001 1507 1103 1593 λέγων
1126 1505 1289 1574 ἐνταῦθα·
1323 1503 1382 1574 οῦκ
1405 1497 1468 1594 ηλ-

236 1615 303 1676 θον
324 1619 434 1697 κρῖναι
454 1607 513 1678 τὸν
535 1607 658 1694 κόσμον
680 1602 766 1676 άλλόι
787 1611 933 1690 στῦσαι),
957 1609 1122 1677 δείκνυται
1142 1601 1200 1674 οῦκ
1223 1605 1324 1688 ἄλλος
1339 1603 1466 1696 ελναιῆ

196 1693 199 1714 ’
237 1707 256 1780 6
277 1708 454 1799 μονογενὴς
475 1709 546 1790 υίὸς
567 1714 626 1778 τοῦ
647 1699 741 1779 θεοῦ.
779 1713 878 1799 ’ἴφησλ
899 1709 961 1798 γὰρ
983 1709 1019 1778 ἕν
1037 1719 1111 1789 τοῖς
1133 1710 1326 1795 ἕμπροσθεν
1348 1707 1386 1775 ⁴6
1402 1704 1466 1776 αῦ-

236 1812 294 1892 τὸς
311 1807 476 1900 Ἰωάννης·
507 1809 612 1892 ούτως
632 1811 693 1898 γάρ
716 1807 885 1901 ἠγάπησεν
907 1808 926 1879 6
947 1810 1030 1892 θεός
1050 1812 1108 1878 τὸν
1129 1810 1269 1897 κόσμον,
1298 1807 1381 1890 ῦςτε
1401 1811 1465 1878 τὸν

238 1914 309 1982 υίὸν
337 1908 439 1981 αύτσῦ
461 1911 520 1982 τόν
541 1917 700 2001 μονογενῆ
724 1914 857 1994 ἕόωκεν,
887 1914 943 1982 ἵνα
964 1917 1033 1993 πῦς
1055 1909 1073 1979 ῦ
1094 1913 1262 1982 πιστεύων
1283 1907 1335 1980 ἐπ’
1360 1907 1463 1980 αύτότ

236 2014 281 2103 μη
304 2009 486 2103 ἀπόληται,
517 2009 585 2082 ἀλλ’
612 2015 665 2102 66
689 2012 773 2100 ζωὴν
795 2015 939 2083 αἰώνιον.
978 2011 1017 2083 ού
1038 2014 1099 2101 γὰρ
1121 2010 1316 2082 άπίστειλεν
1338 2009 1357 2080 6
1378 2013 1465 2093 θεός

237 2116 295 2184 τὸν
316 2115 389 2184 υλόν
411 2117 459 2197 είς
480 2115 537 2182 τὸν
558 2115 691 2202 κόσμον,
715 2116 771 2186 ἵνα
792 2122 883 2204 κρίνῃ
905 2115 963 2184 τόν
985 2115 1124 2202 κόσμον,
1148 2111 1218 2184 ἄλλ’
1241 2116 1297 2184 λ’να
1320 2119 1418 2204 σωθῇ
1442 2112 1461 2182 6

237 2213 372 2302 κόσμος1
388 2214 435 2286 δι’
466 2212 577 2284 αῦτοῦ.
626 2213 646 2284 6
677 2216 845 2286 πιστεύων
867 2217 915 2297 εἰς
937 2213 1038 2286 αύτόν
1060 2213 1098 2286 οῦ
1120 2224 1280 2304 κρίνεται·
1314 2213 1392 2286 666
1411 2217 1460 2304 μη

206 2323 215 2348 ’
237 2318 404 2388 πιστεύων
426 2317 487 2408 ἤδη
510 2325 663 2406 κέκριται,
688 2314 741 2386 ότι
761 2318 806 2406 μη
829 2326 1047 2390 πεπίστευκεν
1070 2321 1116 2401 είς
1136 2303 1176 2387 τό
1199 2317 1305 2405 ὄνομα
1325 2323 1385 2386 τοῦ
1398 2343 1462 2404 μσ-

236 2425 388 2508 νογενοῦς
410 2422 483 2488 υίοῦ
505 2425 563 2489 τοῦ
586 2425 680 2490 θεοῦ.
718 2417 799 2510 αῦτη
823 2422 860 2488 δέ
881 2420 970 2490 ἕστιν
992 2417 1012 2509 η
1033 2427 1148 2508 κρίσις,
1174 2417 1280 2490 ῦτιτό
1296 2425 1370 2510 φεῦς
1388 2421 1461 2510 ἕλη-

238 2525 341 2594 λοθεν
363 2523 411 2604 εἰς
431 2522 489 2590 τὸν
510 2523 642 2607 κόσμον,
665 2520 722 2590 καὶ
741 2517 915 2611 ἠγάπησαν
938 2523 972 2590 ολ
993 2521 1175 2609 ἅνθρωποι
1187 2525 1313 2608 μᾶλλον
1328 2523 1367 2590 τὸ
1385 2521 1458 2590 σκό-

239 2650 296 2706 τος
317 2619 341 2750 η
359 2625 398 2691 τό
420 2629 509 2714 φοῦς·
531 2613 570 2713 ην
592 2624 653 2710 γάρ
676 2618 785 2691 αὐτῶν
807 2624 937 2712 πονηρὰ
958 2624 1000 2691 τὰ
1022 2624 1138 2711 ἕρκε’).
1176 2626 1206 2692 ελ
1227 2620 1381 2712 όλίγοιν·
1403 2620 1457 2691 ὀύ

149 2767 154 2783 ·
238 2728 300 2815 μὰρ
321 2717 443 2816 ἦλθαν,
474 2727 530 2794 ἵνα
550 2731 650 2814 κρίνω
672 2723 730 2794 τὸν
751 2723 900 2810 κόσμον,
922 2720 992 2792 ἀλλ’
1016 2725 1072 2794 ἵνα
1093 2725 1193 2794 σώσω
1216 2722 1333 2808 αὐτόν,
1363 2721 1458 2806 αύτός

239 2823 367 2898 ἔστιν’
350 2851 369 2895 ο
391 2829 510 2914 λέγων·
540 2822 558 2894 6
580 2829 720 2948 θεωρῶν
743 2825 782 2912 ίμ
784 2828 800 2894 ἕ
821 2833 947 2913 θεωρεῖ
967 2827 1025 2894 τόν
1046 2829 1229 2912 πέμψαντά
1250 2833 1338 2914 με’),
1368 2825 1401 2894 ¹6
1419 2830 1456 2895 66

208 2947 213 2958 ”
239 2929 348 3000 ἐλθὼν
376 2933 485 2998 στῦσαι
513 2927 570 2996 τόν
591 2927 715 3012 κόσμον
736 2927 857 3014 καὶμὴ
878 2939 989 3014 κρῖναι
1009 2924 1109 2998 αύτόν
1132 2925 1150 2996 6
1171 2929 1351 3020 μσνομενης
1373 2930 1455 2998 ἐστιν

238 3031 309 3110 υίὸς
329 3034 388 3098 τοῦ
410 3033 510 3099 θεοῦ
533 3025 675 3116 όηλον“
656 3054 709 3096 οτι
731 3025 761 3095 6
772 3025 871 3110 σύτός
893 3029 964 3110 υλός
986 3027 1115 3098 ἐστινι
1098 3054 1117 3099 ο
1139 3027 1297 3156 λέγων’
1279 3057 1299 3099 ο
1321 3035 1454 3118 θεωρῶν

136 3149 137 3152 ’
238 3131 295 3216 ίμὲ
315 3137 442 3218 θεωρεῖ
461 3130 519 3198 τόν
541 3129 725 3217 πέμψατά
745 3157 796 3216 με.
837 3130 895 3200 καὶ
914 3130 976 3218 γάρ
1000 3127 1018 3200 6
1040 3134 1159 3219 λόγων·
1183 3129 1393 3201 όπιστεῦων
1412 3133 1453 3212 τίς

239 3231 304 3318 ἕμέ,
326 3257 382 3299 και
373 3230 460 3299 ίάν
482 3238 533 3312 τίς
553 3255 618 3316 μου
640 3227 781 3320 Ιόικούσῃ
803 3235 870 3300 τῶν
884 3233 1049 3322 ῥημάτων,
1068 3230 1187 3356 t666²
1151 3257 1189 3302 σο
1204 3241 1305 3322 κρίνω
1321 3230 1450 3325 αύτόν)

238 3329 336 3457 αητός
357 3329 486 3401 ἐστινκ
469 3357 488 3399 ο
509 3331 590 3414 υλός,
614 3331 693 3422 περὶ
713 3323 752 3401 ού
774 3319 899 3403 ΙΙταῦτά
920 3357 1038 3423 φησιν·
1061 3330 1269 3404 όπιστεύανν
1292 3336 1341 3416 είς
1363 3332 1451 3404 αύτόν
1558 3359 1559 3374 ·

238 3430 275 3504 ού
298 3441 452 3560 κρίνωσι,
477 3432 553 3503 666
574 3435 619 3523 μὴ
641 3435 809 3504 πιστεύων
830 3435 891 3524 η’όη
914 3441 1075 3524 κέκριται,
1099 3433 1213 3504 ότι
1173 3463 1217 3525 μη
1241 3445 1451 3506 πεπίστευκεν

240 3536 338 3618 είς
306 3559 345 3604 το
367 3535 472 3621 ὄνομα
492 3540 551 3604 τοῦ
560 3541 782 3658 μονογενοῦς
790 3539 863 3606 υλοῦ
885 3541 944 3604 τοῦ
966 3541 1060 3619 θεοῦ,
1084 3541 1137 3606 καὶ
1153 3537 1271 3606 πάλιν·
1296 3536 1420 3608 ·καλ“
1381 3563 1451 3626 ωιτη

240 3635 368 3710 ἕστλν“
349 3667 369 3728 η
390 3644 497 3726 κρίσις
517 3641 576 3734 τοῦ
597 3638 642 3724 μὴ
665 3638 881 3720 πιστεύοντος
903 3638 1003 3718 είς
970 3663 1030 3706 τον
1050 3635 1177 3721 66st
1156 3665 1209 3708 οτι
1230 3640 1270 3708 τὸ
1292 3645 1368 3728 φῶς
1388 3639 1453 3728 ἕλη·

240 3743 341 3810 λυθεν
364 3739 465 3819 εἰς
431 3763 490 3840 τον
510 3739 680 3824 κόσμον),
708 3743 763 3808 καλ
785 3736 844 3808 σῦκ
866 3737 1125 3810 ίπίοτευσαν’
1086 3745 1190 3828 αυτῷ,
1214 3743 1372 3829 δηλονότι
1391 3745 1451 3864 1ῑτηῦ

156 3875 231 3920 1:0³1
240 3843 311 3930 ολῷ.
356 3831 455 3920 αύτός
475 3840 537 3962 γάρ
560 3835 601 3910 ἂν
623 3842 673 3929 εἴη
694 3841 734 3910 τὸ
757 3847 830 3930 φῶς
850 3843 890 3910 τὸ
912 3841 1056 3931 φωτίζον
1077 3843 1189 3910 πάντα
1204 3841 1432 3932 ἄνθρωπον
1403 3867 1453 3911 τον

241 3942 411 4032 ἐρχόμενον
435 3943 483 4022 είς
503 3941 561 4010 τόν
582 3941 748 4028 κόσμον“),
771 3969 826 4042 και
817 3941 928 4013 ὅσον
941 3943 1059 4032 χρόνον
1075 3942 1155 4012 ἕπλι
1161 3947 1219 4033 γης
1235 3940 1453 4034 ύπηρχεκατό

293 4150 400 4212 ηιωιι.
422 4149 462 4212 ιι,
481 4149 589 4202 ιο-ιε.
643 4149 745 4212 κιαι.
767 4151 806 4207 ιι.
826 4149 857 4200 ιι
876 4121 921 4202 α’
959 4151 1064 4212 ιιιωι.
1085 4151 1124 4215 ιε,
1143 4151 1182 4204 τι.
1235 4145 1340 4214 ιιιωιιζ
1363 4151 1453 4212 ικιι.

241 4217 393 4340 66166'3’
410 4219 565 4350 {mil
582 4218 760 4336 96.)Ιοιιο.,
720 4217 760 4280 12,
778 4217 877 4270 λλλό.
947 4219 1237 4282 7)1oan.12,44.47.
1307 4219 1454 4282 8))σια8,

275 4453 297 4489 ι
314 4438 385 4489 Βτιίί.
404 4447 429 4489 et
445 4409 534 4502 Anglii„
554 4429 665 4492 ιἀσύειε.
831 4439 835 4448 ’
911 4454 930 4488 ε.
955 4439 996 4489 Sic
1018 4439 1106 4500 negiu
1124 4448 1147 4490 ει
1162 4440 1265 4503 Smer.
1300 4439 1345 4490 Alii
1363 4455 1416 4491 τιτι
1433 4445 1455 4488 ι)

275 4507 299 4557 h.
317 4507 373 4570 neg.
391 4507 491 4568 θεροοα
509 4496 1014 4572 6666611316766-edium.

244 4583 325 4626 σεται.
360 4574 439 4626 Ceteri
457 4582 481 4624 ει
502 4574 560 4625 edili
570 4567 690 4638 ἐγένετο.
911 4575 934 4624 6.
950 4575 1008 4638 Βις.
1024 4573 1123 4637 Ειςοετ.
1140 4575 1214 4626 Βετὶί
1232 4525 1355 4638 ιιλιρΙία
1374 4573 1458 4625 τοῦτο)
