3158 5050
514 293 659 336 sersaoni
673 294 693 338 r.
709 295 746 336 sn
762 295 958 342 smerortsu.
1281 287 1341 359 tut

112 442 270 506 miserint:
292 441 385 514 Deus,
408 447 462 524 qui
477 448 578 523 poscit
597 462 643 506 mc
665 445 701 508 ol
724 445 927 522 adclamatio
947 463 1011 510 meo
1024 467 1121 532 usquc
1139 453 1171 514 ie
1190 463 1425 532 prusam-Post·

113 556 174 608 tem
197 545 289 618 diem,
319 543 460 625 augelus,
490 549 642 626 quieuit
664 563 709 607 mc
733 546 767 607 de
790 551 903 610 cuneo's
925 547 1031 624 mollo,
1060 549 1211 623 benedicet
1234 558 1426 633 putreat-uos.

110 649 190 710 iatlo.
235 644 311 708 Num
334 645 402 724 quia
422 652 493 724 post
514 645 607 707 Deum
629 645 763 724 angelum
786 647 957 722 nominavit,
981 649 1064 728 prior
1084 660 1131 714 est
1151 651 1273 732 augelus
1288 654 1341 716 Fi-

112 747 172 820 lio,
201 755 252 808 out
278 745 369 808 Filius
406 746 484 808 inter
511 745 633 826 angelos
663 745 915 810 annumeraturi‘
945 748 989 812 lta
1016 751 1152 830 prolecto
1179 754 1340 828 senserint,

13 871 15 883 ι
110 847 224 928 quippe
251 846 359 926 quibus
376 865 440 910 cor
469 855 641 927 corruptum
666 847 720 912 sit.
772 846 877 910 Verum
906 867 967 912 noo
997 851 1070 912 haec
1096 859 1143 914 εει
1171 853 1341 932 Apostolica

112 948 204 1021 tides,
231 965 327 1027 neque
356 967 389 1008 ea
412 949 490 1010 lerre
511 948 579 1010 licet
601 947 778 1016 Christiano.
822 948 896 1012 Nam
924 959 1025 1014 sancta
1053 960 1081 1013 el
1102 950 1188 1020 beata
1209 954 1339 1020 Trinitas

111 1049 264 1112 individue
292 1057 379 1128 atque
407 1049 473 1129 ipse
502 1067 603 1112 seeum
631 1049 713 1112 unita
736 1059 797 1124 εει,
829 1051 868 1114 ita
896 1061 929 1113 ut
956 1050 1006 1115 oti
1028 1052 1125 1116 Patris
1147 1053 1257 1132 mentio
1279 1057 1340 1132 ttat,

12 1181 14 1188 1
109 1151 247 1214 eiusdem
270 1151 370 1214 statim
392 1149 531 1224 Verbum,
554 1169 587 1212 ac
610 1152 641 1214 in
664 1150 739 1214 Filio
756 1151 885 1232 Spiritus
907 1153 1011 1218 debeat
1033 1153 1167 1234 intelligi.
1212 1157 1341 1232 Quodsi

112 1251 206 1314 Filius
229 1251 414 1325 nominetur,
444 1252 580 1316 similiter
608 1253 641 1314 in
662 1251 737 1314 Filio
760 1260 808 1315 est
829 1253 933 1328 Pater,
961 1272 1017 1316 nec
1038 1266 1120 1318 extra
1141 1255 1270 1324 Verbum
1293 1265 1342 1325 est

11 1381 13 1402 :
110 1353 244 1432 Spiritus
266 1361 397 1416 stucms.
442 1352 594 1434 Siquidem
621 1372 679 1414 nna
708 1363 755 1414 est
782 1354 879 1418 Patris
907 1355 1016 1434 gratia,
1050 1373 1125 1434 quae
1150 1375 1206 1436 per
1233 1357 1341 1422 Filium

109 1455 144 1516 iu
169 1453 282 1533 Spiritu
305 1463 408 1516 saneto
430 1454 603 1533 completur.
648 1453 711 1516 Una
733 1454 844 1534 pariter
866 1455 1002 1518 diuinitas
1031 1465 1061 1520 et
1081 1475 1158 1524 uuus
1180 1458 1260 1522 lleus
1282 1467 1340 1534 est,

110 1557 163 1636 qui
185 1565 345 1639 estsuper
373 1555 473 1618 omnia
501 1565 530 1618 ει
550 1573 605 1635 per
633 1555 732 1620 omnia
765 1565 852 1635 atque
874 1557 904 1618 in
928 1557 1076 1622 omnibus.
1119 1559 1253 1642 Namque
1273 1561 1340 1642 ipse
1445 1609 1449 1616 .

67 1739 73 1746 .
110 1659 201 1720 etiam
223 1655 347 1728 Paulus,
376 1657 459 1718 cuius
489 1657 562 1719 haec
583 1662 653 1718 sunt
674 1655 781 1718 verba:
817 1657 974 1740 Teotr'ficor
1003 1677 1106 1722 corum
1126 1659 1189 1724 lico
1217 1672 1247 1724 et
1268 1661 1340 1726 leste

112 1759 246 1830 Christo,
269 1757 414 1836 Spiritum
436 1776 452 1819 a
474 1755 549 1818 Filio
572 1757 743 1837 neutiquam
765 1756 866 1830 diuidi,
889 1759 943 1820 sed
965 1759 1063 1842 ipsum
1078 1759 1109 1820 in
1126 1759 1244 1823 Christo
1260 1779 1338 1832 εεεε,

109 1857 361 1939 quemadmodum
382 1859 475 1920 Filius
497 1859 528 1921 in
550 1857 636 1921 Patre
658 1867 714 1932 εει,
742 1859 853 1938 optime
875 1869 1007 1922 noverat.
1053 1860 1270 1926 Convenienter
1292 1870 1338 1924 ta·

109 1977 181 2022 rnen
203 1959 314 2020 electos
336 1959 457 2038 angelos
480 1977 536 2022 una
559 1959 701 2033 adiunxit,
724 1967 755 2022 ut
776 1957 916 2042 quoniam
930 1961 1005 2022 haee
1019 1961 1055 2025 ed
1070 1961 1246 2042 discipulum
1261 1962 1338 2028 scri·

110 2059 210 2132 habat,
233 2059 292 2132 ille,
315 2061 361 2122 eui
384 2059 505 2124 minime
527 2059 651 2133 latebat,
675 2079 727 2133 ea,
750 2077 823 2140 quae
846 2079 862 2122 a
884 2061 945 2124 Deo
969 2060 1046 2124 dicta
1068 2069 1153 2134 sunt,
1174 2079 1228 2144 per
1251 2061 1338 2124 Chri-

10 2207 11 2216 ι
109 2169 190 2224 stum
212 2160 244 2224 in
265 2161 377 2242 Spiritu
392 2161 474 2226 dieta
498 2179 575 2235 esse,
598 2167 627 2222 et
648 2160 770 2242 angelos
789 2179 838 2224 res
854 2171 973 2224 nostras
990 2161 1209 2236 administrare,
1232 2161 1338 2243 singu·

107 2262 266 2342 lorumque
294 2271 377 2324 aetus
404 2263 565 2344 speculari,
597 2262 730 2342 magistri
764 2263 986 2326 exhortationes
1016 2259 1194 2336 mentiret,
1226 2271 1259 2326 ut
1291 2263 1340 2328 cui

108 2379 288 2446 persuasum
309 2373 392 2426 esset
413 2363 545 2430 omniurn
567 2381 642 2443 quae
657 2363 768 2425 diceret
788 2365 872 2442 ipsos
888 2363 1010 2444 angelos
1026 2363 1229 2442 speculatores
1246 2371 1338 2429 testes

43 2499 49 2516 ι
109 2465 231 2527 habere.
274 2466 417 2528 Auferte
445 2449 663 2558 angeloquui
692 2483 811 2544 semper
838 2464 938 2528 rident
966 2463 1069 2529 laniem
1091 2461 1204 2538 Patris,
1235 2463 1340 2544 quiin

110 2565 201 2628 oeelis
223 2575 280 2638 εει,
303 2575 425 2646 propter
445 2565 594 2628 Ecclesiae
616 2564 749 2644 pusillos,
771 2573 863 2627 testes
887 2565 1023 2646 appellet,
1046 2573 1080 2624 ut
1101 2563 1261 2642 discipulus
1282 2584 1336 2628 eo-

109 2667 200 2747 gnitis
221 2669 400 2749 populorum
422 2665 765 2746 necatoribustpostoti
786 2665 1005 2730 admonitiones
1025 2682 1088 2726 non
1108 2663 1278 2743 negligeret.

142 3071 147 3078 “
201 3074 248 3134 to.
293 3069 395 3150 ltaque
421 3069 448 3132 is
477 3067 548 3130 mini
576 3067 690 3132 videon
718 3085 785 3130 esse
812 3085 919 3130 sensus
941 3065 1110 3145 Scripturas
1132 3063 1249 3138 sacrae,
1278 3082 1337 3146 quo

111 3167 199 3249 plane
212 3155 338 3232 ¹illorum
361 3169 503 3232 adversus
519 3169 664 3248 Spiritum
685 3168 821 3248 impietas
837 3165 1017 3231 ualidissime
1031 3167 1185 3230 refutetur.
1228 3166 1339 3230 Verum

111 3269 202 3332 iidem
224 3269 265 3332 illi
287 3271 402 3332 veritati
425 3269 573 3332 adversari
594 3278 731 3348 pergunt,
754 3277 788 3330 ιιι
808 3267 926 3341 scribis,
948 3285 1010 3329 non
1031 3267 1090 3333 iam
1112 3285 1148 3328 ex
1166 3267 1338 3348 seripturis,

112 3371 222 3450 quippo
243 3371 293 3450 qui
316 3371 388 3434 nihil
410 3370 450 3432 ibi
472 3369 631 3444 inveniant,
654 3369 707 3432 sed
730 3387 765 3432 ex
791 3368 905 3450 proprii
928 3368 1026 3434 cordis
1048 3366 1245 3430 redundantis
1266 3367 1340 3433 haec

112 3489 218 3534 rursus
241 3479 389 3536 eructant:
415 3471 469 3546 ‚·,Sl
484 3470 613 3551 Spiritus
630 3489 680 3534 ree
703 3480 799 3534 ereeta
819 3487 881 3532 non
904 3478 960 3544 εει,
983 3487 1081 3550 neque
1096 3487 1173 3531 unus
1189 3487 1224 3530 ex
1238 3467 1337 3546 Ange-

114 3569 194 3644 „lie,
227 3571 281 3633 sed
309 3591 346 3635 ex
366 3572 453 3635 Patre
479 3571 629 3652 procedit,
662 3571 752 3652 igitur
779 3571 856 3634 lilius
885 3589 1002 3650 quoque
1025 3569 1091 3648 ipse
1114 3567 1256 3656 dicendus
1279 3573 1337 3638 εει,

114 3672 325 3752 „proindeque
341 3675 399 3736 dno
423 3681 493 3762 sunt
515 3675 631 3746 iratres,
654 3673 718 3753 ipse
741 3673 853 3734 scilicet
875 3679 905 3732 et
919 3671 1058 3732 Verbum.
1104 3667 1192 3742 Quod
1207 3667 1233 3728 ei
1248 3667 1339 3728 irater
1419 3669 1423 3677 '

145 3884 389 3942 ἀεὶσῐινάεειιίε
407 3893 464 3955 Reg.
485 3894 507 3943 l.
526 3893 668 3952 etSegaer.
750 3898 773 3940 sl
791 3889 934 3939 isiciuml.
970 3887 1050 3938 celeri
1074 3895 1098 3937 et
1124 3882 1248 3936 editivr‘rr
1266 3883 1339 3932 omit·

144 4000 165 4033 e·
184 3983 289 4033 pompm⁸
308 3984 331 4034 2
350 3993 374 4034 ,ι
391 3986 447 4034 edm
464 3975 629 4051 rmgmm
647 3973 697 4032 gu⁸
750 3965 802 4008 tunt
820 3956 956 4072 habentique
971 3965 1027 4033 ,ιιι
1052 3947 1123 4006 τούς.
1160 3953 1220 4032 ibid.
1240 3953 1296 4028 fleg.
1316 3951 1340 3999 l.

111 4051 200 4114 nega.
218 4061 243 4100 et
257 4051 371 4102 Ottobon.
389 4053 477 4103 hebent
493 4045 637 4118 γινώσκων
647 4041 697 4100 ὅτι,
750 4027 884 4103 “ffifssm
915 4035 980 4072 Μ
996 4035 1034 4088 7⁵·
1071 4023 1132 4072 ΡΜ·
1151 4033 1183 4085 7⁶
1201 4035 1225 4071 ¹¹¹
1244 4019 1297 4070 ”¹⁴¹³
1316 4023 1340 4068 ‘t

175 4127 200 4169 r
453 4179 459 4186 .
749 4088 1175 4210 {tumulusolette·
1186 4088 1218 4206 1¹:
1226 4087 1340 4219 „iens

146 4213 162 4261 l.
181 4211 253 4262 Basil.
283 4203 494 4278 παρατηρήσεις.
540 4213 614 4262 Panlo
644 4220 700 4276 poet
750 4176 816 4280 7055.
866 4195 872 4208 ⁸
983 4195 989 4208 ⁸

110 4272 158 4328 222
175 4287 233 4344 l³⁰⁵t
251 4271 327 4358 '‘le
339 4273 386 4327 ἀἱ
402 4281 514 4330 ⁰⁰15¹¹¹¹¹¹¹
532 4280 588 4356 ΨΚ·
602 4279 625 4329 ¹·
643 4277 700 4330 022·
785 4297 808 4346 lr.
828 4295 868 4346 Sic
885 4294 942 4356 lleg.
959 4293 981 4342 l.
1001 4289 1138 4342 Goblerien.
1157 4297 1181 4340 et
1197 4289 1303 4340 ielckm.
1316 4287 1339 4337 1.

112 4355 135 4396 Μ
153 4347 252 4408 Stulti·
293 4347 353 4398 Μ·
372 4363 421 4413 1³¹⁰
437 4349 610 4411 θῑωθθυπαΐ
627 4347 699 4398 Bffll·
751 4363 804 4413 Mox
823 4363 894 4412 iidem
922 4369 946 4410 et
963 4361 1063 4422 Sequer.
1082 4347 1149 4406 αὐτό
1167 4357 1278 4410 similiter
1296 4356 1340 4405 he·

111 4405 281 4480 ‘WQWW
750 4431 816 4481 beat.
857 4429 920 4480 Editl
945 4434 969 4476 et
992 4427 1037 4505 alii
1058 4427 1083 4504 ip
1106 4433 1209 4492 utroquo
1236 4425 1291 4478 loco
1316 4429 1342 4474 et

145 4511 167 4558 g.
186 4499 227 4548 Sic
249 4499 308 4562 lleg.
324 4500 347 4550 l.
372 4500 472 4562 Seguer.
497 4497 570 4550 Basil.
602 4499 701 4552 Gobler.
750 4497 851 4562 Seguer.
868 4498 892 4548 in
909 4494 985 4562 priori
1005 4505 1094 4548 aoros·
1300 4490 1304 4502 “

1080 4575 1137 4629 45*
