3158 5050
529 363 636 408 omum
652 361 691 408 u.
708 362 827 409 comm
842 363 977 408 nmmos.
1289 347 1350 412 637

118 519 192 598 iper
213 517 290 596 {orit
313 533 416 596 opero.
463 515 581 580 Credite
602 515 691 587 mibi,
720 515 799 596 quod
826 531 878 594 eoo
899 518 932 576 iu
954 466 1046 579 i'otro
1068 533 1135 578 euro
1157 523 1186 577 ει
1207 513 1300 578 Potor
1321 519 1436 578 tunm

121 639 181 682 me.
224 617 366 698 Alioquin
389 631 523 698 propter
551 635 644 699 opero
669 620 739 698 ipro
767 616 878 678 credite
906 615 989 678 mibi.
1032 617 1140 689 tmere,
1170 636 1257 680 omen
1288 619 1352 682 dieo

119 723 221 793 vodis,
244 724 297 801 oui
318 720 414 782 credit
435 723 467 780 iu
488 737 543 790 me,
567 735 670 800 opero,
693 737 768 800 quoe
790 735 841 796 eoo
864 719 955 797 socio,
979 721 1092 797 etipse
1113 720 1214 798 societ,
1238 729 1266 784 ει
1287 739 1353 782 uro-

119 829 197 888 r‘oro
220 823 266 886 bie
288 824 394 902 foetet,
417 823 488 903 quio
511 839 562 901 eqo
585 821 625 882 od
646 819 768 882 Putrem
789 820 876 882 oudo.
920 820 959 881 tu
980 820 1183 901 quodcumque
1202 825 1353 901 petieritio
1395 827 1399 835 '

121 929 160 988 iro
181 929 301 986 neruiue
323 940 398 993 meo,
422 921 475 984 boo
497 922 619 1001 (orium,
640 932 675 984 ut
695 921 888 1002 olorifieetur
910 921 1003 986 Puteo
1025 925 1057 982 r'u
1080 921 1166 984 Fib'o.
1210 923 1311 1002 ltaque
1327 923 1353 986 si

121 1027 216 1090 Peter
238 1026 268 1088 iu
290 1023 364 1086 Filio
387 1023 584 1102 glorificetur,
611 1021 703 1086 Filius
725 1023 791 1084 sine
813 1022 902 1084 dubio
931 1024 1035 1096 fuerit,
1069 1023 1118 1104 qui
1146 1024 1202 1085 nit:
1237 1025 1297 1104 Eoo
1320 1029 1353 1087 iu

124 1129 220 1192 Putre
242 1137 271 1190 ει
293 1127 386 1189 Potor
408 1127 439 1188 iu
461 1145 506 1188 ure
529 1139 582 1198 eet,
609 1136 639 1188 et
665 1126 727 1200 Qor
746 1145 792 1188 mo
816 1127 899 1198 uidit,
922 1127 997 1188 uidit
1019 1126 1149 1190 Putrem.
1194 1125 1252 1198 Qui
1274 1125 1353 1188 enim

123 1231 200 1294 haee
220 1227 365 1310 loquitur,
393 1228 525 1308 seipsum
549 1228 653 1292 Filium
676 1247 744 1292 este
765 1227 887 1308 probet,
918 1245 985 1290 eum
1007 1227 1088 1290 addit
1108 1239 1143 1290 ut
1164 1227 1353 1307 ytom'fioetur

124 1332 221 1396 Potor
241 1335 275 1394 iu
297 1330 384 1393 Fib'o.

159 1459 165 1482 ·
213 1436 264 1498 20.
297 1431 339 1516 ‚st
362 1431 451 1511 igitur
473 1431 663 1506 contendunt,
686 1431 850 1506 bominem,
872 1450 960 1511 quem
982 1431 1108 1511 gestarit
1127 1429 1278 1500 Verbum,
1300 1431 1352 1492 Vi·

124 1537 198 1600 iium
220 1537 273 1598 Dei
295 1535 480 1614 unigenitum
504 1553 588 1606 esse,
610 1553 673 1596 nou
696 1541 795 1596 nutem
817 1533 963 1606 Verbum,
992 1534 1127 1614 sequitur
1150 1543 1181 1595 ut
1202 1533 1292 1596 homo
1315 1533 1354 1594 eit

124 1639 194 1712 iiie,
217 1638 266 1717 qui
289 1638 320 1700 iu
342 1637 430 1698 Putre
453 1645 500 1698 est
521 1647 551 1700 et
571 1637 602 1698 iu
625 1655 684 1715 quo
706 1635 793 1698 Peter
815 1644 877 1710 est,
900 1637 990 1698 homo
1013 1637 1084 1698 item
1105 1636 1154 1698 ilie
1176 1635 1281 1710 tuerit,
1304 1634 1354 1716 qui

124 1757 220 1802 unum
241 1741 305 1820 ipse
328 1748 358 1800 et
378 1738 465 1800 Peter
493 1747 554 1810 eet,
588 1736 696 1818 quique
718 1738 748 1800 in
770 1738 839 1800 einu
861 1747 909 1800 εει
929 1739 1042 1812 Petris,
1070 1749 1100 1800 et
1126 1739 1176 1822 iux
1204 1757 1272 1800 rere
1296 1745 1353 1800 εει.

125 1843 205 1905 Hine
224 1842 308 1904 interi
332 1849 484 1920 cogentur,
507 1838 650 1902 muudum
672 1857 728 1919 per
748 1839 900 1902 bominem
922 1841 1030 1902 iactum
1052 1859 1130 1914 esse,
1154 1850 1184 1902 et
1203 1838 1353 1902 bominem

126 1963 197 2008 eum
220 1935 368 2022 esee‚‘qui
391 1942 472 2020 venit
493 1961 554 2003 non
577 1951 609 2003 ut
630 1942 784 2016 iudicaret,
808 1943 861 2004 sed
885 1941 1081 2006 otmundum
1102 1943 1215 2004 sotrum
1236 1943 1354 2016 teneret„

125 2046 226 2128 ipsum
253 2045 379 2124 denique
411 2063 481 2106 esse
510 2044 681 2124 priusquam
703 2043 849 2106 Abrohom
876 2045 972 2106 tieret.
1015 2044 1101 2108 ieeur
1123 2044 1218 2115 euim,
1249 2043 1353 2123 inquit,

126 2150 206 2214 otuu
227 2147 306 2210 r'ib'e:
335 2147 442 2220 Amen,
471 2165 557 2210 umen
587 2148 651 2210 dieo
674 2147 775 2219 vobio,
806 2157 966 2229 antequam
988 2147 1138 2210 Abrohom
1165 2148 1270 2227 fieret,
1300 2164 1352 2226 eoo

126 2269 205 2314 eum.
248 2250 293 2311 An
316 2267 376 2310 non
405 2266 474 2312 vero
503 2247 721 2327 perabsurdum
743 2249 823 2310 dietu
846 2257 910 2322 eet,
944 2268 1012 2321 eum
1041 2250 1169 2312 existere
1197 2259 1353 2329 antequem
1415 2259 1422 2274 ¹

125 2355 211 2414 tieret
233 2351 390 2424 Abrabam,
412 2369 499 2430 quem
522 2369 557 2412 ex
579 2349 694 2412 semine
716 2349 850 2412 Abrahae
872 2360 941 2429 poet
962 2349 1154 2429 quadraginta
1177 2351 1250 2412 dune
1269 2359 1351 2413 nete·

125 2463 173 2516 tes
196 2461 296 2516 netum
319 2471 388 2516 εεεε
410 2451 536 2514 volunt?
581 2452 613 2514 si
635 2453 707 2514 item
730 2471 815 2523 earn,
839 2469 926 2532 quem
948 2451 1076 2514 Verbum
1099 2453 1238 2532 gestarit,
1260 2452 1352 2516 Filius

127 2563 191 2628 eet,
219 2571 255 2616 nu
284 2572 345 2616 nou
379 2554 569 2616 vehementer
596 2561 742 2633 repugnet
770 2553 967 2625 contendere,
996 2552 1072 2614 hene
1099 2554 1194 2632 ipsum
1223 2571 1352 2628 earnem,

127 2665 274 2736 qunm'eu
293 2655 384 2718 Maria
407 2655 528 2735 aceepit,
552 2655 622 2716 eise
644 2672 699 2735 per
721 2672 808 2734 quem
830 2654 958 2716 mundus
973 2655 1068 2716 iectus
1089 2663 1145 2716 est.
1188 2654 1265 2727 Quid
1281 2674 1352 2718 vero

126 2757 166 2820 de
187 2757 234 2818 bie
255 2756 356 2823 verbis
379 2757 486 2818 dieturi
508 2764 593 2818 eunt:
617 2755 655 2818 iu
676 2757 787 2818 muodo
810 2753 902 2818 erut?
945 2756 1077 2835 Namque
1098 2755 1299 2834 Euangeliou,
1322 2766 1353 2818 ut

126 2859 307 2939 rigoifie‘eret
333 2859 481 2920 exstitisse
502 2858 608 2920 Filium
636 2857 809 2938 priorqunm
837 2857 999 2918 seeundum
1031 2874 1148 2920 munem
1170 2865 1352 2931 nasceretur,

125 2963 201 3024 been
221 2961 348 3024 subiecit
368 2960 472 3022 rerba:
502 2959 540 3022 In
560 2961 673 3022 mundo
697 2968 775 3022 erut.
817 2959 912 3020 Porro
941 2957 965 3020 ei
1001 2977 1061 3020 nun
1083 2959 1209 3022 Verbum
1233 2969 1281 3021 est
1300 2959 1352 3022 Fi-

125 3063 195 3136 bus,
218 3063 269 3126 sed
293 3063 384 3124 homo
407 3071 454 3124 est
469 3062 571 3136 Filius,
595 3061 745 3142 quomodo
767 3059 910 3124 mrurdum
932 3061 1030 3141 possit
1045 3079 1173 3134 seruere,
1197 3080 1262 3124 oum
1285 3060 1352 3142 ipse

127 3183 246 3244 quoque
269 3164 309 3226 sit
330 3173 365 3226 tm
388 3164 522 3228 mundo?
567 3163 655 3238 Quod
677 3165 704 3226 ei
725 3183 782 3226 neo
802 3164 850 3228 hir
864 3163 1030 3228 rationibus
1046 3183 1148 3228 eorum
1172 3163 1348 3244 comprime·

127 3276 177 3328 tur
197 3265 391 3344 impudentia,
413 3267 622 3348 respondeant,
645 3265 764 3329 ubinam
786 3267 918 3329 futurum
941 3267 981 3328 eit
994 3265 1134 3342 Verbum,
1157 3266 1290 3330 sibomo
1303 3275 1352 3328 εει

127 3369 159 3430 in
180 3365 291 3430 Petrei
337 3366 466 3439 Quotum
488 3377 586 3432 eutem
609 3367 737 3434 Voebum
760 3368 817 3430 erit
838 3387 905 3430 eum
926 3369 1024 3444 Putre,
1048 3389 1114 3432 eum
1130 3369 1220 3432 homo
1244 3377 1273 3432 et
1293 3370 1351 3432 Ρι-

128 3479 174 3531 ter
194 3487 286 3532 unum
309 3466 395 3531 sint?
439 3468 526 3542 Quod
555 3469 581 3530 si
609 3469 701 3537 hou
722 3471 890 3551 unigenitus
913 3479 976 3544 est,
1005 3479 1128 3551 quotum
1161 3489 1273 3552 quemn
1297 3471 1353 3533 erit

128 3569 280 3632 Verbum?
322 3569 374 3632 Vel
396 3574 475 3634 enim
498 3573 661 3640 seeundum
683 3591 751 3636 εεεε
773 3571 968 3652 respondebit
988 3573 1112 3652 uliquis,
1145 3573 1191 3633 rel
1213 3574 1240 3634 si
1262 3589 1354 3652 supro

130 3670 311 3750 unigenitum
339 3680 401 3747 εει,
430 3673 493 3753 ipse
524 3683 602 3736 uerte
630 3675 717 3736 Peter
745 3675 844 3736 tuerit
889 3673 1145 3747 Quemadmodum
1173 3673 1253 3734 enim
1276 3691 1352 3735 unus

130 3780 177 3836 εει
197 3772 294 3846 Peter,
315 3773 357 3836 ite
377 3773 548 3854 unigenitus
572 3793 607 3836 ex
630 3793 666 3837 eo
687 3783 773 3838 uetus
796 3795 874 3838 unus
896 3784 951 3837 εει.
997 3774 1074 3848 Quid
1099 3783 1254 3854 praetereo
1277 3776 1351 3836 Ver-

126 3875 199 3944 bum
221 3875 342 3938 bomine
364 3877 490 3957 emplius
512 3876 611 3952 hebet,
634 3877 659 3937 si
677 3877 806 3940 Verbum
819 3877 912 3939 Vilius
936 3893 997 3938 non
1020 3875 1081 3938 siti
1124 3875 1264 3938 Mundum
1283 3875 1351 3955 qui·

129 3977 197 4038 dem
217 3995 272 4057 per
293 3977 399 4040 Vitium
422 3988 451 4040 et
466 3978 593 4040 Verbum
616 3979 724 4042 iactum
746 3999 814 4042 esee
836 3979 1055 4059 scriptumest,
1078 3995 1292 4056 communeque
1307 3985 1353 4040 est

129 4077 226 4140 Verbo
249 4087 279 4140 ει
301 4077 375 4140 Filio
398 4080 540 4144 mundum
563 4099 680 4158 oreore,
710 4091 741 4144 et
760 4082 876 4144 Patrem
898 4099 960 4142 non
983 4097 999 4142 u
1021 4079 1134 4153 Verbo,
1163 4079 1216 4142 sed
1240 4099 1256 4140 ε
1278 4079 1352 4142 Filio

164 4349 185 4383 c.
203 4333 274 4384 broii.
294 4343 317 4384 et
334 4333 423 4395 turtio.
436 4327 592 4401 γενόμενον.
629 4334 715 4400 Regius
801 4351 822 4386 ε.
841 4335 938 4388 Gobier.
957 4336 996 4386 bio
1014 4343 1036 4384 et
1055 4348 1108 4384 mox
1125 4325 1217 4388 πόσος.

130 4410 155 4452 ει
171 4402 242 4464 Sego.
260 4396 414 4468 λεγόμενον.
452 4403 716 4468 Atiieditiqueutrum-
761 4401 763 4406 '
1118 4461 1121 4468 ,

131 4485 176 4533 que
194 4472 314 4520 omittunt.
802 4473 817 4521 ι.
836 4472 877 4524 Sic
901 4471 958 4534 neg.
981 4472 1079 4535 Seguer.
1097 4471 1169 4522 Breii.
1189 4479 1213 4522 et
1228 4471 1353 4535 testimo.

164 4537 186 4586 d.
205 4539 245 4588 Sic
270 4539 325 4602 tter.
351 4549 374 4589 ει
397 4539 496 4598 Segner.
520 4547 545 4588 ut
569 4548 593 4591 et
610 4539 716 4590 Nunoint
767 4541 794 4590 bt
812 4542 835 4590 in
854 4540 908 4590 riiie
926 4549 949 4594 et
967 4541 1037 4592 editio
1056 4529 1171 4590 deortui.

129 4605 194 4666 legit.
229 4600 459 4667 intereundo,
481 4609 604 4662 mendoso.
645 4607 649 4620 '
