3158 5050
252 399 258 406 ,
287 349 312 392 s.
328 349 482 392 aaaeaasa
496 349 720 396 incassatsaaaa
735 319 898 392 ssisroasb
913 349 949 392 so
966 348 1161 392 ssaesaaasu.
1269 333 1329 396 bb'b

82 510 246 564 somatum
267 514 412 580 reparent
434 500 529 564 Deum
551 519 621 564 uere
643 518 716 563 esse.
762 500 885 581 Trapiei
907 518 1005 581 porro
1035 501 1108 562 dicti
1136 502 1225 564 iidem
1247 511 1415 576 sumtuosa.

83 607 150 665 esti
173 621 264 683 saepe
291 619 342 664 eos
373 611 461 664 ooeat
483 601 514 663 S.
539 602 737 672 astusastus,
766 616 801 666 ut
822 621 904 666 aum.
921 606 970 667 ta.
994 615 1023 665 et
1044 605 1235 682 smpsimus
1256 603 1331 684 Epi-

83 705 220 776 stolae,
243 705 322 786 quob
343 721 446 784 aempe
468 721 574 766 saeros
595 703 775 784 Scripturas
797 703 878 776 bora,
909 704 1016 786 quibus
1040 705 1274 768 inaestimanda
1296 705 1328 768 S.

88 807 242 887 Spiritus
266 806 423 868 bioiaitate
442 805 610 868 utebantur
633 805 818 876 Ortboaiaoi,
840 805 1025 886 metaphoris
1047 815 1076 868 et
1098 810 1195 886 tropis
1217 807 1330 870 velleret

90 925 170 970 esse
191 905 434 986 iasterpretarsbo.
480 906 635 980 Caeterum
662 907 697 968 bi
713 924 776 970 aas
796 907 885 968 iidem
906 909 1049 970 viaeatur
1071 925 1134 969 esse
1156 911 1209 988 qui
1230 907 1329 970 Mase-

91 1009 240 1070 domiami.
285 1005 362 1088 bibas
389 1011 466 1076 suisa
494 1019 575 1070 reate
603 1009 638 1070 ie
661 1007 738 1070 Filia
765 1011 879 1070 sentire
907 1027 1034 1070 ausura
1052 1013 1080 1071 1.
1103 1018 1133 1069 et
1154 1008 1229 1070 abibi
1248 1010 1329 1071 iabi-

90 1118 215 1180 catur;
244 1119 277 1170 at
299 1099 510 1174 memoriani
534 1091 676 1172 notabam
698 1109 809 1171 Filiam
829 1109 919 1172 Patri
944 1129 1008 1172 esse
1035 1110 1328 1182 consubstantialem,

90 1211 157 1272 seeb
180 1209 308 1272 similest
324 1211 483 1281 bombum.
505 1219 541 1272 ut
555 1211 654 1290 refert
670 1209 872 1274 Tbeoboretus
889 1211 1067 1274 baerstr'aor.
1082 1211 1219 1290 fabular.
1236 1211 1287 1272 lib.
1299 1213 1328 1273 t.

89 1329 187 1374 mem.
204 1315 234 1374 b.
258 1323 287 1376 st
309 1311 454 1375 marsuae
475 1311 703 1374 Ecclesiasticus
726 1312 776 1376 lib.
793 1315 823 1377 2.
847 1331 911 1392 eap.
929 1315 959 1377 6.

116 1479 121 1490 ,
190 1411 228 1474 11.
273 1411 455 1477 Perturboto
488 1415 646 1476 admodum
674 1424 702 1476 et
731 1423 934 1494 praepostero
964 1415 1071 1477 ordire
1104 1423 1228 1476 eostam
1259 1414 1330 1477 iliae

92 1513 263 1594 Epistolae
289 1519 322 1576 iu
349 1515 436 1578 obitis
464 1525 553 1578 omisa
584 1516 733 1595 Operam
756 1513 787 1578 S
810 1516 978 1578 Athanasii.
1023 1515 1102 1576 Nam
1128 1533 1204 1596 puae
1228 1520 1330 1596 prims

95 1634 172 1678 esse
192 1615 284 1685 debet.
306 1616 437 1678 remeabo
459 1626 520 1689 est;
544 1635 618 1696 puae
640 1627 750 1680 ooatra
770 1619 902 1680 semtaba
924 1617 1007 1680 bebet
1029 1635 1102 1688 esse,
1123 1622 1258 1698 primum
1279 1637 1329 1680 ae·

94 1725 198 1796 rupta
219 1715 327 1779 basum.
372 1715 436 1780 Ima
456 1735 534 1798 pars
555 1719 704 1780 massadae
723 1717 877 1798 Bputobae
895 1723 1053 1799 posterior
1073 1721 1106 1779 ia
1121 1721 1251 1782 sseuado
1273 1739 1329 1782 eos-

96 1827 167 1878 stat
192 1816 297 1890 Tema,
329 1836 395 1880 aum
419 1838 498 1900 pars
524 1821 654 1881 eiusdem
679 1823 771 1900 prior
798 1825 839 1882 sit
860 1823 1013 1900 imprimo
1037 1818 1135 1882 bomo.
1181 1819 1329 1883 Similiter

93 1936 180 1998 pars
201 1919 325 1982 elisaeae
348 1919 503 2000 Epistobae
522 1925 681 1999 posterior
701 1925 733 1982 im
752 1926 852 2002 primo
877 1920 1023 1984 aabboeato
1053 1931 1098 1983 est
1122 1919 1224 1993 Tamo,
1251 1941 1329 2001 pars

96 2029 208 2097 aestua
221 2025 316 2100 prior
337 2025 371 2082 im
391 2023 530 2084 seruam.
575 2021 633 2084 Sed
655 2022 795 2084 Cabirum
815 2027 1096 2103 manuscriptorum
1115 2041 1170 2102 ope
1191 2023 1327 2103 siupubas
1411 2018 1416 2032 ‘

95 2125 135 2182 im
156 2125 321 2200 proprium
342 2126 530 2186 restituimur
553 2125 705 2194 oramen.
730 2137 828 2205 prout
850 2127 998 2205 sequitur.
1043 2123 1147 2188 Primo
1168 2143 1274 2204 aemps
1294 2143 1328 2187 ea

98 2231 161 2296 set,
185 2239 258 2302 paor
280 2227 387 2304 istaipit
407 2219 449 2286 τὰ
470 2219 645 2308 γράμματα
665 2224 724 2309 τῆς
745 2224 805 2307 σῆς
819 2235 884 2300 ets,
909 2245 997 2306 puoso
1020 2245 1086 2289 aum
1100 2226 1246 2288 aoamubli
1257 2226 1329 2305 [ru-

99 2333 188 2386 arua
210 2313 356 2404 superrat
379 2329 410 2386 ia
431 2330 578 2406 epitomem
600 2328 712 2408 redipi,
737 2329 826 2407 pstiit
846 2326 883 2388 ab
906 2327 1071 2390 Atbaoasio
1094 2326 1262 2408 Serapiou,
1294 2339 1328 2392 ut

98 2426 138 2488 ib
158 2425 279 2504 aspirare
299 2444 362 2488 uam
381 2438 578 2506 probaretur.
623 2423 761 2509 Haespue'
788 2445 880 2490 rausa
906 2428 969 2507 suit
996 2439 1101 2491 saasto
1125 2427 1255 2491 Ductori
1280 2449 1327 2490 se-

102 2525 234 2590 ruabam
255 2527 294 2590 ab
315 2527 440 2590 semea
461 2529 613 2592 seriberiae·
633 2528 817 2608 Epistobam,·
839 2532 925 2592 auius
947 2533 1067 2592 isitium
1089 2524 1233 2610 ἐγὼμὲν
1256 2525 1327 2593 iub

101 2621 199 2706 μιζον
215 2637 275 2689 eto.¹
313 2627 413 2692 Huius
435 2631 477 2702 'ia
495 2633 601 2710 priori
619 2639 709 2710 parte
730 2631 863 2694 brevitor
884 2642 993 2693 eastra
1014 2631 1146 2692 Arsames
1173 2629 1260 2692 Verbi
1280 2631 1327 2692 at-

86 2725 262 2790 'uiaitotma
281 2738 395 2800 tuetur,
416 2735 451 2792 its
472 2729 571 2794 altera
591 2741 692 2794 autem
710 2741 819 2811 parts,
842 2743 931 2812 paam
952 2731 997 2792 bis
1021 2729 1122 2792 uerbis
1145 2733 1326 2793 exorditur:

103 2827 188 2906 ἴσως
207 2825 395 2912 θαυμάσεις
410 2844 474 2902 eto„
494 2831 628 2912 prismei
641 2831 795 2896 aoatrabit
808 2831 984 2912 Epistobam.
1032 2830 1154 2894 Videtur
1169 2836 1250 2894 eaba
1262 2851 1324 2894 am—

103 2936 181 2996 misso·
198 2950 264 2996 moes
284 2934 421 3010 diuersae
451 2952 513 2996 esse
533 2931 704 3014 lipistobas,
736 2934 788 2996 seb
815 2935 893 2997 duos
923 2934 1074 2996 bemtoaat
1101 2934 1234 2996 eiusdem
1253 2933 1327 3015 Epi·

105 3032 201 3096 stabas
224 3043 348 3114 partes.
383 3053 457 3115 quas
482 3036 676 3115 postomodum
704 3037 863 3098 atsttmtas
894 3033 990 3098 osbati
1016 3034 1170 3116 Bpistabos
1199 3037 1327 3100 meum

105 3137 320 3198 Amaauesses.
364 3135 424 3198 Neo
452 3141 529 3198 emam
554 3140 757 3216 posteriorem
779 3147 900 3218 portem
927 3142 1016 3218 puasi
1043 3137 1136 3199 obiam
1157 3136 1326 3218 Epistolam

106 3238 276 3310 esaarbitur,
299 3239 352 3300 sed
372 3256 404 3299 se
424 3248 559 3310 eaausot,
582 3238 661 3320 quob
675 3251 811 3319 ropatus,
833 3249 869 3300 ut
887 3242 1019 3318 primam
1033 3239 1068 3300 de
1082 3239 1204 3319 Spiritu
1222 3250 1326 3302 roseto

108 3337 273 3419 Epistoiom
295 3339 496 3410 aaamoberet
517 3344 607 3420 prius
624 3341 659 3402 aie
675 3339 747 3402 Filii
760 3341 915 3402 bioiaitate
928 3341 1119 3404 disseruerit.
1162 3341 1327 3406 Praetereo

27 3511 31 3524 Ι
108 3442 250 3502 seouubae
272 3439 427 3520 Epistolae
448 3444 535 3502 imitio
558 3459 590 3502 se
611 3445 643 3502 ia
666 3459 700 3502 ea
712 3445 904 3520 praestitisse
923 3442 1030 3504 scribit
1051 3444 1130 3524 quob
1147 3443 1327 3523 postularat

110 3541 270 3621 Serapiou,
298 3553 335 3603 ut
362 3541 474 3604 sae'liaet
498 3548 646 3622 premam,
676 3561 750 3622 puae
774 3543 869 3623 patebo
897 3541 1002 3620 fusior
1023 3544 1197 3615 videbatur,
1226 3545 1326 3606 verbis

107 3642 301 3721 passioribus
331 3643 420 3718 uellet
450 3643 712 3723 comprobarem,-
742 3644 821 3724 puod
850 3662 916 3704 aum
947 3647 1073 3705 oomaisi
1098 3649 1132 3706 im
1155 3645 1210 3706 baa
1238 3663 1326 3726 puoso

112 3743 231 3804 arsimus
254 3745 384 3808 semota
402 3756 494 3826 porte
511 3749 711 3825 praestiterit,
736 3743 852 3806 olorum
873 3755 920 3806 est
941 3749 1039 3826 ipsam
1062 3763 1124 3807 aaa
1139 3765 1248 3807 mosam
1263 3765 1326 3807 esee

110 3843 281 3924 Epistobasa,
305 3848 356 3908 seb
373 3859 497 3927 portem
517 3855 634 3909 tortium
656 3845 802 3907 seeumdae
816 3844 971 3926 Epistolae
990 3851 1203 3928 posteriores.
1246 3845 1326 3908 asse

112 3949 194 4008 etiam
215 3951 248 4008 iu
266 3947 421 4030 plerisque
448 3961 476 4011 et
498 3946 778 4029 praestantioribus
798 3952 1015 4028 manuscriptis
1040 3948 1193 4011 Cadieibas
1216 3967 1326 4010 seauto-

112 4049 161 4111 bae
181 4048 336 4129 Epistabae
357 4055 444 4114 iaitio
467 4069 531 4113 eam
548 4054 666 4131 primae
690 4066 754 4110 esse
776 4053 925 4128 epitomem
946 4051 1129 4120 adnotatur,
1153 4050 1232 4129 puob
1253 4065 1409 4112 ramesses.

113 4153 174 4210 veri
192 4161 270 4212 esset
291 4151 431 4224 abimum,
455 4156 483 4214 si
499 4170 577 4232 pars
600 4155 663 4213 eius
685 4149 786 4212 altero
808 4151 949 4213 distinato
972 4163 1050 4214 esset
1070 4149 1218 4230 Epistola.

189 4251 260 4312 ut.-
284 4249 345 4314 Nea
367 4253 524 4315 aerosoli
544 4253 689 4316 seruabat
710 4253 816 4314 assidit
838 4249 1007 4332 Epistabae‚
1038 4263 1073 4314 ut
1099 4256 1131 4314 ia
1163 4253 1238 4314 duas
1261 4253 1325 4315 bis-

114 4353 290 4431 imperetur,
314 4355 463 4416 sedidem
484 4372 598 4434 quoque
620 4358 651 4416 ia
672 4352 780 4416 ultt'rrea
802 4356 944 4432 comtipit,
966 4371 1041 4433 puae
1062 4353 1196 4418 os'beliaet
1218 4359 1251 4416 ia
1274 4373 1325 4417 ao·
1423 4392 1428 4405 ι

117 4452 219 4516 biaibas
243 4454 424 4517 Gabberiaao
440 4466 474 4532 et¹
489 4455 681 4516 Febobmaaai
697 4459 798 4536 prima
819 4459 852 4518 ia
875 4455 949 4516 duas
967 4459 1090 4536 pariter
1112 4457 1258 4520 distracta
1280 4465 1325 4518 est

116 4551 271 4632 Epistolas.
319 4555 427 4619 Verum
449 4559 567 4618 etiamsi
587 4556 779 4637 exploratum
801 4558 885 4619 aabis
909 4559 1048 4622 oe'beotar
1069 4563 1113 4622 ita
1135 4577 1166 4622 se
1189 4578 1253 4621 rem
1269 4557 1321 4620 ba-
