3032 5048
438 324 553 369 contrua
567 321 785 372 mutuamina
800 329 887 373 nmen
902 331 922 372 1.
1221 315 1282 380 tut

37 475 204 538 tationem
227 485 257 537 et
276 475 533 556 participationem
554 479 703 557 perlectae
724 477 862 540 novitatis
878 453 1010 542 Christi?
1053 480 1113 542 Sed
1135 479 1208 544 nihil
1222 497 1370 563 nonanta

41 577 223 639 commenti
251 578 344 651 estis,
372 587 406 640 ut
432 595 520 641 unam
550 578 677 658 negandi
699 580 877 642 sententiam
900 582 1060 644 adornetis.
1106 581 1145 643 lit
1165 581 1284 662 quidem

41 677 189 740 animam
213 678 389 740 definientes
412 697 476 741 eam
498 679 589 742 modo
611 681 802 761 insipientem
824 683 995 754 nominatis,
1018 683 1109 746 modo
1131 693 1286 764 peccatum

37 779 76 840 in
107 779 232 841 homine
254 780 436 856 subsistens,
460 781 584 843 eandem
606 783 763 862 aliqnando
786 792 819 846 ut
840 785 952 862 peccati
974 793 1125 847 auctorem
1147 786 1283 850 elimina·

38 881 111 955 tis,
146 889 178 942 et
207 899 325 944 manem
347 901 428 944 nunc
448 882 567 962 quidem
589 883 765 957 increatam,
795 903 875 948 nunc
897 887 1073 958 caelestem,
1098 889 1186 951 modo
1207 908 1282 952 con-

40 981 286 1044 substantialem
307 983 416 1058 Verho,
438 992 471 1046 ut
490 986 651 1064 perlectam
673 987 758 1049 vohis
781 988 970 1066 negationem
990 987 1124 1049 firmetis.
1169 989 1206 1052 Ut
1228 1009 1283 1053 an·

39 1091 114 1144 tem
139 1083 229 1145 Arius
256 1084 359 1176 lapsus
387 1103 404 1146 a
432 1085 490 1148 lide
518 1086 550 1150 in
580 1087 758 1152 ioellshilem
788 1097 819 1152 et
845 1089 1029 1152 verissimam
1050 1088 1117 1150 Filii
1140 1108 1176 1150 ex
1196 1091 1284 1154 Patre

41 1184 279 1263 generationem
307 1186 478 1265 passionem
507 1195 536 1248 et
558 1187 722 1250 sectionem
745 1199 775 1250 et
796 1191 936 1252 ellluxum
958 1198 1145 1253 commentus
1168 1198 1229 1263 cst,
1252 1201 1285 1256 ut
1351 1257 1358 1268 ,

40 1305 106 1365 per
135 1287 228 1367 impia
256 1286 346 1348 verha
375 1305 443 1364 eor,
473 1288 524 1370 qui
553 1287 674 1354 mininie
695 1289 773 1355 lirini
796 1296 895 1364 erant,
929 1293 960 1352 in
983 1293 1099 1353 lorcam
1120 1290 1283 1371 iniquitatis

41 1388 273 1468 praecipitaret,
297 1405 364 1450 nem
389 1406 422 1450 oo
445 1377 698 1475 sceleratisooeo
716 1383 896 1474 profanum
918 1394 962 1457 sic
982 1407 1105 1454 rursum
1127 1391 1283 1480 Saluius,

42 1489 103 1568 qui
134 1489 220 1550 linxit
243 1488 347 1550 Filium
378 1488 443 1550 sine
471 1488 625 1569 hypostasi
653 1502 736 1554 esse·
751 1502 781 1554 et
803 1491 947 1574 Spiritum
971 1503 1106 1558 sanctum
1129 1494 1196 1558 sine
1218 1492 1282 1558 ext-

43 1591 183 1664 stantia,
206 1588 315 1668 alioqui
337 1587 513 1652 divisionem
536 1589 658 1653 Deitatis
672 1611 715 1666 ,ac
734 1594 947 1674 principiorum
971 1613 1135 1673 eorumque
1158 1613 1281 1656 enume-

43 1692 204 1754 rationem
233 1689 332 1752 induci
362 1690 550 1765 criminatus,
583 1691 699 1755 lunares
729 1693 876 1756 sententia
904 1696 1047 1756 firmatur.
1092 1695 1143 1756 Sic
1164 1713 1284 1775 quoque

43 1792 243 1854 Manichacus
270 1789 467 1853 incarnationi
495 1799 527 1852 et
552 1791 727 1856 humanitati
755 1795 921 1858 aDomino
943 1803 1095 1858 assumtae
1116 1795 1205 1858 iidem
1226 1815 1281 1858 ne-

44 1911 128 1973 gans
151 1891 262 1971 impius
285 1890 407 1953 omnino
431 1893 540 1966 euasit,
569 1893 652 1955 aiens
673 1896 826 1958 hominem
849 1895 965 1958 duobus
988 1896 1143 1959 subiacere
1165 1895 1283 1976 opilici-

44 1994 128 2068 bus,
162 1992 240 2054 malo
270 2001 300 2053 et
325 1992 417 2055 hono.
461 1993 504 2054 lta
532 2013 651 2074 qnoque
678 2013 731 2058 vos
759 1997 806 2058 vel
828 2005 861 2058 ut
882 1997 1081 2078 sycophantas
1103 1997 1180 2058 duos
1202 1995 1280 2058 illios

47 2115 111 2157 nna
135 2093 289 2158 admittere
311 2091 418 2169 diutia
442 2094 488 2156 vel
509 2111 567 2158 nos
589 2096 720 2160 hominis
742 2097 874 2160 cultores
896 2099 1007 2159 vocatis
1029 2115 1147 2177 nosque
1168 2097 1280 2177 peccati

46 2195 241 2268 intimatione,
263 2195 353 2274 idque
374 2215 436 2258 non
458 2215 494 2258 ex
514 2197 625 2277 pictate
646 2197 750 2276 agitis,
773 2197 827 2262 sed
849 2206 882 2259 ut
903 2199 997 2260 errori
1020 2187 1122 2262 vestro
1144 2215 1200 2278 per
1221 2199 1282 2262 int·

47 2298 146 2378 proha
168 2305 335 2360 commenta
356 2297 472 2360 felicem
495 2315 688 2378 progressum
709 2299 822 2377 paretis
844 2307 876 2359 et
894 2308 928 2360 ut
941 2299 1041 2378 impiis
1056 2301 1165 2362 vestus
1180 2299 1280 2362 acthis

20 2465 21 2474 χ
49 2399 189 2460 infirmos
212 2398 353 2458 avmutia
376 2398 484 2459 alide.
528 2399 588 2463 Seli
610 2407 709 2460 umen
723 2399 778 2460 llei
799 2397 1022 2462 tundamentum
1037 2399 1193 2463 immotum
1208 2417 1280 2480 per·

48 2507 155 2562 manet
175 2496 348 2562 huiusmodi
371 2498 468 2577 sigillo
491 2497 691 2578 obsignatum.

19 2781 20 2786 ἵ
138 2804 189 2866 22.
234 2800 315 2864 llaec
340 2800 376 2864 ad
405 2807 434 2862 te
464 2800 590 2880 scripsi.
624 2799 731 2862 dilecte
752 2799 883 2874 (umctsi
904 2798 978 2860 nihii
999 2799 1127 2879 amplius
1149 2798 1282 2862 scrihere

50 2923 131 2985 opus
159 2911 240 2976 erat,
268 2903 378 2966 sullicit
404 2919 533 2981 namquo
553 2899 727 2980 Euangeliou
755 2899 902 2978 traditio),
933 2906 996 2961 turn
1030 2901 1099 2979 qula
1117 2901 1160 2964 de
1178 2903 1282 2966 nostra

19 2987 21 3016 ⁵
51 3006 113 3068 lide
133 3005 334 3084 interrogasti,
358 3011 421 3066 tum
443 3021 547 3065 eorum
569 3021 672 3076 causa,
694 3003 744 3082 qui
767 3000 944 3064 commentis
967 3000 1031 3065 suis
1052 3009 1202 3082 nugantur
1222 3019 1280 3064 nc-

51 3125 114 3186 que
139 3107 269 3186 cogitant
296 3123 382 3178 eum,
411 3105 462 3184 qui
490 3123 528 3170 ex
554 3103 678 3185 proprio
705 3104 839 3184 loquitur
866 3103 984 3176 animo,
1013 3103 1167 3168 mendacia
1187 3101 1366 3184 loquiano.

52 3207 155 3286 Neque
182 3209 261 3270 emm
290 3206 335 3268 vel
362 3205 590 3286 pulcritudine]
618 3205 663 3268 vel
690 3205 816 3286 gloriam
838 3204 978 3284 corperis
998 3203 1110 3270 Christi
1132 3207 1282 3268 humanus·

53 3308 219 3372 intellectus
241 3308 407 3387 exprimere
428 3317 539 3388 potent,
562 3307 616 3370 seri
637 3325 712 3386 quae
734 3315 818 3387 gesta
841 3316 912 3370 sunt
932 3315 1023 3387 prout
1037 3306 1149 3388 scripta
1163 3305 1279 3373 nmen-

54 3419 103 3471 tur
130 3410 263 3472 confiteri
292 3409 383 3483 vala,
412 3427 529 3472 menon
557 3427 661 3472 aarum
681 3408 778 3472 Deum
804 3409 856 3489 qui
885 3417 933 3471 eet
954 3409 1080 3470 adorare
1102 3408 1133 3469 in
1155 3407 1281 3486 glorium

54 3518 85 3570 et
98 3510 317 3584 consessionem
331 3510 566 3574 mansuetudinis
583 3509 648 3572 eius
664 3515 695 3574 et
707 3509 738 3572 in
755 3529 840 3588 spem
856 3508 960 3572 solutis
975 3515 1098 3570 nostrae
1113 3507 1144 3568 in
1161 3505 1281 3568 Christo

19 3611 20 3626 ³
56 3609 126 3670 lesu
142 3608 270 3670 Domino
292 3619 407 3671 nostro.
450 3615 554 3672 hmem

56 3788 130 3849 rtur,
149 3795 192 3844 sed
211 3795 266 3844 huic
286 3794 383 3844 lectioni
401 3793 525 3858 antiquam
542 3793 640 3857 praeie-
689 3792 781 3854 uacci.
818 3793 881 3844 Editi
899 3807 954 3844 tero
973 3792 1061 3863 etalii*
1075 3785 1214 3858 elymaei,
1239 3804 1279 3840 re·

55 3863 151 3913 rendam
176 3862 293 3910 duximus.
330 3861 405 3912 Porro
428 3861 576 3910 orthodoxos
594 3851 640 3908 ἄν·
692 3863 754 3910 clins
772 3861 915 3912 uiridetnr.

54 3921 253 3994 hpnaoieirpoec
268 3937 364 3980 comtos
383 3929 459 3979 inisse
476 3928 640 3992 ahllpollina·
724 3929 749 3978 h.
767 3929 807 3980 Sic
824 3929 895 3980 hasil.
915 3927 1004 4006 inulla
1023 3927 1123 4005 §aanor
1142 3925 1240 3976 tichler.
1258 3933 1282 3974 et
1398 3927 1406 3944 ·

43 3999 119 4050 ¹cistis
137 4005 237 4047 testatur
255 3996 639 4062 ursariaatauaupntalcls·
691 3996 796 4046 heloim.
813 3997 834 4046 l.
870 3997 932 4046 Editi
958 4009 990 4044 ou
1008 3990 1100 4050 δοξαν.
1138 3994 1190 4044 ilex
1208 3994 1279 4054 sego.

56 4067 151 4119 ionium
168 4060 219 4130 [ed.
238 4065 329 4114 ΙοιοΙΙ.
348 4065 417 4114 Touo.
429 4065 445 4114 Ι.
482 4062 587 4126 satit
607 4087 640 4100 -·
691 4057 910 4128 cripocochaoi.
949 4064 1089 4114 Gohlerian.
1108 4059 1280 4112 etielcimi

56 4136 93 4184 ed.
111 4133 196 4184 Becco.
216 4133 284 4183 lom.
296 4133 324 4181 ll.
344 4147 367 4196 p.
379 4081 479 4198 Sulis
638 4188 640 4196 Α
690 4129 757 4180 θεοῦ
775 4124 910 4198 σώματος.
949 4127 1279 4207 PaolopostSepnfr.Gohl3

90 4199 420 4263 tsmoenhahetaoaotc.
457 4200 518 4251 Editi
537 4194 639 4254 καλαῖς,
692 4208 716 4248 et
735 4199 923 4250 Felclrmannil.
939 4190 1007 4277 ,M
1023 4191 1118 4263 γεκαὶ
1136 4209 1178 4244 τα.
1215 4195 1279 4245 Elui

58 4284 116 4334 quae
139 4269 208 4320 lectio
233 4268 319 4320 eodem
342 4267 406 4318 redit
428 4267 448 4317 sl
466 4268 558 4318 ironice
576 4269 641 4317 acci·
693 4257 759 4316 sith
775 4260 831 4336 γὰρ
848 4261 894 4315 atui
911 4279 954 4314 τα.
1254 4331 1258 4339 Ι

59 4339 140 4402 pistor.
176 4336 228 4386 llos
253 4337 353 4398 Seguer.
378 4335 517 4386 Gabiensi
535 4335 641 4385 ielehm.
725 4336 741 4384 i.
768 4336 833 4384 llaec
860 4335 890 4384 ad
908 4337 981 4384 linem
1003 4345 1080 4397 umus
1111 4331 1230 4382 hahentur
1254 4345 1277 4380 ut

63 4407 83 4454 l.
100 4396 314 4472 ιὺπροχιόρηιον.
351 4403 415 4453 Editi
440 4411 464 4453 at
486 4403 527 4453 alii
545 4395 642 4470 sinpo-
693 4403 792 4465 Segoer.
811 4402 953 4480 Gnhler3et
968 4401 1073 4452 Frlchrn.
1086 4400 1123 4462 1.,
1140 4399 1181 4463 qni
1198 4406 1282 4473 tamen

54 4466 183 4536 χείρητον.
580 4527 588 4548 ,
691 4485 739 4521 non
759 4471 847 4520 hahent
865 4461 948 4536 ἄμην,
967 4483 1029 4533 qnae
1047 4475 1140 4519 untnm
1158 4480 1201 4517 ron
1218 4465 1280 4526 legr-

92 4553 112 4600 ι.
128 4541 226 4602 sepner.
251 4539 350 4592 Gohler.
368 4546 392 4590 et
410 4538 517 4591 lelohu.
532 4540 555 4589 1.
573 4551 640 4602 cyrr-
690 4546 729 4590 tor
745 4538 770 4590 in
787 4537 867 4592 eitun
989 4599 1006 4612 ,
