3122 5060
452 379 471 403 ,,
524 349 633 403 onum
647 351 691 394 nr.
709 351 825 398 conrns
838 351 973 396 rennos.
1293 339 1357 404 589

107 511 214 564 terro
242 503 343 566 omnio
370 519 562 585 moetusque
588 503 688 566 coluit
713 504 801 584 fecit,
832 511 861 566 et
887 503 1050 567 centesimo
1079 504 1195 568 decimo
1216 505 1441 572 rsnmszvse·

108 603 237 684 Magno
260 623 355 685 opera
375 603 508 676 Domini
531 607 684 686 enquisito
703 608 738 667 io
761 623 862 668 omnes
885 607 1058 676 noluntates
1081 609 1156 681 eius,
1181 615 1211 670 et
1231 608 1351 673 Psalmo

106 706 289 769 centesimo
305 699 466 785 „trigesimo
489 713 610 786 quarto:
643 707 751 770 Omnia
773 726 966 790 quaesitoque
989 709 1087 772 coluit
1109 709 1256 773 Dominus
1278 710 1354 790 [coit

105 812 153 871 in
179 808 262 872 cneio
286 819 314 872 et
334 812 368 870 io
390 817 485 880 terro,
507 812 541 871 io
561 811 645 870 mori
664 819 694 872 et
714 812 748 872 iu
771 811 908 873 omnibus
931 810 1062 891 abyssis.
1105 810 1207 890 ltaque
1230 811 1256 874 si
1272 830 1350 892 opus

105 910 172 973 ille
204 920 251 972 est
279 919 309 994 et
334 927 384 970 res
412 911 489 972 locta
516 917 604 990 atque
625 927 703 972 nnus
725 929 762 972 ex
783 911 938 985 omnibus,
967 911 1034 991 ipse
1056 929 1179 992 quoque
1201 912 1351 974 voluntate

107 1013 215 1075 fectus
239 1009 369 1087 dicatum
391 1009 432 1072 ita
454 1009 533 1072 enim
556 1029 647 1092 opere
668 1011 733 1074 fleri
755 1012 842 1074 docet
864 1011 1025 1092 Scriptura.
1069 1012 1137 1092 lpse
1151 1013 1241 1076 etiam
1256 1013 1346 1075 dete·

107 1115 188 1177 rius
215 1111 351 1175 haeresis
378 1121 523 1192 patronus
546 1113 616 1175 huie
637 1113 802 1176 sententiae
825 1114 989 1178 assentitur
1012 1114 1056 1176 sic
1077 1114 1226 1177 scribens:
1251 1115 1351 1190 „Nem

109 1214 177 1290 „si
206 1221 342 1278 creatore
368 1213 523 1294 indignum
551 1223 599 1276 est
627 1233 694 1276 eum
724 1215 872 1278 volentem
894 1235 998 1297 agere,
1027 1215 1092 1278 eius
1115 1235 1186 1296 ergo
1208 1215 1345 1278 voluntas

110 1359 136 1393 ‚,
149 1317 190 1382 ab
221 1316 361 1379 omnibus
392 1316 528 1379 similiter
561 1325 746 1391 amoveatur,
778 1327 812 1381 nt
839 1318 953 1399 integra
981 1317 1024 1380 illi
1052 1328 1188 1381 servetur
1210 1317 1348 1397 dignitas.

1 1459 2 1486 s
112 1419 207 1496 „Sin
226 1437 297 1481 vero
320 1418 382 1482 neo
404 1419 478 1482 velle
500 1419 647 1494 convenit,
671 1419 711 1482 sit
732 1418 822 1500 igitur
843 1421 931 1484 etiem
947 1421 978 1482 in
992 1421 1192 1501 primogenito
1207 1421 1247 1493 id,
1270 1421 1351 1500 quod

1 1587 2 1590 ,
111 1523 348 1603 „praestantius
368 1529 422 1584 est.
466 1521 528 1585 Nec
549 1519 627 1584 enim
649 1529 752 1602 potest
772 1522 853 1598 lieri,
882 1531 915 1586 nt
934 1523 986 1585 nni
1008 1523 1164 1603 eidemque
1185 1522 1247 1585 lieo
1269 1541 1345 1586 cen·
1440 1515 1444 1520 ’

10 1691 12 1698 ,
110 1624 248 1699 ‚,veniat
267 1623 343 1710 velle
365 1632 396 1685 et
416 1624 496 1687 nolle
517 1625 548 1686 in
570 1643 672 1687 rerum
692 1625 933 1704 procreatione.“
978 1624 1093 1698 Quibus
1110 1625 1250 1705 Sophiste
1272 1645 1342 1688 vev-

105 1726 166 1788 his
190 1744 336 1788 summam
359 1725 530 1806 complexus
551 1725 749 1806 impietatem,
772 1743 840 1788 cum
861 1743 969 1806 nempe
991 1743 1055 1788 rem
1077 1727 1183 1788 lacum
1206 1735 1236 1789 et
1257 1726 1344 1806 geni-

107 1835 179 1891 tam
201 1827 371 1902 contundit,
398 1827 564 1907 Filinmque
584 1845 675 1889 unam
696 1845 766 1889 esse
788 1845 823 1890 ex
846 1827 985 1890 omnibus
1007 1825 1103 1890 rebus
1127 1829 1236 1908 genitis
1258 1847 1345 1892 osse-

106 1939 216 2006 verat,
247 1937 353 2010 pesteu
383 1929 534 1992 concludit
560 1937 760 2009 congruenter
789 1929 848 1993 dici
877 1947 967 2008 opera
995 1929 1147 1992 voluntate
1169 1937 1199 1992 et
1219 1929 1343 1994 arbitrio

2 2090 4 2101 ,
108 2032 194 2095 laeto
216 2049 295 2094 esse.

206 2137 257 2200 bl.
301 2133 403 2214 ltaque
431 2133 459 2196 si
479 2133 573 2196 Filius
596 2133 671 2196 alins
694 2140 739 2195 est
761 2151 778 2195 a
799 2130 1070 2220 rebnspomnilpus,
1097 2131 1142 2194 uti
1164 2140 1248 2195 antea
1270 2143 1345 2213 pro·
1411 2111 1416 2120 ’

2 2287 6 2311 ,,
105 2237 217 2300 hatum
246 2243 305 2310 est,
335 2236 496 2316 potiusque
524 2254 615 2315 opere
643 2253 698 2316 per
726 2253 794 2298 eum
816 2237 894 2298 lactu
918 2243 1008 2310 sunt,
1041 2233 1120 2297 absit
1143 2241 1175 2298 ut
1195 2233 1353 2310 voluntate

1 2393 10 2426 ⁴,
106 2339 229 2402 dicausr
250 2338 412 2411 exstitisse,
433 2357 472 2400 ne
493 2339 558 2418 ipse
581 2338 687 2400 eodem
708 2337 798 2399 modo
821 2337 889 2410 bat,
912 2356 972 2418 quo
995 2355 1045 2411 ee,
1069 2355 1144 2418 quae
1171 2338 1346 2418 peripsum

7 2433 9 2440 '
106 2443 188 2504 lecte
210 2451 294 2517 sunt,
316 2439 501 2520 prodierunt.
545 2439 676 2520 Namque
697 2439 805 2501 Paulus
827 2451 883 2519 per
904 2439 1087 2502 voluntatem
1111 2439 1165 2501 Dei
1186 2439 1347 2519 Apostolus
1405 2483 1412 2492 -

106 2549 218 2624 postea
240 2545 332 2605 lectus
354 2550 411 2616 est,
434 2561 501 2605 cnm
522 2541 553 2604 id
575 2550 661 2604 antea
682 2559 744 2602 non
766 2549 858 2602 esset
902 2540 1025 2602 Vocatln
1049 2541 1120 2602 item
1139 2548 1253 2612 nostra,
1277 2557 1346 2604 oum

1 2705 16 2722 „
107 2646 271 2726 aliquando
300 2661 361 2706 non
385 2643 489 2718 luerit,
516 2651 595 2705 nune
625 2641 897 2716 coventrensis,
927 2641 1151 2704 antecedentem
1175 2640 1265 2704 hebet
1286 2641 1341 2702 Dei

106 2747 310 2822 voluntatem,
340 2755 385 2822 et,
413 2755 446 2809 ut
473 2745 552 2808 idern
574 2744 684 2807 Paulus
707 2743 854 2824 loquitur,
877 2743 1041 2805 secundum
1063 2741 1253 2823 propositum
1277 2742 1344 2803 eius
1416 2775 1424 2790 ·

11 2903 15 2913 .
105 2849 272 2910 voluntatis
295 2849 370 2911 lecta
391 2855 447 2910 est
490 2847 648 2909 Praeterea
670 2846 750 2926 quod
771 2864 826 2925 per
839 2846 970 2927 llovsem
993 2844 1116 2907 dicitnr:
1139 2843 1208 2907 Fiat
1231 2843 1340 2906 lucet

106 2949 268 3014 Producat
289 2962 375 3013 terro
396 2958 427 3012 et
446 2949 605 3012 Faciamus
628 2949 784 3020 bemineru,
807 2947 978 3027 signarem
993 2965 1071 3023 esse,
1088 2944 1337 3026 quemadmodum

4 3034 16 3118 ᾗ
108 3069 203 3131 supra
225 3051 413 3126 dictumest,
435 3042 594 3115 'voluntatis
617 3051 771 3114 creatoris.
814 3049 889 3113 Nam
903 3049 1078 3130 ecquidem,
1095 3065 1170 3129 quae
1183 3045 1341 3127 aliquando

7 3230 10 3248 Ι
105 3171 174 3215 non
195 3161 289 3228 erant,
312 3154 366 3217 scd
388 3155 573 3216 extrinsecus
595 3161 700 3234 postes
722 3154 812 3228 liunt,
835 3155 934 3216 locere
957 3163 1075 3214 erector
1097 3150 1250 3225 deliberat,
1274 3157 1362 3213 cum·

17 3337 21 3346 ¹
106 3261 211 3316 antem
233 3254 362 3318 Verbum
390 3274 478 3319 suum
505 3274 540 3318 ex
570 3256 670 3336 seipso
698 3259 805 3319 naturt
832 3255 947 3336 gignit,
981 3253 1131 3335 praeviam
1151 3251 1263 3314 nullom
1285 3251 1340 3315 od·

107 3355 193 3418 hibet
213 3347 465 3418 deliberationem.
510 3357 662 3438 Siquidem
683 3358 714 3420 in
737 3377 773 3420 eo
796 3357 883 3420 Pater
905 3357 978 3432 alia,
1007 3373 1202 3436 quaecunque
1224 3355 1339 3434 produ-

7 3513 8 3517 ,
107 3473 179 3519 cere
199 3457 311 3528 statuit,
325 3449 402 3520 'lecit
424 3465 454 3520 et
475 3467 569 3534 creet,
592 3459 636 3522 uti
658 3478 716 3523 nos
739 3461 828 3523 etiam
843 3459 969 3523 lacobus
984 3457 1146 3539 Apostolos
1170 3456 1218 3518 bis
1240 3455 1340 3518 verbis
1348 3467 1426 3518 nuu-

15 3609 28 3628 s.
108 3557 210 3621 docet:
236 3559 342 3623 Voleos
363 3563 466 3640 genuit
487 3579 543 3624 nos
570 3561 664 3626 Verbo
686 3563 869 3627 voluntatis.
914 3561 1017 3641 ltaque
1031 3560 1084 3622 llei
1099 3559 1249 3630 voluntas,
1265 3573 1341 3635 quae

108 3658 173 3722 sive
194 3659 273 3737 illos,
296 3661 347 3743 qni
368 3669 591 3741 regenerentur,
614 3665 677 3726 sive
699 3683 743 3739 ea,
766 3683 841 3745 quse
854 3663 1042 3736 semelflont,
1057 3669 1180 3739 spectat,
1196 3655 1338 3720 inllevbo

1 3915 28 3970 353'
108 3908 187 3963 Ceteri
211 3920 290 3965 entem
315 3929 374 3966 mss.
397 3929 479 3963 notos
514 3928 579 3966 νων.
618 3915 695 3966 Psnlo
747 3929 798 3984 neg
816 3915 886 3966 deest
902 3909 949 3962 itai
965 3915 989 3964 in
1008 3913 1100 3976 lteg.l.
1119 3921 1144 3962 et
1160 3894 1261 3973 Seg‘ner.

107 3987 164 4041 post
180 3981 237 4044 lleg.
249 3981 270 4032 l.
289 3991 313 4033 et
326 3984 426 4045 Segner.
445 3979 567 4050 ῥημασιν
585 3977 692 4033 ἑαυτοῦ.
781 3999 804 4047 g.
823 3983 863 4033 Sic
877 3983 935 4045 lteg.
951 3982 971 4032 l.
990 3979 1180 4044 Senem-Gabi.
1196 3984 1219 4028 et
1233 3975 1339 4027 Felelvm.

1 4111 2 4114 ,
107 4045 152 4098 ⁴¹55
170 4049 276 4114 odi‘illut
294 4045 415 4118 ῥήμασιν
432 4045 526 4101 αὐτοῦ.
749 4051 772 4102 1.
807 4054 835 4101 dt
852 4051 876 4100 in
895 4051 949 4100 aliis
967 4057 991 4099 et
1015 4049 1085 4100 editis
1104 4049 1172 4097 deest
1188 4037 1247 4104 τήν.

10 4127 23 4183 s
141 4131 162 4166 e.
180 4118 222 4168 Sic
239 4120 296 4182 lieg.
309 4119 332 4170 l.
351 4119 451 4182 Segner.
470 4121 567 4172 Gobler.
578 4119 697 4172 etFelck·
782 4119 806 4170 lv.
824 4119 880 4180 neg.
902 4119 924 4168 1,
942 4126 967 4168 et
984 4118 1084 4178 Segner.
1102 4109 1135 4162 vi
1154 4107 1191 4162 dd.

9 4177 26 4204 '¹
98 4186 188 4235 menni
208 4185 230 4234 l.
267 4186 293 4237 ln
311 4187 365 4238 eliis
383 4195 463 4238 eutem
487 4196 511 4239 et
535 4188 607 4238 editis
628 4183 697 4240 deest
782 4188 798 4237 i.
817 4187 915 4237 Gobler.
935 4193 958 4235 et
975 4184 1080 4234 Felolvm.
1101 4183 1123 4231 t.
1142 4173 1294 4248 ἡγούμεθα.

108 4238 203 4302 ὄντων.
237 4253 329 4316 inglic.
352 4255 410 4306 ibid.
427 4269 492 4320 γενη
516 4249 598 4306 ἄκων.
633 4255 694 4306 lbid.
782 4255 804 4304 l.
830 4254 871 4305 Sic
889 4255 945 4316 lteg.
959 4253 982 4302 1.
1001 4259 1025 4300 et
1043 4251 1143 4312 Seguer.
1163 4251 1202 4300 bie
1219 4257 1244 4299 et
1260 4245 1336 4326 puolo

108 4315 163 4381 lieg.
179 4320 201 4370 l.
221 4329 244 4371 et
261 4321 360 4386 Segner.
384 4315 423 4378 eis
446 4271 536 4375 retes
571 4324 615 4374 elii
635 4337 694 4374 mss.
747 4330 817 4388 post,
844 4321 965 4385 iidemque
991 4333 1045 4368 mor
1067 4310 1248 4384 γεννώμενον.
1291 4315 1337 4366 eln

4 4383 16 4414 '³
108 4376 145 4438 εἷς
166 4387 306 4440 τοσοῦτον.
342 4391 395 4442 ldox
420 4393 477 4455 Reg.
498 4392 520 4442 l.
544 4399 567 4442 et
591 4393 697 4454 Segnor.
747 4399 827 4441 antem
844 4398 870 4440 et
887 4390 943 4440 editi
960 4380 1087 4452 βούλεται
1104 4395 1128 4437 et
1144 4383 1258 4453 γεννῶν.

16 4499 24 4527 ;‚
108 4447 231 4516 ῥθυὶῆσει
247 4452 294 4506 καὶ
310 4453 452 4526 θελήματι.
782 4459 797 4508 Ι.
816 4460 872 4521 lteg.
887 4458 914 4516 l,
927 4457 1029 4520 Segucr.
1047 4455 1144 4506 Gobler.
1161 4453 1289 4506 etl'elola
1311 4450 1321 4472 ¹

8 4543 11 4551 Α
140 4521 216 4584 ᾔδη
233 4526 328 4590 Regi.
348 4535 372 4577 et
389 4528 530 4590 Segnevinn.
565 4527 594 4577 lt
612 4527 654 4576 elil
672 4533 697 4578 et
746 4524 804 4575 τῶν
822 4518 900 4592 duay.
936 4525 982 4576 etit
1006 4532 1029 4576 et
1047 4523 1121 4576 editio
1140 4525 1220 4578 Comv

1 4645 32 4684 ὤ,
110 4586 165 4642 “¹525
182 4585 268 4660 ὅπερ
287 4607 336 4645 tw
352 4589 383 4646 ἒν
399 4595 472 4652 tois·⁴
503 4596 568 4648 lnlrn
582 4584 696 4661 postris·
745 4607 776 4645 τε
793 4585 873 4660 duay.
954 4627 959 4636 .
