3106 5056
499 357 608 402 maro
624 355 657 402 n.
673 358 789 404 conam
803 361 939 406 munos.
1260 347 1319 410 441

178 509 228 571 73.
273 505 421 588 Sexipbom
444 516 506 570 est:
528 509 678 572 Dominus
700 515 850 592 sopientur
870 511 1015 590 fundauit
1036 522 1164 575 terram.
1208 509 1242 574 Si
1263 511 1409 592 igi-rme

101 617 144 672 tur
163 605 306 689 eapientia
328 617 436 672 terram
460 609 608 684 fundarit,
637 615 690 690 qut
710 611 775 672 tieri
796 619 907 692 potest,
929 621 963 674 nt
983 613 1021 685 is,
1044 614 1094 692 qui
1115 613 1228 686 tundat,
1251 612 1322 676 iun-

101 709 201 774 detur‘i
243 710 352 772 Verum
385 709 416 772 id
445 712 535 774 etiam
561 711 711 792 proverbii
739 713 835 775 instar
857 713 967 797 dictum
990 722 1052 787 est,
1087 716 1210 794 eiusque
1232 713 1322 778 nobis

100 811 259 890 querenda
282 810 457 890 significatio
481 820 538 884 est,
561 821 594 874 ut
614 831 838 891 cognoscemus,
861 813 979 876 Patrem
1002 814 1147 894 sapientie
1168 832 1271 878 creare
1291 823 1322 878 et

102 911 216 974 tundere
238 919 358 988 terram,
381 920 414 975 ut
435 913 519 975 tirma
542 921 572 976 et
592 913 708 976 stabilis
730 923 911 994 permaneat,
933 915 1030 994 ipsam
1051 933 1123 976 vero
1146 916 1321 996 sapientiam

101 1015 187 1076 nostri
215 1031 304 1076 causa
332 1031 401 1076 esse
428 1014 595 1088 fundatum,
628 1023 661 1076 ut
689 1013 824 1077 videlicet
851 1023 973 1078 nostrae
994 1034 1089 1078 norae
1110 1016 1268 1080 creationis
1291 1025 1323 1080 et

82 1111 294 1176 ¹renovationis
321 1101 503 1195 principium
530 1115 613 1178 tieret
636 1121 666 1177 et
687 1116 922 1180 tundamentum.
967 1115 1044 1178 Hinc
1064 1135 1121 1180 nec
1142 1135 1178 1178 eo
1200 1117 1230 1180 in
1252 1118 1319 1182 loco

100 1217 149 1278 ait:
179 1217 257 1278 inte
277 1233 380 1278 aarum
402 1215 531 1278 Verbum
553 1217 599 1278 vet
620 1215 726 1280 Filium
749 1236 798 1280 roe
819 1217 905 1294 iecit,
932 1235 971 1280 ne
993 1217 1078 1297 quasi
1100 1211 1232 1288 initium,¹
1261 1235 1407 1298 quorun.

100 1317 157 1380 tieri
177 1318 339 1397 coepisset,
362 1316 471 1380 babere
493 1318 675 1380 crederetur.
719 1318 850 1399 Namque
873 1318 903 1380 id
918 1327 986 1380 ante
1002 1320 1103 1380 omnia
1117 1319 1319 1399 quaerendum

100 1428 157 1493 ert,
179 1420 205 1481 si
226 1437 334 1499 nempe
354 1417 446 1482 Filius
469 1419 535 1500 ipse
558 1428 620 1494 est,
652 1437 744 1500 eaque
766 1421 804 1484 de
825 1438 858 1482 re
880 1421 1049 1502 Scripturas
1070 1429 1142 1482 sont
1161 1421 1321 1502 praecipue

101 1521 279 1584 oenandae.
325 1519 356 1581 id
379 1521 458 1583 enirn
481 1540 547 1584 urm
569 1521 824 1601 interrogarentur
846 1530 875 1583 et
897 1521 956 1602 ipsi
977 1522 1129 1602 Apostoli,
1151 1521 1259 1586 Petme
1280 1523 1320 1586 ita
1422 1581 1424 1586 .

98 1621 261 1703 respondit:
303 1621 344 1686 Te
371 1641 402 1686 aa
431 1623 571 1686 dimotus
601 1623 698 1697 Filiam
726 1624 786 1687 Dea·
814 1627 952 1686 ur'eenta's.
997 1623 1079 1686 idem
1106 1641 1176 1686 raro
1205 1633 1235 1686 et
1255 1623 1322 1704 ipse

96 1733 174 1808 pater
195 1723 320 1786 Arianae
347 1723 481 1786 haeresis
509 1725 541 1786 in
568 1723 674 1805 primis
697 1731 907 1806 percunctatus
931 1731 993 1787 est:
1027 1725 1063 1788 Si
1084 1724 1179 1788 Fiir'ua
1201 1725 1260 1788 Dei
1279 1745 1322 1788 ea.

97 1825 156 1888 Hoc
181 1825 262 1887 enim
296 1824 448 1887 veritatem
476 1834 506 1888 et
532 1825 726 1906 praecipuum
754 1833 875 1888 nostrae
903 1825 971 1888 iidei
1002 1825 1225 1888 fundamentum
1255 1843 1323 1888 ease

97 1945 152 1988 non
172 1925 340 2007 ignorabat,
363 1935 393 1988 et
415 1927 440 1988 si
464 1926 529 2007 ipae
551 1934 634 1988 esset
655 1911 743 2001 fitius,
766 1927 855 1990 finem
877 1925 1044 1990 babituram
1061 1943 1129 1990 esse
1144 1925 1320 1988 diabolicam

96 2029 287 2108 tyrannidem,
310 2027 358 2090 sin
380 2037 478 2090 autem
500 2035 616 2090 creatus
638 2035 729 2103 esset,
751 2045 842 2091 unum
864 2046 984 2108 quoque
1006 2033 1073 2090 enm
1097 2045 1166 2090 esse
1188 2047 1223 2090 ex
1237 2026 1319 2090 Adae

95 2129 239 2208 posteris,
271 2147 359 2210 quem
388 2109 459 2191 olim
488 2130 620 2210 decepit,
654 2129 840 2210 proindeque
872 2129 944 2192 nibil
974 2129 1033 2191 boc
1054 2129 1217 2192 curandum
1239 2147 1320 2194 esse.

97 2229 291 2294 [insimiliter
312 2229 581 2294 decausaiudaci
610 2231 855 2311 indignabantur,
884 2231 965 2310 quod
993 2231 1137 2294 Dominus
1160 2251 1193 2294 se
1215 2229 1321 2296 Filium

95 2329 144 2395 Dei
164 2341 195 2396 et
216 2333 310 2396 Deum
333 2331 381 2394 aui
402 2330 556 2412 proprium
579 2339 693 2412 patrem
716 2331 838 2396 diceret.
874 2331 948 2394 Nam
970 2332 998 2393 si
1021 2351 1055 2394 se
1076 2350 1165 2394 unam
1181 2351 1199 2395 e
1214 2334 1322 2396 creatis

94 2434 178 2497 rebus
200 2434 249 2496 vei
276 2435 386 2497 iactum
414 2453 481 2496 esse
512 2434 651 2509 dixisset,
684 2433 759 2496 nibil
791 2433 858 2496 ilios
891 2431 1118 2512 perturbassent
1149 2431 1322 2498 huiusmodi

96 2536 192 2612 rerba,
213 2553 271 2598 nec
292 2535 382 2615 impia
403 2553 472 2598 esse
494 2535 684 2610 iudicassent,
707 2541 832 2614 utpote
851 2533 959 2614 quibus
974 2552 1035 2595 non
1051 2533 1170 2606 latebat,
1191 2533 1321 2614 Angelos

95 2635 159 2700 olim
181 2638 220 2700 ad
243 2655 316 2700 snos
344 2645 445 2717 patres
473 2636 649 2699 accessisse.
695 2635 803 2698 Verum
831 2634 899 2714 qnia
928 2653 962 2696 se
992 2619 1098 2698 Filium
1126 2633 1256 2707 dicebat,
1291 2633 1323 2696 id

94 2755 150 2800 non
178 2739 226 2802 rei
256 2746 372 2800 creatae
401 2737 455 2800 sed
487 2735 647 2800 divinitatis
675 2755 710 2798 ae
730 2745 871 2817 paternae
892 2742 1015 2797 naturae
1036 2743 1138 2798 nomm
1160 2752 1228 2798 esse
1249 2752 1323 2814 per·

98 2839 270 2918 spieiebant

174 2944 227 3004 74.
272 2938 330 3002 Par
351 2940 544 3020 itaqueerat,
567 2939 693 3002 Arianos
715 2937 821 3002 saitem
836 2955 924 3000 suum
939 2936 1048 2999 imitari
1063 2941 1177 3016 patrem
1192 2935 1323 3017 quidque

92 3040 135 3102 rei
155 3045 239 3104 esset
259 3040 420 3120 inquirere,
442 3042 483 3104 ita
506 3050 547 3114 ut,
571 3041 598 3104 si
621 3039 747 3104 dixisset
768 3037 904 3120 quidem:
927 3029 1057 3100 Verbum
1079 3037 1124 3100 ret
1144 3037 1251 3100 Filium
1272 3053 1322 3100 me

93 3140 240 3215 tundarit,
274 3141 352 3204 idem
382 3141 529 3203 sentirent
557 3150 645 3222 atque
674 3159 754 3204 nunc
776 3141 934 3213 sentiunt,
968 3147 999 3202 at
1025 3139 1051 3202 si
1078 3157 1140 3200 non
1161 3137 1238 3202 baec
1255 3138 1322 3202 eius

92 3250 193 3306 essent
215 3241 315 3316 rerba,
338 3261 373 3305 ea
395 3261 514 3323 quoque
536 3263 611 3323 quae
633 3261 694 3305 non
716 3249 820 3304 essent
834 3259 896 3304 non
919 3240 1226 3304 comminisccrentur.
1260 3239 1323 3307 Nee

92 3345 168 3407 enim
190 3344 281 3406 dixit:
313 3341 514 3408 intereram
537 3345 666 3408 Verbum
688 3343 734 3406 rel
756 3343 863 3406 Filium
885 3363 934 3406 me
954 3343 1103 3416 fundarit,
1130 3343 1185 3406 aed
1208 3347 1322 3405 tuntum

92 3443 236 3524 fundavit
256 3463 311 3516 ore,
334 3453 368 3507 nt
387 3445 528 3508 nimirum
551 3445 704 3520 indicaret,
727 3445 975 3526 quemadmodum
990 3446 1050 3507 iam
1072 3443 1236 3518 observari,
1260 3461 1322 3506 non

91 3555 212 3628 propter
235 3563 280 3622 se,
302 3546 356 3608 sed
378 3554 502 3627 propter
522 3545 601 3622 illos,
624 3546 675 3628 qui
696 3565 787 3629 super
809 3547 908 3630 ipsum
927 3546 1128 3620 aedificantur,
1151 3545 1225 3608 baec
1244 3561 1321 3625 pro·

123 3767 138 3816 i.
155 3765 266 3818 Patrium.
284 3765 309 3817 4.
327 3760 422 3832 ioeerqi.
734 3779 782 3816 aas
805 3757 820 3826 ἢ
845 3765 918 3833 τρεῖς
939 3759 1073 3826 θεότητας
1096 3755 1173 3816 ὅλως.
1214 3762 1240 3812 id
1270 3769 1322 3812 eat:

122 3834 145 3882 b.
164 3835 268 3898 Sequor.
287 3835 385 3884 Gobier.
400 3833 505 3884 Vaicbm.
516 3834 539 3884 1.
549 3841 573 3883 et
586 3834 609 3885 4.
629 3824 681 3881 ἆλῖ
735 3835 792 3885 roto
808 3841 915 3884 notorum
932 3836 980 3884 siae
998 3834 1120 3883 terentiana
1136 3832 1250 3881 condant
1259 3831 1322 3892 filia-

90 3894 181 3962 ἑπειδῆ
200 3893 264 3950 oiir
281 3893 379 3950 icaria
395 3893 494 3982 iieyer.
519 3901 598 3952 titiat
609 3901 683 3951 editio
735 3903 780 3952 teon
802 3904 843 3952 aed
864 3909 1000 3966 paternam:
1023 3902 1142 3966 ipsamque
1160 3901 1197 3949 tto
1215 3905 1236 3948 et
1254 3903 1324 3948 notro

90 3969 210 4020 (lemorel.
228 3961 319 4028 luendi
345 3955 393 4018 οὖν
416 3963 478 4018 otiu
500 3966 568 4020 θεοῦ
585 3961 684 4018 ἑαυτὸν
732 3969 852 4034 paternam
864 3969 996 4034 oppetierit,
1014 3983 1043 4018 ne
1059 3969 1110 4032 qnia
1125 3971 1277 4015 trerncturnx
1288 3965 1325 4014 oet

91 4027 187 4100 ἔλεγεν.
426 4043 429 4050 ’
735 4040 1021 4088 exsentioosanotonostco
1067 4033 1213 4084 botontiotenr
1223 4032 1325 4082 Vbiaito·
1377 4037 1386 4046 “

122 4104 138 4153 Ι.
157 4103 261 4165 Sequer.
279 4093 348 4152 ἀλλὰ
362 4095 501 4163 θεότητος.
535 4101 647 4154 diiivaro
660 4109 685 4154 ot
735 4105 1033 4154 temeraeoettrerononin
1058 4101 1191 4151 divinitates
1200 4101 1323 4150 cristiani.

89 4171 145 4222 editi
163 4162 296 4220 ἀλλὰκαὶ
311 4167 451 4231 θεότητος.
487 4171 682 4222 ibideminCod.
769 4185 801 4220 m.
820 4173 861 4220 Sic
884 4171 985 4231 Sequor.
1009 4169 1081 4218 Basit.
1101 4167 1199 4218 Gabier.
1218 4165 1323 4218 Vetcbm.

89 4237 219 4290 basitienai
238 4239 298 4290 baec
315 4248 391 4290 exstat
409 4247 479 4289 nota:
503 4229 547 4286 ὅτι
564 4233 614 4316 riv
655 4232 682 4284 d·
725 4237 826 4312 ,berb
861 4238 948 4287 itatii
967 4244 990 4286 et
1008 4226 1322 4300 aanrnetqnnvtttran

90 4315 134 4352 arr
151 4303 204 4354 τοῦ
223 4297 283 4354 viani
301 4298 362 4366 ἤτοι
379 4300 430 4365 τὴν
447 4297 545 4356 οὐσίαν
563 4319 595 4353 oo
639 4316 683 4370 yet
733 4297 796 4354 vioe
811 4315 847 4372 pa
863 4311 909 4354 etr.

88 4365 166 4434 airoino
183 4369 247 4439 [atel
264 4365 333 4422 atta
342 4369 491 4454 πατρικήν·
510 4367 555 4424 nai
569 4355 623 4422 ὦδε
637 4366 684 4421 sori
768 4387 792 4423 n.
811 4371 867 4422 Vsa.
885 4364 992 4422 tanate
1008 4377 1105 4435 praeter
1122 4368 1262 4421 ΗΜΛ
1279 4371 1324 4436 qai

89 4435 141 4505 rupi
161 4433 264 4489 τούτου
279 4433 404 4492 ἐκάλεσεν
427 4435 515 4521 αυτὴν
536 4432 681 4507 πατρικήν,
735 4449 761 4492 nt
779 4449 803 4490 et
821 4440 878 4490 editi
897 4429 998 4491 αὐτοῖς,

90 4497 134 4556 ἵνα
156 4503 198 4576 μὴ
220 4508 291 4577 τρεῖς
309 4502 407 4576 φύσεις
425 4501 440 4570 ἢ
461 4502 683 4568 enumerastis
769 4523 792 4559 o.
810 4509 965 4569 Stcseffuer.
986 4513 1010 4558 at
1026 4505 1121 4569 tteqiuo.
1157 4505 1220 4558 ddici
1239 4514 1263 4556 et
1280 4505 1320 4556 atii

90 4567 173 4640 eyter
189 4569 239 4628 sot
256 4569 406 4644 abactam
422 4569 523 4644 τριάδα
534 4571 635 4644 νομίσῃ
647 4563 683 4626 el·
735 4569 1006 4642 macedonianam.
