3158 5050
540 336 649 380 orario
664 337 702 382 rr.
718 337 835 382 corruo
849 339 987 386 munos.
1297 329 1360 394 609

114 494 163 548 et
183 485 297 550 inutilia
319 494 390 548 sunt
410 485 458 548 illa
480 485 611 560 nomina,
633 486 694 550 uisi
716 487 793 550 torto
816 488 883 570 quis
907 489 994 560 dieat,
1016 489 1114 570 ipsum
1129 492 1224 556 boum
1238 496 1446 576 sapien-roos,

115 589 201 650 tiam
230 587 327 668 ipsum
356 597 384 649 ει
406 587 535 650 Verbum
568 587 667 668 ipsum
697 607 776 650 εεεε.
822 589 909 662 Quod
932 590 957 652 si
981 593 1174 668 coucedatur,
1203 614 1272 658 rere
1293 597 1363 677 ipss

82 733 91 739 -
118 688 241 752 suimet
262 696 347 768 pater
368 697 399 751 et
419 687 498 750 lutus
521 688 594 762 erit,
616 696 701 768 pater
721 689 866 764 videlieet,
890 709 958 752 oum
980 691 1100 772 sapiens
1124 695 1242 772 dieitur,
1267 697 1358 776 lilius,

1 812 2 837 ³
117 811 197 854 euru
220 791 376 871 sapientis.
419 790 507 869 Atqui
530 807 564 850 ea
587 790 617 850 in
638 791 701 852 lleo
725 809 787 852 non
810 799 882 852 suut
903 803 937 852 ut
957 792 1093 872 qualitas.
1138 795 1237 878 Apage
1259 799 1359 879 igitur,

118 893 161 954 id
183 892 336 972 indignum
358 890 432 954 lleo.
475 891 519 952 Er
541 889 590 952 bis
613 891 694 954 enirn
716 891 860 966 efficitur,
883 891 977 956 Deum
999 913 1036 956 ox
1057 897 1190 958 essentia
1211 906 1242 959 ει
1263 900 1360 978 quali-

119 1001 190 1056 tate
220 993 419 1074 compositum
447 1011 527 1054 esse.
572 992 726 1074 Siquidem
756 993 856 1056 omnis
879 993 1004 1075 qualitas
1027 995 1058 1058 iu
1080 998 1213 1060 essentia
1235 1007 1297 1075 est,
1326 1019 1362 1066 au

120 1092 256 1175 proinde
279 1094 376 1158 divina
397 1094 508 1168 unitas,
530 1111 606 1176 quae
629 1093 780 1158 individua
803 1103 860 1170 εει,
883 1097 1049 1176 composita
1063 1095 1276 1174 ridebitur‚'ut
1289 1109 1362 1182 pote

121 1199 161 1260 in
184 1197 345 1260 essentiam
368 1205 397 1258 ει
419 1196 556 1258 aculeus
579 1196 684 1260 divisa.
728 1197 779 1260 Sio
800 1196 899 1277 itaque
923 1199 1097 1262 temerarios
1113 1199 1207 1263 bosoe
1221 1202 1361 1268 homines

121 1300 366 1379 interrogemus:
398 1295 489 1360 Filius
521 1298 667 1377 sapientia
696 1307 726 1360 et
747 1298 877 1362 Verbum
899 1299 954 1362 Dei
982 1319 1050 1362 esse
1079 1302 1265 1382 praedicatus
1295 1313 1361 1386 est;

1 1426 2 1429 ¹
122 1417 260 1482 quonam
281 1401 371 1480 igitur
393 1400 483 1462 modo
507 1399 624 1479 idipso
647 1398 717 1462 est?
763 1399 795 1462 Si
822 1401 1020 1482 utqualites,
1048 1402 1078 1465 id
1107 1403 1269 1468 absurdum
1289 1424 1362 1470 esso

1 1557 2 1560 ,
123 1503 191 1564 iam
219 1501 418 1564 ostendimus.
463 1500 497 1562 Si
524 1519 595 1562 rero
626 1499 693 1581 ipse
715 1500 794 1564 Deus
825 1503 970 1584 sapientia
996 1505 1063 1585 ipsa
1084 1513 1148 1582 εει,
1176 1515 1257 1570 uerte
1279 1507 1363 1588 quod

123 1603 200 1666 indo
228 1601 351 1664 absurdi
374 1602 525 1681 sequitur,
553 1601 665 1666 dietum
688 1622 705 1665 e
727 1602 858 1666 Sabellio
882 1613 937 1668 εει.
983 1606 1185 1680 Quamobrem
1206 1609 1360 1672 [amodum

122 1712 184 1778 est,
207 1721 276 1766 eum
299 1712 437 1783 tanquam
458 1703 551 1767 lotum
571 1703 694 1784 proprie
717 1722 753 1766 ex
774 1703 842 1785 ipso
864 1706 953 1768 Patre
975 1725 1044 1770 esse
1065 1707 1144 1772 iuxta
1165 1708 1241 1772 lueis
1254 1727 1359 1774 erem-

121 1805 220 1886 plom.
264 1806 302 1868 Ut
324 1805 401 1866 enim
425 1803 551 1884 abigao
573 1804 622 1866 lux
645 1804 751 1878 oritur,
773 1805 814 1868 ita
836 1805 966 1868 Verbum
989 1808 1108 1871 exlleo
1132 1817 1189 1884 est,
1211 1809 1362 1889 Sapientia
1417 1883 1421 1892 ¹

1 1957 2 1972 i
124 1927 165 1970 ex
188 1905 330 1987 Sapiento
352 1915 381 1970 et
402 1923 438 1968 ex
460 1905 549 2001 lfatre
571 1904 677 1968 Filius.
721 1905 784 1968 llas
804 1907 885 1969 enim
907 1907 1023 1970 ratione
1045 1909 1143 1970 unitas
1165 1909 1317 1972 individua
1330 1919 1362 1977 ει

122 2009 243 2089 iutogm
264 2017 375 2083 meoet,
397 2009 522 2088 eiusque
543 2007 623 2072 tilius
645 2007 774 2070 Verbum
791 2027 859 2071 non
881 2009 990 2090 aliqorid
1012 2020 1060 2072 εει
1081 2011 1214 2074 essentia
1234 2030 1361 2076 raouum

124 2111 175 2174 rel
204 2129 265 2172 non
294 2110 479 2183 subsistens,
511 2109 566 2172 sed
592 2127 664 2171 vero
693 2110 855 2174 essentiale
883 2118 940 2174 est.
982 2111 1120 2193 Alioquin
1143 2113 1203 2176 uisi
1225 2113 1361 2176 haesita

125 2229 200 2276 osse
221 2211 410 2286 mouebatur,
432 2229 504 2274 sane
527 2210 666 2292 quiequid
687 2211 752 2293 ipse
773 2211 883 2276 dieitur
905 2212 1084 2293 cogitatione
1106 2223 1136 2276 ει
1157 2213 1248 2278 verbo
1271 2209 1445 2285 saansaan.

124 2313 254 2390 existet3
276 2333 351 2394 quae
374 2313 520 2376 sententia
543 2313 570 2373 si
593 2321 640 2374 εει
660 2312 853 2392 repudianda,
876 2312 967 2393 igitur
988 2333 1091 2378 rerum
1106 2315 1237 2378 Verbum
1252 2334 1359 2380 essen-

124 2417 199 2482 tiale
233 2424 290 2478 εει.
338 2413 470 2494 Namque
499 2420 533 2474 ut
554 2431 625 2474 vere
645 2413 734 2474 Pater
756 2413 882 2494 esthita
903 2432 972 2476 rere
995 2423 1042 2478 εει
1066 2415 1227 2497 Sapientia.
1275 2416 1360 2478 unua

124 2519 266 2594 ellioitru,
288 2525 320 2579 ut
342 2517 401 2578 duo
425 2516 487 2576 siut
506 2515 595 2576 Pater
616 2520 647 2575 ot
661 2513 764 2588 Filius,
786 2533 849 2576 nou
870 2533 942 2576 raro
965 2515 1055 2591 idern,
1078 2525 1112 2580 ut
1132 2517 1286 2579 contendit
1301 2517 1359 2578 Sa-

123 2619 253 2694 bellius3
276 2618 328 2680 sed
350 2617 438 2678 Pater
459 2625 544 2696 pater
567 2623 621 2690 εει,
645 2623 675 2676 ει
694 2615 787 2682 Filius
810 2614 897 2678 tilius.
942 2616 1038 2678 Unum
1061 2626 1160 2680 autom
1180 2626 1267 2690 sunt,
1290 2618 1369 2698 quia

123 2721 220 2786 Pilius
244 2719 392 2783 essentias
405 2717 504 2780 Patris
524 2720 632 2778 natura
652 2715 731 2778 lilius
753 2724 800 2778 εει
821 2715 1037 2796 propriumque
1059 2717 1125 2780 eius
1141 2716 1271 2781 Verbum
1292 2718 1358 2780 ori-

125 2824 191 2886 str't.
233 2821 268 2883 ld
289 2821 434 2884 Dominus
455 2820 522 2900 ipse
544 2816 656 2881 aiebat:
680 2817 741 2900 lloo
764 2829 793 2881 ει
807 2817 902 2880 Pater
922 2838 1018 2882 unum
1040 2838 1156 2882 sumus.
1198 2818 1261 2881 Neo
1278 2817 1359 2882 enim

124 2923 258 2988 Verbum
288 2930 457 3004 separatum
486 2921 613 2984 aPatre
635 2927 697 2993 ast,
720 2937 776 2981 neo
798 2937 928 2999 uuquam
949 2921 1038 2983 Peter
1060 2919 1126 2982 sine
1146 2921 1274 2984 Ratione
1294 2920 1359 2983 sire

124 3025 225 3090 Verbo
256 3019 310 3088 luit
337 3023 382 3086 rel
412 3030 468 3086 est.
512 3021 644 3084 Verbum
671 3021 763 3102 igitur
784 3019 864 3084 [leus
887 3030 952 3096 εει,
981 3039 1037 3084 neo
1057 3021 1147 3084 Pater
1168 3023 1235 3087 siue
1256 3013 1356 3086 Verbo

126 3125 294 3202 est3unde
316 3124 404 3187 dixit:
427 3125 489 3206 Ego
512 3123 661 3186 tuPotre
683 3123 885 3186 soraterra
905 3143 952 3186 me
974 3134 1031 3187 εει.
1085 3127 1091 3140 ’
1270 3202 1275 3214 .

214 3231 244 3294 3.
287 3228 445 3292 Praeterea
460 3225 598 3288 Christus
613 3225 744 3288 Verbum
758 3224 811 3288 llei
835 3234 897 3300 est3
919 3244 991 3288 num
1014 3243 1084 3305 ergo
1108 3242 1144 3288 ex
1166 3243 1200 3312 V'
1220 3225 1288 3307 ipso
1304 3245 1359 3289 ex-

125 3330 214 3405 stitit,
238 3329 404 3409 deindeque
425 3328 557 3390 existens
580 3346 646 3390 eum
660 3327 748 3389 Patre
770 3337 818 3390 εει
839 3327 1006 3407 copulatus,
1027 3345 1065 3390 an
1080 3346 1152 3390 vero
1165 3326 1247 3391 Deras
1261 3328 1359 3410 ipsum

124 3430 199 3494 leoit
220 3441 249 3492 et
271 3430 318 3492 sui
340 3430 437 3510 ipsius
457 3429 587 3492 Verbum
609 3427 790 3510 appellarit?
834 3429 867 3490 Si
889 3431 1018 3510 primum
1041 3429 1235 3502 asumuntur,
1258 3430 1288 3491 id
1311 3437 1359 3492 est

125 3535 154 3596 si
177 3535 279 3614 seipso
303 3533 414 3596 exstitit
435 3541 464 3594 ει
486 3540 535 3594 εει
555 3531 646 3606 Deus,
670 3532 729 3594 duo
751 3531 842 3611 igitur
863 3531 1127 3612 erumminensis,
1149 3549 1206 3594 neo
1226 3531 1276 3592 illo
1296 3531 1357 3592 Pa-

125 3636 182 3696 tris
211 3633 353 3716 proprius
382 3634 453 3708 erit,
487 3643 518 3696 et
538 3632 647 3694 merito
670 3633 806 3713 quidem,
840 3641 873 3696 ut
893 3642 964 3714 pote
986 3633 1120 3712 quinon
1142 3631 1237 3712 ipsius
1259 3629 1358 3692 Patris

127 3737 184 3798 sed
212 3737 259 3798 sui
287 3735 382 3816 ipsius
413 3736 463 3798 sit.
507 3735 595 3809 Quod
617 3735 644 3796 si
666 3736 852 3798 extrinsecus
875 3737 968 3797 laetm
993 3742 1056 3808 εει,
1083 3752 1135 3796 res
1158 3739 1256 3794 creata
1278 3739 1359 3794 uerte

126 3839 195 3900 erit.
239 3839 343 3900 Restat
363 3837 479 3918 itaque,
501 3844 533 3899 ut
556 3855 625 3898 eum
646 3855 683 3898 ox
704 3837 772 3916 ipso
794 3835 856 3898 Deo
880 3855 949 3898 esse
971 3830 1124 3912 dioainus3
1147 3834 1232 3916 quod·
1251 3833 1277 3899 si
1299 3852 1353 3894 re-

125 3957 195 4002 ruro
217 3949 272 4014 est,
295 3938 399 4000 *aliud
414 3933 494 4002 'saue
516 3937 605 4002 luerit
626 3937 675 4012 iu,
698 3939 778 4020 quod
801 3947 849 4001 est
870 3955 908 4000 ex
929 3936 1054 4018 aliquu‚·
1079 3945 1110 4000 ot
1139 3936 1217 3999 aliud
1244 3933 1294 4008 iu,
1320 3953 1359 3996 ex

128 4059 188 4121 quo
213 4050 269 4116 εει,
292 4059 327 4104 ao
346 4041 474 4122 prolude
495 4041 648 4106 latendum
670 4047 718 4102 est
739 4040 799 4102 duo
822 4057 902 4103 esse.
945 4039 1020 4102 Nam
1041 4039 1068 4102 si
1084 4038 1143 4102 duo
1158 4053 1220 4100 uon
1236 4033 1358 4110 luerint,

195 4291 213 4327 *
230 4295 272 4348 Sio
290 4295 329 4346 blo
347 4304 371 4346 ει
387 4309 443 4348 mor
456 4297 573 4348 ursorum
591 4297 667 4347 secuti
686 4292 820 4354 reddimus,
837 4307 887 4344 rou
905 4293 976 4356 altor,
997 4299 1023 4344 nt
1040 4283 1121 4344 solent
1138 4291 1205 4357 loqui
1223 4289 1248 4342 in
1266 4289 1359 4342 sobolis

128 4363 255 4426 Theologi.
290 4364 348 4414 Vide
366 4379 440 4430 supra
459 4379 514 4429 pag.
533 4362 591 4414 553.
610 4361 647 4429 [p.
666 4363 725 4415 467.
743 4363 793 4413 bui.
812 4357 863 4428 orb]
881 4375 948 4440 num.
967 4361 992 4412 4.

126 4497 226 4560 Sessar.
250 4497 323 4550 tlosll.
347 4506 371 4549 ει
393 4499 483 4562 lngtte
501 4491 618 4565 ὑφέπη.
652 4497 716 4549 Rutu
769 4499 823 4562 gltc.
840 4492 878 4564 uir
898 4486 983 4545 αὐτοῦ
1001 4493 1050 4544 τοῦ
1066 4488 1181 4561 πατρός.
1216 4493 1245 4544 ln
1262 4491 1316 4544 aliie
1334 4498 1357 4542 ει

125 4559 267 4634 bulmo.
304 4567 380 4617 Paulo
399 4575 456 4632 post
472 4567 530 4631 lter.
548 4566 622 4618 baril.
633 4573 657 4617 ει
666 4566 717 4618 lu·
769 4567 873 4618 editione
893 4565 1009 4617 Commol.
1027 4561 1078 4614 rao
1096 4564 1171 4613 least

157 4655 494 4700 lrnumnormoemru.
1071 4647 1077 4658 '
1118 4647 1151 4700 39
