3072 5056
357 367 501 411 nrrsreu
516 369 554 412 nn
570 369 713 415 renueris
729 371 874 414 sionensis
890 371 1008 418 sanent.
1257 361 1298 426 63

82 517 174 578 stantia
196 517 347 579 diversum
369 537 449 592 esse,
472 519 621 581 latendum
643 537 716 582 sane
739 530 793 595 est,
816 529 897 582 recte
912 523 1063 602 Synodum
1085 533 1115 586 et
1137 527 1298 606 scripsisse
1308 547 1383 590 neco.

81 625 105 678 et
124 617 276 694 cogitasse.

153 721 203 781 24.
249 718 357 781 Procul
379 726 476 780 autem
497 718 568 782 binc
589 720 667 782 absit
689 722 787 782 omnis
810 723 948 802 cogitatio
964 743 1126 805 corporea3
1148 727 1201 789 scd
1226 746 1297 789 seu-

81 839 125 880 sus
144 839 246 882 omnes
268 821 485 900 praetergressi
507 840 581 900 pura
610 821 799 900 intelligentia
828 831 858 884 et
885 824 948 886 sola
969 833 1068 886 mente
1090 827 1298 908 percipiamus,

81 929 155 1001 quam
183 939 251 982 vere
279 922 320 983 sit
341 910 433 983 Filius
456 923 569 996 Patris,
598 941 685 1002 quam
707 925 828 1002 proprie
850 925 903 986 llei
925 926 965 986 sit
988 927 1130 1004 Verbum,
1160 937 1190 991 et
1210 949 1298 1010 quam

80 1025 224 1102 perlectam
256 1041 324 1084 cum
353 1023 417 1086 lucc
440 1023 662 1086 similitudinem
685 1025 827 1104 splendor
847 1026 963 1088 babeat
1007 1027 1046 1088 Ut
1067 1028 1144 1090 enim
1167 1031 1244 1092 letus
1268 1037 1299 1092 et

80 1126 147 1186 llius
167 1143 228 1186 non
250 1125 407 1186 bominum
429 1143 531 1198 more,
561 1125 613 1186 sed
636 1133 670 1186 ut
691 1125 784 1186 lleum
807 1127 906 1198 decet,
937 1136 966 1188 et
993 1128 1089 1189 dictus
1112 1137 1157 1190 est
1179 1137 1208 1190 et
1229 1149 1298 1192 vere

81 1237 134 1299 est,
158 1228 195 1288 ita
223 1245 292 1288 cum
321 1243 422 1287 rocem
447 1225 715 1290 consubstantialis
738 1226 890 1302 audimus,
922 1227 1069 1290 humanos
1098 1247 1207 1292 sensas
1236 1249 1296 1292 nou

80 1328 207 1390 debemus
229 1326 326 1407 sequi,
348 1346 405 1388 nco
425 1327 587 1388 divinitatis
609 1327 784 1406 partitiones
807 1336 858 1390 aut
880 1328 1042 1391 divisiones
1057 1329 1212 1408 fingendae
1227 1337 1297 1391 sunt

79 1429 157 1502 ullae3
185 1429 238 1490 sed
270 1438 410 1508 tanquam
433 1428 470 1490 de
492 1429 582 1490 rebus
604 1447 665 1489 non
687 1430 840 1508 corporeis
864 1430 1027 1509 cogitantes
1051 1449 1140 1492 unam
1162 1440 1298 1493 naturam

79 1539 104 1590 et
122 1531 239 1592 eandem
267 1530 365 1592 lucem
393 1548 453 1590 non
482 1530 658 1592 dividamus.
711 1529 743 1590 ld
772 1531 850 1592 enirn
878 1532 1032 1610 proprium
1061 1530 1126 1592 Filii
1155 1540 1202 1592 est
1228 1549 1298 1612 erga

78 1631 192 1704 Patrem,
215 1651 313 1711 eoque
337 1631 515 1705 ostenditur,
538 1631 632 1692 neum
654 1651 724 1692 vere
740 1632 826 1693 Verbi
843 1633 959 1694 Patrem
983 1651 1061 1694 esse.
1099 1631 1172 1694 Nam
1190 1651 1295 1695 rursus

78 1731 141 1792 lucis
162 1741 190 1794 ct
213 1731 384 1812 splendoris
408 1731 574 1812 exemplum
603 1733 639 1793 ad
668 1731 739 1792 illud
768 1733 990 1811 intelligendum
1014 1742 1060 1794 est
1083 1735 1295 1796 necessarium.

79 1835 143 1904 tluis
162 1834 251 1912 igitru
266 1833 365 1894 dicere
384 1833 499 1906 audeat,
522 1833 711 1912 splendorem
727 1833 783 1895 soli
799 1843 952 1894 externum
970 1841 999 1894 ct
1014 1832 1186 1895 dissimilem
1203 1829 1296 1894 esse‘l

78 1933 120 1994 Vel
139 1935 234 2014 polias
261 1935 340 2014 quis,
364 1933 389 1995 si
411 1934 580 2009 adverterit,
605 1953 733 2014 quonam
756 1919 847 1996 medo
871 1935 1013 2014 splendor
1027 1953 1059 1997 se
1079 1935 1114 1996 ad
1130 1934 1224 1996 solem
1239 1933 1294 1993 ba·

77 2035 135 2096 beat
154 2038 338 2115 eandemque
360 2055 429 2098 esse
450 2037 557 2108 lucem,
580 2055 642 2098 uon
664 2037 803 2098 audacter
825 2037 918 2098 dicat:
951 2038 1047 2110 „Vere
1067 2037 1117 2098 lux
1139 2042 1169 2096 et
1191 2035 1294 2114 splen-

78 2137 149 2208 „dor
168 2155 224 2198 una
249 2155 301 2198 res
325 2145 382 2210 est,
404 2137 510 2216 hicque
533 2138 563 2198 in
579 2137 625 2200 illa
643 2139 819 2212 ostenditur,
843 2146 872 2199 et
887 2139 1031 2217 splendor
1052 2139 1082 2200 in
1105 2138 1169 2200 sole
1185 2135 1294 2209 existit,

80 2239 134 2308 „ita
155 2249 185 2299 ut
206 2239 260 2319 qui
282 2237 377 2300 solem
399 2237 526 2308 viderit,
551 2240 742 2318 splendorem
764 2258 882 2319 quoque
905 2238 1058 2302 cernat?“
1103 2241 1182 2301 llaec
1202 2255 1294 2318 porro

79 2339 161 2402 unius
188 2349 217 2401 et
246 2339 389 2401 naturalis
416 2341 584 2420 proprietas
613 2341 763 2420 quomodo
793 2359 808 2401 a
837 2341 1027 2402 credentibus
1059 2359 1094 2404 ac
1125 2340 1293 2402 ridentibus

79 2449 144 2500 rede
169 2440 269 2502 uocari
297 2441 396 2520 possit
423 2440 482 2502 nisi
512 2442 770 2504 consubstantialis
800 2441 903 2504 letus?
954 2443 1028 2514 Quis
1056 2451 1152 2504 autem
1173 2440 1294 2521 proprie

79 2539 207 2620 digneque
229 2540 322 2602 alium
345 2539 396 2601 Dei
425 2541 516 2602 letum
547 2561 614 2604 esse
637 2543 784 2622 concipiet
805 2551 923 2622 practer
944 2541 1088 2615 Verbum,
1120 2541 1293 2620 sapientiam

80 2649 103 2699 et
120 2641 267 2716 virtutem,
300 2659 387 2720 imam
416 2660 487 2703 sane
514 2661 571 2704 nec
591 2644 671 2708 Patri
700 2653 850 2706 externam
879 2644 923 2704 las
953 2651 1000 2704 cst
1029 2645 1143 2716 dicere,
1171 2661 1227 2702 nec
1247 2641 1294 2701 vel

79 2740 190 2819 rogitm
217 2742 290 2804 licet
318 2760 379 2804 non
408 2761 529 2822 semper
556 2744 633 2824 apud
656 2745 776 2806 Patrem
804 2741 921 2806 luisse?
973 2743 1125 2822 Siquidem
1147 2743 1205 2802 boc
1226 2743 1292 2820 ipso

79 2841 128 2901 letu
148 2845 246 2905 omnia
270 2843 339 2905 lecit
360 2844 463 2918 Pater,
493 2863 636 2924 suamque
659 2845 689 2905 in
712 2863 761 2906 res
785 2861 889 2904 omncs
912 2843 1127 2923 providentiam
1150 2860 1204 2920 per
1226 2859 1294 2902 eum

79 2937 188 3020 benigne
210 2945 408 3020 administrat,
432 2955 519 3025 atque
541 2946 580 3007 ita
602 2947 668 3026 ipse
690 2954 719 3007 et
733 2946 822 3006 Pater
836 2962 927 3006 unum
944 2953 1022 3018 sunt,
1045 2942 1294 3022 quemadmodum

79 3039 171 3104 dictum
193 3053 258 3118 est3
280 3043 338 3105 nisi
360 3046 435 3106 lorte
457 3046 546 3108 iidem
570 3046 697 3126 improbi
718 3047 825 3108 iterum
847 3045 974 3106 audeant
995 3044 1184 3117 contendere,
1207 3043 1291 3106 aliam

80 3157 136 3202 esse
157 3145 243 3206 Verbi
266 3145 472 3220 substantiam,
497 3156 526 3208 et
547 3147 635 3209 aliam
658 3148 765 3222 lucem,
789 3166 864 3227 quae
887 3165 921 3208 ex
937 3145 1076 3224 Patrein
1097 3145 1148 3207 illo
1172 3153 1228 3220 cst,
1252 3146 1292 3208 ita

80 3247 106 3298 ut
124 3241 167 3304 lux
187 3246 318 3325 quidem,
341 3266 415 3326 quae
438 3256 484 3309 est
506 3248 537 3308 in
558 3247 644 3321 Filio,
668 3266 757 3310 unum
780 3248 820 3310 sit
842 3243 908 3309 c'nm
923 3248 1020 3320 Patre,
1042 3247 1108 3325 ipse
1129 3263 1200 3306 vero
1222 3255 1291 3307 tan-

80 3358 152 3416 tpram
172 3364 221 3408 res
244 3355 342 3408 creata
365 3347 406 3408 sit
426 3347 504 3420 Patri
528 3357 675 3410 externus.
720 3349 829 3410 Verum
857 3349 931 3409 baec
951 3348 1085 3427 prolecto
1108 3347 1236 3426 Caiphae
1262 3355 1292 3407 et

81 3441 282 3508 samosatensis
303 3456 351 3508 est
372 3447 520 3520 doctrina,
550 3467 637 3528 quam
660 3448 791 3510 Ecclesia
819 3449 936 3528 quidem
958 3446 1061 3527 procul
1084 3447 1208 3528 repulit,
1238 3447 1291 3508 sed

80 3559 152 3617 quam
173 3546 212 3608 illi
235 3549 310 3609 clam
332 3557 362 3608 et
384 3556 481 3610 astute
503 3568 583 3611 nunc
604 3557 725 3610 tuentur
746 3549 880 3629 hancque
904 3549 942 3610 ob
958 3567 1074 3610 causam
1094 3549 1153 3628 ipsi
1168 3547 1292 3610 veritato

81 3642 164 3706 relicta
184 3647 323 3710 baeretici
346 3657 416 3711 sunt
435 3649 584 3710 declarati.
629 3648 661 3710 Si
690 3649 768 3710 enim
797 3667 921 3729 prorsus
949 3650 1040 3725 lucis,
1074 3667 1149 3728 quae
1177 3659 1224 3711 est
1256 3667 1292 3710 cx

82 3739 167 3819 Patre,
191 3749 339 3828 particeps
361 3749 411 3810 ille
433 3759 492 3824 est,
521 3767 573 3810 cur
594 3768 654 3810 non
676 3750 777 3829 potius
808 3752 872 3831 ipsc
896 3750 921 3810 is
944 3760 1004 3824 est,
1034 3751 1118 3812 ouius
1146 3769 1195 3810 res
1218 3749 1292 3810 aliae

82 3839 142 3904 fitmt
159 3849 332 3930 participes,
364 3869 402 3910 ne
430 3849 541 3912 scilicet
566 3850 674 3930 aliquid
703 3850 832 3912 medium
859 3849 937 3912 inter
958 3869 1024 3912 eum
1048 3859 1077 3912 et
1097 3851 1216 3911 Patrem
1238 3866 1289 3908 re-

81 3943 213 4016 periatur?
256 3951 330 4011 Nam
353 3951 414 4012 nisi
435 3951 465 4012 id
488 3951 682 4023 concedatur,
705 3969 767 4012 non
790 3952 914 4033 amplius
939 3951 1056 4014 ostendi
1078 3950 1198 4029 poterit,
1222 3967 1289 4008 om-

81 4042 119 4102 nia
138 4063 188 4125 per
206 4051 313 4114 Filium
335 4053 410 4112 lacta
433 4069 516 4127 esse,
539 4052 593 4114 sed
614 4071 669 4132 per
690 4051 792 4126 illum,
816 4053 901 4115 cuius
925 4059 954 4113 et
976 4053 1040 4130 ipse
1063 4057 1110 4109 est
1123 4048 1289 4128 particeps.

82 4139 111 4202 ll
129 4147 151 4208 si
171 4149 234 4230 ipse
256 4162 304 4214 est
325 4152 453 4214 Verbum
476 4162 507 4214 et
528 4153 670 4232 sapientia
692 4153 806 4226 Patris,
835 4153 866 4212 in
894 4170 953 4230 quo
982 4169 1016 4212 se
1037 4150 1124 4210 Pater
1145 4151 1291 4228 patefacit,

82 4251 265 4326 agnoscitur,
290 4261 385 4326 creat,
409 4261 438 4314 et
460 4253 526 4316 sine
548 4274 607 4333 quo
630 4253 702 4316 nibil
724 4253 848 4316 omnino
870 4250 953 4326 tacit,
976 4250 1166 4314 manifestum
1188 4251 1290 4330 utique

109 4432 249 4500 astaneg
286 4437 348 4488 Elin
372 4451 428 4490 raro
445 4436 505 4492 noir
522 4439 646 4490 mendose
735 4455 755 4488 c.
775 4438 816 4488 Sic
834 4437 889 4498 lieg.
916 4435 960 4486 llli
978 4397 1033 4489 vcia
1053 4445 1077 4489 et
1094 4439 1151 4489 editi
1170 4425 1285 4498 ἢνοῧτε.

84 4494 183 4620 mm
195 4506 250 4567 neg.
287 4505 315 4556 na
333 4505 373 4556 ana
392 4515 415 4557 a
434 4507 490 4557 earn
509 4500 561 4568 τὴν
577 4503 648 4564 uso
736 4507 759 4556 a.
778 4506 835 4567 neg.
853 4495 982 4570 ἀτέχνως.
