3032 5048
400 331 516 374 cunrat
532 333 748 398 amsurmsmrr
766 333 851 378 tmen
867 334 887 378 r.
1195 317 1257 382 895

7 491 96 556 ito,
124 482 272 562 quodque
295 482 396 546 omnis
418 500 494 544 nora
515 484 591 545 iacta
613 482 691 556 siut,
715 483 840 572 uthina
861 491 995 564 potestas
1018 483 1082 546 eiua
1105 484 1343 565 explorassem.

7 593 109 646 sset.
161 584 202 646 Et
223 585 351 663 quidem·
366 601 560 686 qqamuuque
582 584 651 663 ipse
674 603 727 646 sua
749 585 900 646 voluntate
921 585 951 646 in
973 593 1077 648 natura
1099 586 1258 660 ordinavit,

7 707 23 747 a
60 694 227 766 quantum
250 683 343 746 votuit
365 685 394 746 iu
417 703 451 747 se
473 685 617 764 suscepit,
641 685 824 748 nativitatem
846 703 881 747 ex
904 685 1043 760 muliere,
1067 699 1257 768 augmentum

7 797 168 860 tatum,
193 805 338 849 annorum
362 805 528 860 numerum,
552 787 694 859 laborem,
718 787 847 850 esuriem
871 795 902 849 et
914 787 1005 862 sitim,
1027 807 1176 864 somnum,
1199 791 1257 854 do-

7 909 125 960 srem,
152 900 282 950 mortem
306 895 336 949 et
356 888 618 951 resurrectionem.
661 888 792 969 Ideoque
814 888 865 952 uhi
888 897 1059 969 corruptum
1082 891 1177 954 iuerat
1198 892 1256 954 bo-

7 990 109 1052 ninis
135 1007 267 1070 eorpus,
299 1007 335 1051 eo
359 989 445 1051 iesus
468 1007 576 1069 corpus
600 1009 688 1053 suum
711 990 859 1066 immittit,
888 999 919 1054 et
939 990 990 1054 ubi
1012 992 1108 1054 anima
1131 993 1256 1056 humana

7 1113 25 1153 n
71 1101 185 1154 morte
213 1090 417 1165 detinebatur,
445 1091 487 1154 ibi
510 1091 647 1154 Christus
678 1091 805 1155 animam
833 1093 991 1156 humanam
1021 1091 1078 1154 sihi
1107 1093 1257 1173 propriam

7 1194 176 1266 ostendit,
201 1202 234 1255 ut
255 1203 393 1273 tanquam
416 1193 506 1256 bomo
529 1193 664 1266 adesset,
694 1194 743 1274 qui
768 1195 798 1256 in
820 1203 917 1256 morte
939 1194 1065 1257 detineri
1086 1212 1147 1256 uon
1169 1201 1259 1274 pote·
1362 1263 1367 1278 ⁸

7 1307 79 1370 at,
117 1296 289 1375 mortisque
321 1295 478 1374 imperium
501 1297 629 1356 solueret
651 1303 755 1376 utpote
776 1297 873 1371 Deus,
901 1307 934 1360 ut
955 1297 1005 1360 ubi
1029 1297 1173 1360 semiusta
1196 1305 1261 1360 erat

7 1397 199 1478 :orruptic,
222 1395 281 1458 iiiio
303 1395 433 1458 oriretur
454 1395 656 1476 iueormptie,
688 1406 718 1459 et
739 1397 790 1460 ubi
811 1407 985 1478 regnaverat
1005 1417 1088 1461 mers
1111 1399 1141 1460 iu
1163 1400 1260 1462 terma

7 1499 139 1560 mimae
164 1499 329 1572 humanae,
358 1497 400 1558 ibi
422 1498 599 1560 immortalis
622 1498 671 1560 iiia
691 1517 836 1579 praesens
859 1483 1110 1566 immortaliteiem
1133 1501 1258 1564 exhihe-

9 1609 74 1674 ·et,
101 1601 211 1680 sicque
233 1618 291 1662 uos
315 1619 387 1661 suae
408 1599 642 1678 incorruptionis
665 1609 692 1662 et
716 1598 945 1666 immortalitatis
968 1603 1127 1684 participes
1143 1603 1258 1666 eonsti-

8 1709 129 1774 ureret,
155 1702 188 1762 in
209 1719 264 1780 spe
287 1701 517 1763 resurrectionis
540 1719 575 1762 ex
590 1701 727 1776 mortuis,
753 1712 786 1764 ut
804 1712 835 1765 et
850 1703 1042 1784 corruptibile
1053 1705 1111 1766 heo
1121 1705 1342 1766 intuentem.

16 1801 282 1882 ncorruptiouem
305 1810 334 1864 et
356 1802 481 1894 mortale
502 1801 560 1863 hoc
574 1802 712 1865 indueret
726 1803 986 1879 immortalitatem,
1009 1807 1259 1886 quemadmodum

9 1904 171 1982 scriptum
195 1912 252 1976 est,
276 1913 308 1965 ut
330 1903 415 1966 Sicut
434 1923 493 1985 per
515 1922 610 1966 unum
632 1905 781 1968 bominem
801 1919 956 1986 peecatum
978 1911 1109 1970 introvit
1122 1911 1155 1970 in
1169 1926 1262 1970 mutt-

7 2007 95 2068 ,daem
119 2018 149 2068 et
164 2025 229 2086 per
248 2017 403 2085 pareutum
423 2024 522 2076 mors,
553 2006 597 2068 sic
625 2014 668 2067 et·
682 2025 737 2086 per
760 2025 852 2069 unum
875 2007 1027 2070 hominem
1050 2009 1148 2076 iesum
1171 2007 1260 2070 Chri-

7 2115 103 2188 stum
132 2111 237 2186 gratio
266 2118 410 2188 regnaret
435 2111 664 2187 per-matitium
686 2113 718 2170 io
740 2112 836 2171 eitum
859 2121 1031 2181 estmorae,
1062 2117 1094 2172 ut
1116 2107 1260 2190 seriptum

8 2219 78 2270 est.
126 2207 188 2270 Gur
216 2226 287 2287 erge
310 2207 407 2270 dicitis
430 2227 487 2288 pro
509 2208 653 2271 interiore
675 2217 780 2272 uostm
807 2210 928 2272 bomine
949 2219 1079 2274 mentem
1101 2211 1259 2274 caelestem

12 2311 49 2372 in
76 2309 199 2372 Christo
224 2308 317 2372 casei
345 2329 415 2372 num
439 2310 507 2390 quia
529 2309 665 2372 hiiariam
689 2310 785 2372 diviso
811 2312 961 2374 exteriore
983 2312 1179 2376 etinteriore
1201 2313 1260 2374 ho-

7 2409 106 2496 1mine
137 2418 167 2470 et
189 2411 219 2471 in
242 2410 382 2490 sepulcre
405 2412 487 2472 etin
509 2411 627 2474 interno
651 2409 812 2491 apparuit?
855 2413 892 2475 tt
913 2431 975 2474 non
996 2421 1114 2492 poterat
1135 2414 1260 2478 aiterum
1342 2423 1351 2435 ¹

14 2531 81 2590 pro
111 2509 206 2572 altero
234 2510 265 2572 in
288 2510 503 2573 redemtionem
526 2510 607 2585 dari;
635 2513 688 2574 sed
712 2531 822 2593 eorpus
844 2531 905 2592 pro
929 2531 1057 2594 corpore
1080 2521 1111 2575 et
1131 2514 1259 2578 animam

9 2631 81 2698 pro
110 2611 207 2674 anima
236 2611 318 2676 dedit
346 2631 380 2674 eu
406 2613 567 2692 perfectam
591 2612 816 2676 subsistentiam
838 2633 894 2694 pro
918 2621 981 2676 totu
1003 2614 1136 2677 homine.
1179 2615 1259 2680 ilaec

19 2722 75 2776 est
97 2713 207 2775 Christi
235 2713 443 2786 commutatio,
473 2731 559 2794 quam
587 2714 617 2775 in
640 2713 734 2778 Cruee
756 2715 876 2794 probris
903 2717 1029 2778 affecere
1050 2714 1127 2778 vitae
1149 2715 1260 2778 inimici

8 2814 128 2884 ,iudaei
150 2825 375 2895 praetereuntes
396 2825 427 2878 et
447 2824 600 2878 moventes
622 2816 718 2896 capita
735 2833 804 2878 sua.
854 2815 958 2896 Neque
979 2815 1058 2878 enim
1080 2815 1259 2878 nudaeltei-

8 2917 97 2990 ¹tatis
131 2935 282 2980 aceessum
317 2918 453 2980 internus
480 2916 688 2993 sustinuissem
720 2918 778 2979 hoc
806 2925 835 2978 et
862 2917 1030 2998 Prophetae
1067 2926 1098 2980 et
1124 2917 1259 2999 Apostoli

26 3027 186 3081 testantur.

10 3593 13 3599 ,
121 3529 168 3591 tu.
211 3526 300 3600 Quod
322 3536 421 3590 autem
444 3527 553 3592 dictum
576 3535 633 3600 est,
656 3527 686 3587 in
701 3526 804 3588 Crucis
827 3527 1002 3588 oeconomia
1025 3525 1260 3587 animadvertero

8 3696 12 3709 .
38 3629 117 3699 lieet,
144 3647 202 3706 quo
229 3637 315 3708 pacto
344 3629 459 3688 scilieet
479 3628 625 3690 Dominus
655 3626 819 3688 emissione
847 3623 1000 3704 sanguinis
1029 3626 1127 3687 carnis
1157 3643 1258 3688 seram

8 3711 13 3732 ³
39 3729 217 3791 existentiam
239 3725 493 3800 commonstrarit,
516 3736 547 3788 st
568 3704 660 3806 aquae
683 3725 833 3788 additione
855 3724 1119 3788 incontaminatam
1140 3727 1258 3806 purita-
1314 3753 1328 3764 ·

41 3842 97 3893 tem
124 3849 155 3892 ec
182 3847 284 3892 rerum
308 3849 383 3906 ,esse
405 3847 515 3910 corpus
537 3827 591 3889 Dei
615 3826 795 3901 ostenderit,
824 3825 977 3889 clamando
1000 3835 1097 3890 autem
1119 3835 1151 3888 et
1172 3827 1258 3890 inoli-

8 3903 11 4036 ἶ
45 3931 134 3994 nando
160 3942 246 4011 caput
274 3933 471 4014 spiritumque
498 3930 651 3992 reddendo
680 3929 760 4010 quod
789 3928 866 3990 iutra
888 3928 1043 4010 proprium
1065 3947 1174 4010 corpus
1197 3937 1260 3992 erat

45 4085 186 4150 manuscripti
211 4099 296 4136 omnes
320 4095 344 4135 et
362 4085 417 4136 odit.
437 4085 571 4150 Commei.;
595 4086 619 4136 iu
671 4075 789 4140 ἔξωθεν,
815 4077 861 4130 καὶ
878 4075 1045 4140 sidrudem,
1075 4083 1098 4133 in
1123 4083 1192 4134 editis
1210 4077 1260 4131 τὸν

45 4155 97 4204 edit.
115 4154 181 4203 Paris.
200 4147 301 4222 oudpq,
322 4155 447 4204 mendose.
670 4144 774 4209 ἔξωθεν
790 4144 836 4198 καὶ
852 4143 882 4200 ἰν
899 4143 983 4217 τάφῳ
1001 4152 1099 4202 omissis
1117 4151 1212 4202 mediis.

77 4247 97 4298 d.
114 4245 186 4295 rosiae
201 4239 347 4306 torosam
372 4247 459 4296 desunt
477 4245 500 4295 iu
520 4245 618 4298 Guhier.
705 4235 728 4283 ⁸·
750 4205 884 4298 &⁶⁰5ss
910 4221 933 4269 ⁵¹¹
959 4221 1060 4298 smmi·
1094 4219 1160 4270 ΜΨ
1185 4219 1258 4298 ΜΟ

47 4325 68 4368 ει
84 4315 174 4366 felem
188 4315 209 4364 ι.
670 4296 728 4352 post
743 4300 806 4336 cert
822 4299 967 4368 perperos,
984 4296 1010 4364 ‚⁰²
1028 4301 1064 4338 arc
1082 4285 1209 4350 legendum
1224 4303 1259 4338 rt·

9 4421 10 4434 .
79 4416 97 4448 a.
113 4401 202 4456 Sequar.
222 4387 255 4447 δι’
276 4391 336 4452 iuba
360 4389 511 4464 ἀνθρώπων
526 4387 618 4457 treet
671 4355 802 4484 deff'fp?
804 4349 1032 4484 dfflffifffflss?
1034 4367 1163 4474 15:15⁶„qu
1181 4424 1258 4474 omqg.

9 4491 10 4504 ²
50 4467 164 4534 Xi‘mss·
200 4469 225 4518 ¹¹¹
245 4468 316 4518 Μ’
334 4467 403 4518 ‘¹⁰²⁸‘
421 4457 582 4534 ἀνθρώπου·
671 4507 725 4542 sam
744 4507 770 4541 er
791 4505 848 4542 mss.
867 4491 1258 4554 Sequendebter.eti'eicbm.i.

9 4573 10 4580 ¹
81 4559 95 4609 i.
120 4561 210 4624 Sequor.
239 4561 337 4614 Gohier.
367 4568 391 4612 et
414 4559 520 4612 Feictm.
541 4561 563 4610 i.
587 4552 620 4608 ri
670 4559 844 4626 supplevimus.
863 4549 1256 4626 PaoiopoetSegu.i'vsyus¹eio.
