3072 5056
180 366 203 410 8.
213 365 362 409 Dimisi!
373 364 596 408 mcnmrtscort
611 364 755 406 EPISTULA
771 364 807 405 DE
825 361 989 406 sennensis
1004 362 1146 406 ntotttsn.
1231 346 1272 408 93

75 520 154 577 νιιόονι
174 517 303 578 retundit
323 517 541 596 impudentiam
558 507 801 594 Catholicumync
815 512 994 592 Dionysium
1013 513 1105 592 picus
1123 527 1356 575 caterinen-rme.
1385 577 1386 586 ἵ

75 629 140 680 strot
158 629 184 680 et
203 617 238 680 ob
260 619 327 679 Arii
348 619 498 680 sententia
520 615 751 678 alienissimum.

141 718 186 780 lii.
227 719 344 780 anmia
363 736 463 800 parra
487 718 534 780 hic
557 717 645 780 obvio
659 717 803 796 Dionysii
824 715 898 788 ioca,
922 717 1029 798 quibus
1046 719 1136 778 tertia
1152 713 1273 776 sacculo

73 818 191 899 Dionysii
208 821 459 883 adversariorum
482 819 610 900 depuisa
632 823 821 890 criminatio,
845 828 954 899 quarto
977 817 1165 879 Arionorum
1187 815 1274 878 caiu-

72 925 139 982 nnia
158 921 242 982 somni
264 934 293 984 et
310 939 412 1000 prona
435 921 577 983 doctrina
600 921 844 1000 consummem,
864 922 941 998 pori
962 917 1102 998 hodieque
1124 921 1156 978 oi
1172 915 1274 998 pohie-

72 1035 113 1084 ont
136 1023 172 1084 od
196 1040 290 1084 nonos
319 1021 506 1102 refellendos
528 1022 676 1094 Arianos,
706 1024 759 1102 qni
781 1019 870 1081 Verbi
897 1020 1034 1082 deitatem
1056 1018 1136 1080 hand
1156 1023 1274 1080 minore

73 1141 142 1202 puoso
167 1127 264 1203 prisci
288 1122 338 1184 tttt
366 1125 517 1204 impietate
540 1133 732 1203 oppnynaut,
761 1123 868 1204 quique
890 1138 977 1182 snam
999 1122 1179 1180 sententiam
1200 1137 1274 1182 ven-

72 1228 151 1286 titoni
178 1235 211 1286 ut
239 1223 399 1304 prioribus
421 1221 572 1286 Ecclesiae
602 1222 731 1285 soecuh's
759 1221 850 1303 eulpa
881 1231 1042 1301 receptam.
1086 1219 1219 1302 Namque
1239 1231 1276 1283 nt

71 1338 169 1386 caetera
189 1339 301 1388 taceam
324 1342 362 1386 en
383 1329 431 1395 iis,
455 1343 531 1404 puae
552 1343 634 1386 aum.
652 1327 702 1387 19.
725 1323 884 1396 habentur,
906 1323 1033 1402 planum
1054 1329 1108 1393 est,
1132 1339 1219 1383 voces
1234 1319 1275 1380 tt-

71 1423 107 1486 las
124 1421 154 1488 ἔκ
173 1424 228 1508 τῆς
250 1417 367 1500 οδοίας
389 1435 418 1487 et
440 1417 620 1506 ὃμοοάσιον
643 1429 702 1487 iam
718 1435 780 1487 tum
796 1397 928 1486 usitat⁸as
944 1421 1145 1504 ouiyatasyue
1157 1423 1274 1501 fuisse,-

71 1530 104 1588 ita
126 1513 155 1588 s't
182 1529 215 1588 de
240 1525 316 1588 Filio
341 1525 507 1606 loquentem
530 1545 565 1588 ea
588 1527 681 1590 cerba
703 1531 893 1607 inpuynasse
916 1543 1077 1587 erroneum
1100 1523 1273 1591 haberetur,

70 1631 181 1690 omisisse
201 1631 411 1708 suspiciosum.
456 1628 574 1690 Dmenet
596 1646 667 1692 vero
692 1629 829 1690 omnibus
853 1627 921 1689 abiis
936 1625 1081 1706 Dionysii
1100 1627 1187 1689 dictis
1204 1623 1275 1688 haec

66 1729 206 1806 praeclara
236 1733 399 1810 aureisque
426 1731 560 1809 apicibus
584 1729 741 1790 morando
764 1731 927 1800 sententio,
957 1747 1015 1808 pun
1039 1745 1139 1790 omnes
1159 1727 1275 1806 profli-

67 1843 161 1905 yantnr
174 1833 322 1894 adversus
339 1825 513 1891 Trinitatem
531 1830 654 1891 obortae
671 1830 818 1901 haereses,
835 1847 916 1890 num.
935 1831 984 1892 17.
1008 1820 1095 1891 οὕτω
1109 1825 1169 1909 μὲν
1180 1819 1275 1909 ἡμεῖς

68 1927 106 2004 εἴς
123 1953 154 1994 cs
172 1927 228 2014 ripn
249 1927 372 2012 τριάδα
393 1925 451 2012 τὴν
472 1926 603 2011 μονάδα
616 1925 825 2011 πλονάνομεν
841 1922 1039 2012 ἀδιαίρετον,
1061 1927 1115 1993 καὶ
1131 1924 1189 2011 τὴν
1203 1949 1275 2011 τρι-

68 2027 118 2093 άδα
142 2029 239 2096 πάλιν
263 2025 429 2112 άμείωτον
452 2029 499 2108 εἰς
519 2027 577 2114 τὴν
598 2027 728 2114 μονάδα
751 2028 1096 2116 συγαεφαλαιούμεδα.
1143 2030 1194 2092 Sic
1216 2049 1272 2091 nos

69 2131 165 2209 quidem
188 2133 340 2196 Unitatem
373 2131 583 2194 indivisibilem
617 2133 648 2196 in
671 2131 845 2194 Trinitatem
876 2133 1049 2209 dilatamus,
1082 2152 1116 2195 sc
1144 2131 1273 2194 vicissim

69 2229 227 2310 Trinitatem,
250 2253 329 2315 quse
351 2235 486 2298 imminui
508 2236 622 2315 nequit,
645 2234 677 2296 in
698 2233 845 2297 Unitstem
869 2234 1083 2297 contrahimus.
1127 2233 1209 2296 Haec
1224 2237 1274 2295 iu-

69 2351 137 2411 ptam
161 2342 326 2409 sententia,
355 2355 430 2418 puae
456 2341 489 2398 in
518 2339 654 2400 omnibns
685 2335 807 2399 Graccis
830 2335 991 2400 Athanasii
1017 2337 1103 2398 editis
1131 2335 1273 2398 hacteuus

70 2434 284 2511 desiderabatur,
309 2443 370 2499 iam
388 2443 490 2519 primo
509 2437 621 2501 Graece
639 2441 745 2520 prodit
768 2443 900 2500 omnium
921 2437 981 2518 pide
994 2440 1275 2517 manuscriptorum

70 2541 196 2602 restituta.
242 2537 390 2620 Coliopsa
411 2544 518 2621 qnippe
540 2539 611 2618 suit,
636 2541 717 2623 qnod
738 2557 824 2601 noces
847 2534 966 2622 τριάδα
989 2549 1017 2601 et
1038 2533 1168 2620 μονάδα
1190 2541 1274 2600 semt-

70 2634 127 2696 titer
145 2646 255 2704 omnino
282 2642 464 2702 desinerent.

134 2737 174 2802 ih'.
215 2741 254 2804 tn
278 2759 354 2804 vero
376 2760 438 2803 non
461 2743 531 2805 haec
553 2761 616 2806 una
638 2762 677 2805 eac
693 2741 806 2805 Groeco
831 2753 916 2804 testu
939 2741 1093 2802 occiderat
1109 2741 1359 2811 sententio3nms.

66 2838 159 2902 multae
178 2847 288 2924 quippe
311 2841 389 2904 ah'ae
412 2849 539 2905 suntin
562 2845 616 2908 hoc
639 2843 769 2926 epistola
790 2847 1020 2905 amanuensium
1042 2845 1115 2902 nitio
1140 2843 1274 2911 omissae,

66 2941 130 3016 ynod
153 2945 287 3008 videlicet
318 2945 394 3006 duae
416 2955 634 3026 consequenter
652 2951 773 3027 positae
796 2943 950 3006 ciausniae
973 2943 1021 3006 oei
1042 2945 1141 3005 eodem
1163 2941 1211 3003 oei
1232 2945 1276 3003 si-

67 3039 158 3110 nih'ter
177 3046 333 3108 desinente
356 3065 426 3107 ooce
450 3048 608 3122 caderent;
633 3067 707 3129 puae
731 3066 832 3108 omnes
850 3051 1033 3128 optimorum
1048 3048 1275 3124 manuscripto-

67 3156 120 3200 rum
140 3163 190 3224 ope
211 3151 273 3210 iam
298 3159 371 3210 snut
391 3146 525 3226 feliciter
549 3132 716 3210 restitutae.
762 3147 799 3208 to
828 3167 901 3210 sane
930 3148 1008 3210 nihii
1028 3149 1221 3230 frequentius
1244 3151 1275 3208 in

67 3249 115 3302 toto
135 3245 295 3312 Athanasii
320 3267 448 3329 operum
477 3251 606 3310 decursu
634 3250 735 3312 videre
764 3259 824 3320 est,
849 3269 937 3330 quam
960 3249 1116 3312 chasrsnhnc
1139 3251 1275 3327 inteyroe

67 3339 108 3404 hoc
128 3345 225 3428 lapsus
247 3368 359 3431 yenere
377 3355 623 3430 praetermissae.
660 3349 697 3412 Ut
713 3350 761 3412 nel
775 3351 843 3412 hinc
854 3351 958 3431 palam
973 3351 1109 3413 omnibus
1123 3355 1170 3422 sit,
1187 3369 1276 3432 ynam

67 3456 217 3512 necessario
239 3453 342 3532 suerit
364 3469 444 3513 nova
467 3453 599 3514 eiusdem
620 3457 721 3513 sancti
739 3451 884 3515 Doctoris
909 3471 1033 3533 opernm
1055 3455 1155 3515 editio.

133 3549 162 3610 V.
209 3553 302 3626 Quod
328 3563 428 3615 autem
449 3553 611 3625 Eusebius,
641 3558 694 3635 qni
713 3551 855 3632 Dionysii
873 3565 957 3636 ycsto
977 3554 1047 3633 [use
1069 3558 1143 3616 satis
1163 3570 1276 3633 prose-

66 3651 161 3726 mitur,
183 3671 220 3716 ne
241 3655 371 3717 uerbum
393 3655 509 3736 quidem
532 3655 566 3716 de
589 3655 643 3717 hac
667 3653 798 3717 historio
818 3657 935 3736 fecerit,
960 3656 1028 3717 hinc
1050 3673 1123 3716 sanc
1146 3665 1276 3734 anyetur

66 3749 114 3808 ian
133 3753 249 3834 culpata
273 3757 309 3818 de
331 3761 398 3836 ipso
420 3759 566 3836 nimisque
587 3755 679 3836 firma
695 3757 862 3819 Arionismi
882 3761 1024 3838 suspicio.
1072 3755 1184 3818 Callide
1195 3771 1275 3834 pro-

64 3847 130 3922 tecto
151 3861 243 3918 tocnit
267 3857 389 3919 haeresi
409 3875 482 3920 suae
505 3861 664 3920 exitiosam
689 3859 856 3929 historiam,
880 3878 968 3941 prtum
990 3861 1151 3926 incautius,
1174 3863 1209 3914 ut
1231 3855 1275 3912 ait

64 3949 245 4030 Athanasius,
277 3958 335 4020 ob'i
355 3959 466 4020 Ariani
492 3963 525 4021 in
554 3977 696 4041 suamquc
714 3963 878 4041 perniciem
901 3959 1094 4038 eouhyaruut.
1140 3955 1275 4034 Apparet

64 4063 146 4114 antem
166 4075 203 4118 en
225 4060 405 4141 quibusdam
428 4059 517 4122 huius
541 4060 685 4142 epistolae
709 4059 797 4137 locis,
821 4067 919 4141 ipsum
941 4061 1047 4122 Arium
1070 4058 1104 4120 de
1126 4055 1273 4134 Dionysio

65 4167 196 4218 tenorem
218 4159 309 4222 ibium
331 4165 500 4241 sparsisse;
525 4165 588 4224 nisi
606 4162 691 4240 [orte
714 4166 828 4242 tropice
843 4163 950 4223 Areum
961 4177 1022 4240 pra
1039 4158 1162 4219 Arianis
1179 4155 1274 4218 Atho-

65 4259 152 4318 rosius
179 4262 343 4342 siynificet,
377 4281 463 4342 quem
494 4265 563 4324 item
585 4263 692 4324 Arium
714 4265 803 4345 puosi
823 4264 1018 4341 superstitem
1041 4257 1203 4342 aliquando
1226 4257 1274 4320 ho-

64 4369 179 4428 yuentem
200 4363 332 4434 inducit,
356 4367 477 4425 temetsi
497 4363 574 4426 hanc
597 4364 754 4444 epistolam
773 4373 845 4443 past
867 4363 1042 4441 defunctum
1064 4360 1172 4424 Arium
1194 4363 1274 4422 scri-

62 4462 129 4527 Dtm
147 4461 246 4539 sitisse
267 4469 322 4526 oin
343 4469 491 4546 quispiam
515 4467 555 4526 sit
577 4465 737 4530 dubitandi
757 4463 851 4528 locus.

503 4607 807 4622 —ffl——fl—-d
