<?xml version="1.0" encoding="UTF-8"?>
<!DOCTYPE html PUBLIC "-//W3C//DTD XHTML 1.0 Transitional//EN"
    "http://www.w3.org/TR/xhtml1/DTD/xhtml1-transitional.dtd">
<html xmlns="http://www.w3.org/1999/xhtml" xml:lang="en" lang="en">
 <head>
  <title>
</title>
<meta http-equiv="Content-Type" content="text/html;charset=utf-8" />
  <meta name='ocr-system' content='tesseract 3.04.00' />
  <meta name='ocr-capabilities' content='ocr_page ocr_carea ocr_par ocr_line ocrx_word'/>
</head>
<body>
  <div class='ocr_page' id='page_1' title='image "./sanctiathanasii01athagoog_0720.png"; bbox 0 0 3158 5050; ppageno 0'>
   <div class='ocr_carea' id='block_1_1' title="bbox 502 335 1333 420">
    <p class='ocr_par' dir='ltr' id='par_1_1' title="bbox 502 335 1333 420">
     <span class='ocr_line' id='line_1_1' title="bbox 502 335 1333 420; baseline 0.012 -30"><span class='ocrx_word' id='word_1_1' title='bbox 502 347 646 392; x_wconf 82' lang='lat' dir='ltr'><strong>srrsrom</strong></span> <span class='ocrx_word' id='word_1_2' title='bbox 661 349 682 390; x_wconf 87' lang='lat'><strong>1.</strong></span> <span class='ocrx_word' id='word_1_3' title='bbox 699 347 734 390; x_wconf 85' lang='lat' dir='ltr'><strong>sn</strong></span> <span class='ocrx_word' id='word_1_4' title='bbox 750 347 946 394; x_wconf 80' lang='lat' dir='ltr'><strong>ssnarmnmr.</strong></span> <span class='ocrx_word' id='word_1_5' title='bbox 1218 401 1224 420; x_wconf 50' lang='lat'><em>,</em></span> <span class='ocrx_word' id='word_1_6' title='bbox 1269 335 1333 400; x_wconf 80' lang='lat' dir='ltr'><strong>ort</strong></span> 
     </span>
    </p>
   </div>
   <div class='ocr_carea' id='block_1_2' title="bbox 69 497 1465 2915">
    <p class='ocr_par' dir='ltr' id='par_1_2' title="bbox 69 497 1465 2915">
     <span class='ocr_line' id='line_1_2' title="bbox 69 497 1418 582; baseline -0.001 -20"><span class='ocrx_word' id='word_1_7' title='bbox 69 500 214 564; x_wconf 58' lang='lat' dir='ltr'><strong>*Ariani</strong></span> <span class='ocrx_word' id='word_1_8' title='bbox 236 499 354 580; x_wconf 85' lang='lat' dir='ltr'><strong>quidem</strong></span> <span class='ocrx_word' id='word_1_9' title='bbox 377 499 434 560; x_wconf 86' lang='lat' dir='ltr'><strong>etsi</strong></span> <span class='ocrx_word' id='word_1_10' title='bbox 456 517 630 578; x_wconf 81' lang='lat' dir='ltr'><strong>corpoream</strong></span> <span class='ocrx_word' id='word_1_11' title='bbox 651 497 739 560; x_wconf 80' lang='lat' dir='ltr'><strong>Verbi</strong></span> <span class='ocrx_word' id='word_1_12' title='bbox 768 499 966 579; x_wconf 86' lang='lat' dir='ltr'><strong>praesentiam</strong></span> <span class='ocrx_word' id='word_1_13' title='bbox 995 509 1025 563; x_wconf 89' lang='lat' dir='ltr'><strong>et</strong></span> <span class='ocrx_word' id='word_1_14' title='bbox 1052 521 1126 582; x_wconf 86' lang='lat' dir='ltr'><strong>quae</strong></span> <span class='ocrx_word' id='word_1_15' title='bbox 1153 501 1216 564; x_wconf 91' lang='lat' dir='ltr'><strong>eius</strong></span> <span class='ocrx_word' id='word_1_16' title='bbox 1245 497 1418 566; x_wconf 75' lang='lat' dir='ltr'><strong>causinub.</strong></span> 
     </span>
     <span class='ocr_line' id='line_1_3' title="bbox 94 599 1332 681; baseline 0.003 -17"><span class='ocrx_word' id='word_1_17' title='bbox 94 603 189 664; x_wconf 82' lang='lat' dir='ltr'><strong>(licta</strong></span> <span class='ocrx_word' id='word_1_18' title='bbox 213 608 283 664; x_wconf 90' lang='lat' dir='ltr'><strong>sunt</strong></span> <span class='ocrx_word' id='word_1_19' title='bbox 305 619 367 671; x_wconf 90' lang='lat' dir='ltr'><strong>non</strong></span> <span class='ocrx_word' id='word_1_20' title='bbox 389 599 600 681; x_wconf 77' lang='lat' dir='ltr'><strong>intelligerent,</strong></span> <span class='ocrx_word' id='word_1_21' title='bbox 623 619 658 662; x_wconf 87' lang='lat' dir='ltr'><strong>ex</strong></span> <span class='ocrx_word' id='word_1_22' title='bbox 679 600 725 662; x_wconf 91' lang='lat' dir='ltr'><strong>his</strong></span> <span class='ocrx_word' id='word_1_23' title='bbox 749 607 846 663; x_wconf 71' lang='lat' dir='ltr'><strong>umen</strong></span> <span class='ocrx_word' id='word_1_24' title='bbox 869 603 1056 666; x_wconf 80' lang='lat' dir='ltr'><strong>occasionem</strong></span> <span class='ocrx_word' id='word_1_25' title='bbox 1084 623 1155 666; x_wconf 87' lang='lat' dir='ltr'><strong>suae</strong></span> <span class='ocrx_word' id='word_1_26' title='bbox 1177 606 1332 668; x_wconf 88' lang='lat' dir='ltr'><strong>oommini-</strong></span> 
     </span>
     <span class='ocr_line' id='line_1_4' title="bbox 93 693 1335 783; baseline 0.003 -17"><span class='ocrx_word' id='word_1_27' title='bbox 93 704 240 766; x_wconf 81' lang='lat' dir='ltr'><strong>scendae</strong></span> <span class='ocrx_word' id='word_1_28' title='bbox 261 703 396 766; x_wconf 91' lang='lat' dir='ltr'><strong>haeresis</strong></span> <span class='ocrx_word' id='word_1_29' title='bbox 418 702 640 783; x_wconf 85' lang='lat' dir='ltr'><strong>improbissime</strong></span> <span class='ocrx_word' id='word_1_30' title='bbox 662 702 738 764; x_wconf 83' lang='lat' dir='ltr'><strong>nacti</strong></span> <span class='ocrx_word' id='word_1_31' title='bbox 755 693 813 764; x_wconf 85' lang='lat' dir='ltr'><strong>llei</strong></span> <span class='ocrx_word' id='word_1_32' title='bbox 835 703 938 767; x_wconf 88' lang='lat' dir='ltr'><strong>hostes</strong></span> <span class='ocrx_word' id='word_1_33' title='bbox 967 725 1034 768; x_wconf 88' lang='lat' dir='ltr'><strong>esse</strong></span> <span class='ocrx_word' id='word_1_34' title='bbox 1057 715 1087 768; x_wconf 91' lang='lat' dir='ltr'><strong>et</strong></span> <span class='ocrx_word' id='word_1_35' title='bbox 1105 725 1175 770; x_wconf 87' lang='lat' dir='ltr'><strong>rere</strong></span> <span class='ocrx_word' id='word_1_36' title='bbox 1197 707 1335 770; x_wconf 85' lang='lat' dir='ltr'><strong>deterre</strong></span> 
     </span>
     <span class='ocr_line' id='line_1_5' title="bbox 97 804 1333 887; baseline 0.003 -21"><span class='ocrx_word' id='word_1_37' title='bbox 97 806 212 867; x_wconf 89' lang='lat' dir='ltr'><strong>inania</strong></span> <span class='ocrx_word' id='word_1_38' title='bbox 233 805 314 884; x_wconf 90' lang='lat' dir='ltr'><strong>loqui</strong></span> <span class='ocrx_word' id='word_1_39' title='bbox 337 804 460 866; x_wconf 80' lang='lat' dir='ltr'><strong>convicti</strong></span> <span class='ocrx_word' id='word_1_40' title='bbox 484 813 563 866; x_wconf 87' lang='lat' dir='ltr'><strong>sunt.</strong></span> <span class='ocrx_word' id='word_1_41' title='bbox 607 804 667 864; x_wconf 90' lang='lat' dir='ltr'><strong>llos</strong></span> <span class='ocrx_word' id='word_1_42' title='bbox 690 823 759 866; x_wconf 88' lang='lat' dir='ltr'><strong>rero</strong></span> <span class='ocrx_word' id='word_1_43' title='bbox 782 805 927 868; x_wconf 89' lang='lat' dir='ltr'><strong>undenam</strong></span> <span class='ocrx_word' id='word_1_44' title='bbox 951 825 1061 887; x_wconf 90' lang='lat' dir='ltr'><strong>quaeso</strong></span> <span class='ocrx_word' id='word_1_45' title='bbox 1083 808 1115 870; x_wconf 90' lang='lat' dir='ltr'><strong>in</strong></span> <span class='ocrx_word' id='word_1_46' title='bbox 1137 827 1268 872; x_wconf 91' lang='lat' dir='ltr'><strong>errorem</strong></span> <span class='ocrx_word' id='word_1_47' title='bbox 1284 809 1333 870; x_wconf 89' lang='lat' dir='ltr'><strong>in·</strong></span> 
     </span>
     <span class='ocr_line' id='line_1_6' title="bbox 100 905 1332 986; baseline 0.003 -18"><span class='ocrx_word' id='word_1_48' title='bbox 100 908 193 970; x_wconf 83' lang='lat' dir='ltr'><strong>ducti</strong></span> <span class='ocrx_word' id='word_1_49' title='bbox 216 905 313 968; x_wconf 79' lang='lat' dir='ltr'><strong>estis?</strong></span> <span class='ocrx_word' id='word_1_50' title='bbox 357 907 432 979; x_wconf 84' lang='lat' dir='ltr'><strong>Quis</strong></span> <span class='ocrx_word' id='word_1_51' title='bbox 455 925 508 966; x_wconf 84' lang='lat' dir='ltr'><strong>vos</strong></span> <span class='ocrx_word' id='word_1_52' title='bbox 531 906 571 967; x_wconf 92' lang='lat' dir='ltr'><strong>ita</strong></span> <span class='ocrx_word' id='word_1_53' title='bbox 593 905 702 979; x_wconf 88' lang='lat' dir='ltr'><strong>docuit,</strong></span> <span class='ocrx_word' id='word_1_54' title='bbox 725 907 771 967; x_wconf 90' lang='lat' dir='ltr'><strong>vel</strong></span> <span class='ocrx_word' id='word_1_55' title='bbox 792 907 859 986; x_wconf 81' lang='lat' dir='ltr'><strong>quis</strong></span> <span class='ocrx_word' id='word_1_56' title='bbox 875 908 992 970; x_wconf 87' lang='lat' dir='ltr'><strong>tandem</strong></span> <span class='ocrx_word' id='word_1_57' title='bbox 1006 909 1112 972; x_wconf 88' lang='lat' dir='ltr'><strong>modus</strong></span> <span class='ocrx_word' id='word_1_58' title='bbox 1132 910 1225 972; x_wconf 81' lang='lat' dir='ltr'><strong>vestri</strong></span> <span class='ocrx_word' id='word_1_59' title='bbox 1247 929 1332 974; x_wconf 87' lang='lat' dir='ltr'><strong>erro-</strong></span> 
     </span>
     <span class='ocr_line' id='line_1_7' title="bbox 99 999 1399 1088; baseline 0.004 -17"><span class='ocrx_word' id='word_1_60' title='bbox 99 1007 199 1071; x_wconf 76' lang='lat' dir='ltr'><strong>rist.</strong></span> <span class='ocrx_word' id='word_1_61' title='bbox 224 1007 403 1088; x_wconf 51' lang='lat' dir='ltr'><strong>„Legimus</strong></span> <span class='ocrx_word' id='word_1_62' title='bbox 432 1007 583 1088; x_wconf 90' lang='lat' dir='ltr'><strong>inquiunt,</strong></span> <span class='ocrx_word' id='word_1_63' title='bbox 611 1009 641 1069; x_wconf 89' lang='lat' dir='ltr'><strong>in</strong></span> <span class='ocrx_word' id='word_1_64' title='bbox 663 999 811 1087; x_wconf 77' lang='lat' dir='ltr'><strong>Propheta</strong></span> <span class='ocrx_word' id='word_1_65' title='bbox 832 1008 922 1070; x_wconf 83' lang='lat' dir='ltr'><strong>hmos</strong></span> <span class='ocrx_word' id='word_1_66' title='bbox 951 1009 1023 1074; x_wconf 88' lang='lat' dir='ltr'><strong>haee</strong></span> <span class='ocrx_word' id='word_1_67' title='bbox 1044 1010 1098 1072; x_wconf 83' lang='lat' dir='ltr'><strong>llei</strong></span> <span class='ocrx_word' id='word_1_68' title='bbox 1118 1011 1223 1072; x_wconf 85' lang='lat' dir='ltr'><strong>verbe:</strong></span> <span class='ocrx_word' id='word_1_69' title='bbox 1254 1012 1335 1087; x_wconf 81' lang='lat' dir='ltr'><strong>Quis</strong></span> <span class='ocrx_word' id='word_1_70' title='bbox 1395 1025 1399 1032; x_wconf 86' lang='grc'><em>“</em></span> 
     </span>
     <span class='ocr_line' id='line_1_8' title="bbox 99 1099 1465 1191; baseline 0.003 -19"><span class='ocrx_word' id='word_1_71' title='bbox 99 1129 205 1185; x_wconf 82' lang='lat' dir='ltr'><strong>„eree</strong></span> <span class='ocrx_word' id='word_1_72' title='bbox 227 1129 279 1191; x_wconf 75' lang='lat' dir='ltr'><strong>epo</strong></span> <span class='ocrx_word' id='word_1_73' title='bbox 301 1109 431 1190; x_wconf 74' lang='lat' dir='ltr'><strong>firmans</strong></span> <span class='ocrx_word' id='word_1_74' title='bbox 455 1115 573 1173; x_wconf 77' lang='lat' dir='ltr'><strong>tonitru</strong></span> <span class='ocrx_word' id='word_1_75' title='bbox 595 1118 624 1172; x_wconf 83' lang='lat' dir='ltr'><strong>et</strong></span> <span class='ocrx_word' id='word_1_76' title='bbox 646 1127 753 1174; x_wconf 77' lang='lat' dir='ltr'><strong>eronus</strong></span> <span class='ocrx_word' id='word_1_77' title='bbox 776 1114 920 1190; x_wconf 75' lang='lat' dir='ltr'><strong>spirirum</strong></span> <span class='ocrx_word' id='word_1_78' title='bbox 945 1122 975 1174; x_wconf 83' lang='lat' dir='ltr'><strong>et</strong></span> <span class='ocrx_word' id='word_1_79' title='bbox 1006 1118 1196 1175; x_wconf 80' lang='lat' dir='ltr'><strong>annuncians</strong></span> <span class='ocrx_word' id='word_1_80' title='bbox 1219 1114 1258 1175; x_wconf 79' lang='lat' dir='ltr'><strong>ud</strong></span> <span class='ocrx_word' id='word_1_81' title='bbox 1279 1113 1332 1176; x_wconf 87' lang='lat' dir='ltr'><strong>ho-</strong></span> <span class='ocrx_word' id='word_1_82' title='bbox 1434 1099 1436 1104; x_wconf 61' lang='grc'><strong>’</strong></span> <span class='ocrx_word' id='word_1_83' title='bbox 1462 1115 1465 1122; x_wconf 87' lang='grc'><strong>“</strong></span> 
     </span>
     <span class='ocr_line' id='line_1_9' title="bbox 98 1201 1335 1294; baseline 0 -20"><span class='ocrx_word' id='word_1_84' title='bbox 98 1215 233 1286; x_wconf 77' lang='lat' dir='ltr'><strong>„suiuus</strong></span> <span class='ocrx_word' id='word_1_85' title='bbox 258 1211 413 1275; x_wconf 72' lang='lat' dir='ltr'><strong>Christum</strong></span> <span class='ocrx_word' id='word_1_86' title='bbox 433 1216 506 1284; x_wconf 72' lang='lat' dir='ltr'><strong>eura,</strong></span> <span class='ocrx_word' id='word_1_87' title='bbox 528 1212 646 1291; x_wconf 74' lang='lat' dir='ltr'><strong>[ueiens</strong></span> <span class='ocrx_word' id='word_1_88' title='bbox 670 1201 837 1274; x_wconf 80' lang='lat' dir='ltr'><strong>diluculum</strong></span> <span class='ocrx_word' id='word_1_89' title='bbox 857 1221 886 1274; x_wconf 84' lang='lat' dir='ltr'><strong>et</strong></span> <span class='ocrx_word' id='word_1_90' title='bbox 907 1213 1046 1276; x_wconf 63' lang='lat' dir='ltr'><strong>numiam</strong></span> <span class='ocrx_word' id='word_1_91' title='bbox 1068 1224 1096 1276; x_wconf 83' lang='lat' dir='ltr'><strong>et</strong></span> <span class='ocrx_word' id='word_1_92' title='bbox 1115 1214 1258 1294; x_wconf 78' lang='lat' dir='ltr'><strong>prodiens</strong></span> <span class='ocrx_word' id='word_1_93' title='bbox 1281 1233 1335 1274; x_wconf 87' lang='lat' dir='ltr'><strong>su·</strong></span> 
     </span>
     <span class='ocr_line' id='line_1_10' title="bbox 98 1311 1336 1396; baseline 0 -20"><span class='ocrx_word' id='word_1_94' title='bbox 98 1333 195 1396; x_wconf 83' lang='lat' dir='ltr'><strong>„per</strong></span> <span class='ocrx_word' id='word_1_95' title='bbox 224 1313 344 1390; x_wconf 77' lang='lat' dir='ltr'><strong>eurslsp</strong></span> <span class='ocrx_word' id='word_1_96' title='bbox 372 1323 488 1386; x_wconf 80' lang='lat' dir='ltr'><strong>terroe,</strong></span> <span class='ocrx_word' id='word_1_97' title='bbox 521 1313 670 1376; x_wconf 85' lang='lat' dir='ltr'><strong>Dominus</strong></span> <span class='ocrx_word' id='word_1_98' title='bbox 692 1311 775 1374; x_wconf 78' lang='lat' dir='ltr'><strong>Deus</strong></span> <span class='ocrx_word' id='word_1_99' title='bbox 805 1317 991 1393; x_wconf 82' lang='lat' dir='ltr'><strong>omnipotens</strong></span> <span class='ocrx_word' id='word_1_100' title='bbox 1021 1333 1128 1376; x_wconf 81' lang='lat' dir='ltr'><strong>nomen</strong></span> <span class='ocrx_word' id='word_1_101' title='bbox 1149 1319 1218 1395; x_wconf 76' lang='lat' dir='ltr'><strong>ipsi.</strong></span> <span class='ocrx_word' id='word_1_102' title='bbox 1262 1313 1336 1376; x_wconf 87' lang='lat' dir='ltr'><strong>ludo</strong></span> 
     </span>
     <span class='ocr_line' id='line_1_11' title="bbox 102 1405 1335 1494; baseline 0.001 -17"><span class='ocrx_word' id='word_1_103' title='bbox 102 1415 258 1490; x_wconf 85' lang='lat' dir='ltr'><strong>„adducti</strong></span> <span class='ocrx_word' id='word_1_104' title='bbox 280 1415 408 1488; x_wconf 87' lang='lat' dir='ltr'><strong>luimus,</strong></span> <span class='ocrx_word' id='word_1_105' title='bbox 430 1405 465 1476; x_wconf 86' lang='lat' dir='ltr'><strong>&#39;ut</strong></span> <span class='ocrx_word' id='word_1_106' title='bbox 484 1415 621 1488; x_wconf 74' lang='lat' dir='ltr'><strong>Arianis,</strong></span> <span class='ocrx_word' id='word_1_107' title='bbox 641 1414 690 1494; x_wconf 91' lang='lat' dir='ltr'><strong>qui</strong></span> <span class='ocrx_word' id='word_1_108' title='bbox 712 1414 855 1493; x_wconf 87' lang='lat' dir='ltr'><strong>Spiritum</strong></span> <span class='ocrx_word' id='word_1_109' title='bbox 876 1424 1010 1477; x_wconf 87' lang='lat' dir='ltr'><strong>sanetum</strong></span> <span class='ocrx_word' id='word_1_110' title='bbox 1032 1435 1095 1478; x_wconf 91' lang='lat' dir='ltr'><strong>rem</strong></span> <span class='ocrx_word' id='word_1_111' title='bbox 1118 1425 1244 1478; x_wconf 70' lang='lat' dir='ltr'><strong>meeum</strong></span> <span class='ocrx_word' id='word_1_112' title='bbox 1265 1434 1335 1478; x_wconf 88' lang='lat' dir='ltr'><strong>esse</strong></span> 
     </span>
     <span class='ocr_line' id='line_1_12' title="bbox 100 1503 1334 1598; baseline -0.001 -19"><span class='ocrx_word' id='word_1_113' title='bbox 100 1517 262 1594; x_wconf 86' lang='lat' dir='ltr'><strong>„doeent,</strong></span> <span class='ocrx_word' id='word_1_114' title='bbox 294 1503 546 1580; x_wconf 71' lang='lat' dir='ltr'><strong>assentiremur.“&#39;</strong></span> <span class='ocrx_word' id='word_1_115' title='bbox 584 1516 627 1578; x_wconf 79' lang='lat' dir='ltr'><strong>bn</strong></span> <span class='ocrx_word' id='word_1_116' title='bbox 657 1535 727 1596; x_wconf 91' lang='lat' dir='ltr'><strong>ergo</strong></span> <span class='ocrx_word' id='word_1_117' title='bbox 756 1516 836 1596; x_wconf 87' lang='lat' dir='ltr'><strong>qnod</strong></span> <span class='ocrx_word' id='word_1_118' title='bbox 865 1518 942 1595; x_wconf 88' lang='lat' dir='ltr'><strong>apud</strong></span> <span class='ocrx_word' id='word_1_119' title='bbox 969 1519 1060 1580; x_wconf 81' lang='lat' dir='ltr'><strong>Amos</strong></span> <span class='ocrx_word' id='word_1_120' title='bbox 1090 1526 1185 1598; x_wconf 79' lang='lat' dir='ltr'><strong>exstat</strong></span> <span class='ocrx_word' id='word_1_121' title='bbox 1210 1517 1334 1597; x_wconf 80' lang='lat' dir='ltr'><strong>legistis,</strong></span> 
     </span>
     <span class='ocr_line' id='line_1_13' title="bbox 99 1617 1334 1700; baseline 0 -18"><span class='ocrx_word' id='word_1_122' title='bbox 99 1621 190 1700; x_wconf 86' lang='lat' dir='ltr'><strong>quod</strong></span> <span class='ocrx_word' id='word_1_123' title='bbox 213 1627 310 1682; x_wconf 90' lang='lat' dir='ltr'><strong>autern</strong></span> <span class='ocrx_word' id='word_1_124' title='bbox 333 1619 364 1680; x_wconf 88' lang='lat' dir='ltr'><strong>in</strong></span> <span class='ocrx_word' id='word_1_125' title='bbox 378 1617 547 1680; x_wconf 80' lang='lat' dir='ltr'><strong>Proverbiis</strong></span> <span class='ocrx_word' id='word_1_126' title='bbox 570 1617 692 1680; x_wconf 87' lang='lat' dir='ltr'><strong>dicitur:</strong></span> <span class='ocrx_word' id='word_1_127' title='bbox 714 1617 862 1680; x_wconf 81' lang='lat' dir='ltr'><strong>Dominus</strong></span> <span class='ocrx_word' id='word_1_128' title='bbox 880 1625 994 1682; x_wconf 79' lang='lat' dir='ltr'><strong>creauit</strong></span> <span class='ocrx_word' id='word_1_129' title='bbox 1007 1639 1053 1684; x_wconf 84' lang='lat' dir='ltr'><strong>me</strong></span> <span class='ocrx_word' id='word_1_130' title='bbox 1073 1624 1194 1684; x_wconf 83' lang='lat' dir='ltr'><strong>initium</strong></span> <span class='ocrx_word' id='word_1_131' title='bbox 1215 1623 1334 1682; x_wconf 77' lang='lat' dir='ltr'><strong>uturum</strong></span> 
     </span>
     <span class='ocr_line' id='line_1_14' title="bbox 101 1717 1426 1812; baseline -0.002 -28"><span class='ocrx_word' id='word_1_132' title='bbox 101 1740 239 1786; x_wconf 83' lang='lat' dir='ltr'><strong>suorum</strong></span> <span class='ocrx_word' id='word_1_133' title='bbox 260 1725 292 1782; x_wconf 84' lang='lat' dir='ltr'><strong>r&#39;n</strong></span> <span class='ocrx_word' id='word_1_134' title='bbox 315 1738 409 1800; x_wconf 86' lang='lat' dir='ltr'><strong>opero</strong></span> <span class='ocrx_word' id='word_1_135' title='bbox 431 1737 503 1792; x_wconf 87' lang='lat' dir='ltr'><strong>suu,</strong></span> <span class='ocrx_word' id='word_1_136' title='bbox 537 1737 573 1780; x_wconf 90' lang='lat' dir='ltr'><strong>an</strong></span> <span class='ocrx_word' id='word_1_137' title='bbox 596 1718 708 1798; x_wconf 77' lang='lat' dir='ltr'><strong>legistis</strong></span> <span class='ocrx_word' id='word_1_138' title='bbox 731 1737 787 1780; x_wconf 87' lang='lat' dir='ltr'><strong>nee</strong></span> <span class='ocrx_word' id='word_1_139' title='bbox 807 1717 870 1780; x_wconf 80' lang='lat' dir='ltr'><strong>nel</strong></span> <span class='ocrx_word' id='word_1_140' title='bbox 913 1719 1031 1800; x_wconf 86' lang='lat' dir='ltr'><strong>Ergone</strong></span> <span class='ocrx_word' id='word_1_141' title='bbox 1052 1720 1133 1783; x_wconf 89' lang='lat' dir='ltr'><strong>istud</strong></span> <span class='ocrx_word' id='word_1_142' title='bbox 1154 1719 1334 1812; x_wconf 77' lang='lat' dir='ltr'><strong>Proverbio·</strong></span> <span class='ocrx_word' id='word_1_143' title='bbox 1421 1733 1426 1744; x_wconf 86' lang='lat'>&#39;</span> 
     </span>
     <span class='ocr_line' id='line_1_15' title="bbox 101 1820 1333 1902; baseline -0.002 -18"><span class='ocrx_word' id='word_1_144' title='bbox 101 1842 175 1886; x_wconf 88' lang='lat' dir='ltr'><strong>rum</strong></span> <span class='ocrx_word' id='word_1_145' title='bbox 198 1842 234 1886; x_wconf 87' lang='lat' dir='ltr'><strong>ex</strong></span> <span class='ocrx_word' id='word_1_146' title='bbox 255 1823 379 1884; x_wconf 85' lang='lat' dir='ltr'><strong>veritate</strong></span> <span class='ocrx_word' id='word_1_147' title='bbox 401 1821 651 1902; x_wconf 89' lang='lat' dir='ltr'><strong>interpretamini,</strong></span> <span class='ocrx_word' id='word_1_148' title='bbox 681 1839 719 1882; x_wconf 91' lang='lat' dir='ltr'><strong>ne</strong></span> <span class='ocrx_word' id='word_1_149' title='bbox 747 1820 881 1883; x_wconf 89' lang='lat' dir='ltr'><strong>videlieet</strong></span> <span class='ocrx_word' id='word_1_150' title='bbox 903 1821 1029 1884; x_wconf 87' lang='lat' dir='ltr'><strong>Verbum</strong></span> <span class='ocrx_word' id='word_1_151' title='bbox 1051 1841 1116 1884; x_wconf 90' lang='lat' dir='ltr'><strong>rem</strong></span> <span class='ocrx_word' id='word_1_152' title='bbox 1137 1829 1265 1884; x_wconf 81' lang='lat' dir='ltr'><strong>creatam</strong></span> <span class='ocrx_word' id='word_1_153' title='bbox 1286 1820 1333 1882; x_wconf 88' lang='lat' dir='ltr'><strong>di-</strong></span> 
     </span>
     <span class='ocr_line' id='line_1_16' title="bbox 102 1922 1335 2008; baseline 0 -22"><span class='ocrx_word' id='word_1_154' title='bbox 102 1925 199 1998; x_wconf 89' lang='lat' dir='ltr'><strong>catis,</strong></span> <span class='ocrx_word' id='word_1_155' title='bbox 221 1924 293 1986; x_wconf 85' lang='lat' dir='ltr'><strong>illud</strong></span> <span class='ocrx_word' id='word_1_156' title='bbox 316 1932 414 1986; x_wconf 88' lang='lat' dir='ltr'><strong>autem</strong></span> <span class='ocrx_word' id='word_1_157' title='bbox 435 1923 603 2002; x_wconf 86' lang='lat' dir='ltr'><strong>Prophetae</strong></span> <span class='ocrx_word' id='word_1_158' title='bbox 625 1922 703 1986; x_wconf 88' lang='lat' dir='ltr'><strong>nulla</strong></span> <span class='ocrx_word' id='word_1_159' title='bbox 725 1922 969 2002; x_wconf 79' lang='lat' dir='ltr'><strong>interpretatione</strong></span> <span class='ocrx_word' id='word_1_160' title='bbox 991 1923 1159 2004; x_wconf 84' lang='lat' dir='ltr'><strong>explicatis,</strong></span> <span class='ocrx_word' id='word_1_161' title='bbox 1188 1924 1242 2008; x_wconf 76' lang='lat' dir='ltr'><strong>sed</strong></span> <span class='ocrx_word' id='word_1_162' title='bbox 1263 1941 1335 1986; x_wconf 84' lang='lat' dir='ltr'><strong>roes</strong></span> 
     </span>
     <span class='ocr_line' id='line_1_17' title="bbox 102 2007 1334 2107; baseline -0.002 -19"><span class='ocrx_word' id='word_1_163' title='bbox 102 2031 238 2107; x_wconf 82' lang='lat' dir='ltr'><strong>spiritus</strong></span> <span class='ocrx_word' id='word_1_164' title='bbox 261 2024 464 2088; x_wconf 88' lang='lat' dir='ltr'><strong>tantummodo</strong></span> <span class='ocrx_word' id='word_1_165' title='bbox 487 2024 584 2086; x_wconf 88' lang='lat' dir='ltr'><strong>audita</strong></span> <span class='ocrx_word' id='word_1_166' title='bbox 608 2023 751 2103; x_wconf 88' lang='lat' dir='ltr'><strong>Spiritum</strong></span> <span class='ocrx_word' id='word_1_167' title='bbox 766 2007 912 2086; x_wconf 67' lang='lat' dir='ltr'><strong>san&#39;cmm</strong></span> <span class='ocrx_word' id='word_1_168' title='bbox 942 2043 1006 2086; x_wconf 89' lang='lat' dir='ltr'><strong>rem</strong></span> <span class='ocrx_word' id='word_1_169' title='bbox 1035 2033 1163 2087; x_wconf 79' lang='lat' dir='ltr'><strong>meatem</strong></span> <span class='ocrx_word' id='word_1_170' title='bbox 1191 2025 1247 2088; x_wconf 86' lang='lat' dir='ltr'><strong>diei</strong></span> <span class='ocrx_word' id='word_1_171' title='bbox 1270 2024 1334 2088; x_wconf 81' lang='lat' dir='ltr'><strong>eri-</strong></span> 
     </span>
     <span class='ocr_line' id='line_1_18' title="bbox 103 2125 1334 2208; baseline 0.002 -20"><span class='ocrx_word' id='word_1_172' title='bbox 103 2125 260 2190; x_wconf 77' lang='lat' dir='ltr'><strong>stimatis?</strong></span> <span class='ocrx_word' id='word_1_173' title='bbox 304 2127 390 2208; x_wconf 80' lang='lat' dir='ltr'><strong>Atqui</strong></span> <span class='ocrx_word' id='word_1_174' title='bbox 413 2127 444 2188; x_wconf 91' lang='lat' dir='ltr'><strong>in</strong></span> <span class='ocrx_word' id='word_1_175' title='bbox 465 2125 634 2188; x_wconf 85' lang='lat' dir='ltr'><strong>Proverbiis</strong></span> <span class='ocrx_word' id='word_1_176' title='bbox 658 2126 807 2204; x_wconf 88' lang='lat' dir='ltr'><strong>Sapientia</strong></span> <span class='ocrx_word' id='word_1_177' title='bbox 829 2135 930 2205; x_wconf 91' lang='lat' dir='ltr'><strong>aperte</strong></span> <span class='ocrx_word' id='word_1_178' title='bbox 952 2125 1023 2188; x_wconf 87' lang='lat' dir='ltr'><strong>dicit</strong></span> <span class='ocrx_word' id='word_1_179' title='bbox 1044 2132 1158 2190; x_wconf 80' lang='lat' dir='ltr'><strong>oreuoit</strong></span> <span class='ocrx_word' id='word_1_180' title='bbox 1178 2147 1234 2189; x_wconf 80' lang='lat' dir='ltr'><strong>me.</strong></span> <span class='ocrx_word' id='word_1_181' title='bbox 1276 2126 1334 2190; x_wconf 86' lang='lat' dir='ltr'><strong>Ve-</strong></span> 
     </span>
     <span class='ocr_line' id='line_1_19' title="bbox 104 2225 1333 2309; baseline -0.002 -19"><span class='ocrx_word' id='word_1_182' title='bbox 104 2237 276 2292; x_wconf 88' lang='lat' dir='ltr'><strong>rumtamen</strong></span> <span class='ocrx_word' id='word_1_183' title='bbox 297 2237 377 2290; x_wconf 88' lang='lat' dir='ltr'><strong>reete</strong></span> <span class='ocrx_word' id='word_1_184' title='bbox 399 2246 453 2288; x_wconf 89' lang='lat' dir='ltr'><strong>ros</strong></span> <span class='ocrx_word' id='word_1_185' title='bbox 475 2227 585 2288; x_wconf 89' lang='lat' dir='ltr'><strong>dietum</strong></span> <span class='ocrx_word' id='word_1_186' title='bbox 607 2226 678 2288; x_wconf 91' lang='lat' dir='ltr'><strong>illud</strong></span> <span class='ocrx_word' id='word_1_187' title='bbox 700 2226 739 2288; x_wconf 92' lang='lat' dir='ltr'><strong>ita</strong></span> <span class='ocrx_word' id='word_1_188' title='bbox 763 2225 914 2309; x_wconf 80' lang='lat' dir='ltr'><strong>excipitis,</strong></span> <span class='ocrx_word' id='word_1_189' title='bbox 947 2235 981 2288; x_wconf 91' lang='lat' dir='ltr'><strong>ut</strong></span> <span class='ocrx_word' id='word_1_190' title='bbox 1001 2245 1062 2288; x_wconf 88' lang='lat' dir='ltr'><strong>uon</strong></span> <span class='ocrx_word' id='word_1_191' title='bbox 1084 2227 1255 2290; x_wconf 75' lang='lat' dir='ltr'><strong>creatricem</strong></span> <span class='ocrx_word' id='word_1_192' title='bbox 1277 2227 1333 2288; x_wconf 91' lang='lat' dir='ltr'><strong>Sa·</strong></span> 
     </span>
     <span class='ocr_line' id='line_1_20' title="bbox 103 2328 1394 2411; baseline -0.002 -19"><span class='ocrx_word' id='word_1_193' title='bbox 103 2331 250 2411; x_wconf 82' lang='lat' dir='ltr'><strong>pientiam</strong></span> <span class='ocrx_word' id='word_1_194' title='bbox 273 2329 364 2392; x_wconf 88' lang='lat' dir='ltr'><strong>rebus</strong></span> <span class='ocrx_word' id='word_1_195' title='bbox 387 2329 493 2392; x_wconf 83' lang='lat' dir='ltr'><strong>creatis</strong></span> <span class='ocrx_word' id='word_1_196' title='bbox 516 2328 729 2390; x_wconf 87' lang='lat' dir='ltr'><strong>annumeretis.</strong></span> <span class='ocrx_word' id='word_1_197' title='bbox 773 2328 822 2410; x_wconf 80' lang='lat' dir='ltr'><strong>Sie</strong></span> <span class='ocrx_word' id='word_1_198' title='bbox 843 2328 932 2408; x_wconf 90' lang='lat' dir='ltr'><strong>igitur</strong></span> <span class='ocrx_word' id='word_1_199' title='bbox 952 2347 1010 2390; x_wconf 86' lang='lat' dir='ltr'><strong>rox</strong></span> <span class='ocrx_word' id='word_1_200' title='bbox 1032 2328 1079 2390; x_wconf 89' lang='lat' dir='ltr'><strong>illa</strong></span> <span class='ocrx_word' id='word_1_201' title='bbox 1093 2329 1259 2408; x_wconf 78' lang='lat' dir='ltr'><strong>Prophetae</strong></span> <span class='ocrx_word' id='word_1_202' title='bbox 1272 2345 1334 2390; x_wconf 87' lang='lat' dir='ltr'><strong>uon</strong></span> <span class='ocrx_word' id='word_1_203' title='bbox 1377 2331 1394 2347; x_wconf 75' lang='lat'><strong>‘¹</strong></span> 
     </span>
     <span class='ocr_line' id='line_1_21' title="bbox 107 2429 1333 2512; baseline -0.002 -20"><span class='ocrx_word' id='word_1_204' title='bbox 107 2431 254 2511; x_wconf 86' lang='lat' dir='ltr'><strong>Spiritum</strong></span> <span class='ocrx_word' id='word_1_205' title='bbox 277 2439 410 2494; x_wconf 90' lang='lat' dir='ltr'><strong>sanctum</strong></span> <span class='ocrx_word' id='word_1_206' title='bbox 434 2430 652 2512; x_wconf 53' lang='lat' dir='ltr'><strong>denotet,‚sed</strong></span> <span class='ocrx_word' id='word_1_207' title='bbox 681 2438 793 2492; x_wconf 90' lang='lat' dir='ltr'><strong>tantum</strong></span> <span class='ocrx_word' id='word_1_208' title='bbox 822 2429 859 2492; x_wconf 87' lang='lat' dir='ltr'><strong>de</strong></span> <span class='ocrx_word' id='word_1_209' title='bbox 880 2429 987 2509; x_wconf 89' lang='lat' dir='ltr'><strong>spiritu</strong></span> <span class='ocrx_word' id='word_1_210' title='bbox 1008 2429 1125 2492; x_wconf 86' lang='lat' dir='ltr'><strong>dieitur.</strong></span> <span class='ocrx_word' id='word_1_211' title='bbox 1169 2430 1333 2509; x_wconf 71' lang='lat' dir='ltr'><strong>(Inmergo</strong></span> 
     </span>
     <span class='ocr_line' id='line_1_22' title="bbox 106 2529 1334 2612; baseline -0.001 -19"><span class='ocrx_word' id='word_1_212' title='bbox 106 2532 200 2594; x_wconf 86' lang='lat' dir='ltr'><strong>multa</strong></span> <span class='ocrx_word' id='word_1_213' title='bbox 222 2533 260 2595; x_wconf 89' lang='lat' dir='ltr'><strong>sit</strong></span> <span class='ocrx_word' id='word_1_214' title='bbox 281 2533 312 2594; x_wconf 90' lang='lat' dir='ltr'><strong>in</strong></span> <span class='ocrx_word' id='word_1_215' title='bbox 335 2532 495 2612; x_wconf 83' lang='lat' dir='ltr'><strong>Scripturis</strong></span> <span class='ocrx_word' id='word_1_216' title='bbox 517 2531 673 2612; x_wconf 85' lang='lat' dir='ltr'><strong>spirituum</strong></span> <span class='ocrx_word' id='word_1_217' title='bbox 696 2531 871 2602; x_wconf 87' lang='lat' dir='ltr'><strong>dillerentia,</strong></span> <span class='ocrx_word' id='word_1_218' title='bbox 894 2538 1067 2610; x_wconf 82' lang='lat' dir='ltr'><strong>rectumque</strong></span> <span class='ocrx_word' id='word_1_219' title='bbox 1083 2549 1205 2592; x_wconf 89' lang='lat' dir='ltr'><strong>sensum</strong></span> <span class='ocrx_word' id='word_1_220' title='bbox 1224 2529 1334 2592; x_wconf 89' lang='lat' dir='ltr'><strong>habere</strong></span> 
     </span>
     <span class='ocr_line' id='line_1_23' title="bbox 108 2631 1334 2714; baseline -0.003 -18"><span class='ocrx_word' id='word_1_221' title='bbox 108 2633 210 2714; x_wconf 87' lang='lat' dir='ltr'><strong>possit</strong></span> <span class='ocrx_word' id='word_1_222' title='bbox 230 2633 288 2696; x_wconf 91' lang='lat' dir='ltr'><strong>iste</strong></span> <span class='ocrx_word' id='word_1_223' title='bbox 310 2635 478 2714; x_wconf 87' lang='lat' dir='ltr'><strong>Scripturae</strong></span> <span class='ocrx_word' id='word_1_224' title='bbox 500 2633 595 2706; x_wconf 89' lang='lat' dir='ltr'><strong>loeus,</strong></span> <span class='ocrx_word' id='word_1_225' title='bbox 619 2651 671 2694; x_wconf 91' lang='lat' dir='ltr'><strong>eur</strong></span> <span class='ocrx_word' id='word_1_226' title='bbox 693 2651 747 2694; x_wconf 87' lang='lat' dir='ltr'><strong>vos</strong></span> <span class='ocrx_word' id='word_1_227' title='bbox 771 2631 849 2694; x_wconf 75' lang='lat' dir='ltr'><strong>velun</strong></span> <span class='ocrx_word' id='word_1_228' title='bbox 869 2631 990 2711; x_wconf 80' lang='lat' dir='ltr'><strong>litigiosi</strong></span> <span class='ocrx_word' id='word_1_229' title='bbox 1007 2639 1058 2692; x_wconf 90' lang='lat' dir='ltr'><strong>aut</strong></span> <span class='ocrx_word' id='word_1_230' title='bbox 1072 2631 1220 2710; x_wconf 88' lang='lat' dir='ltr'><strong>serpentis</strong></span> <span class='ocrx_word' id='word_1_231' title='bbox 1234 2631 1334 2692; x_wconf 79' lang='lat' dir='ltr'><strong>Ariani</strong></span> 
     </span>
     <span class='ocr_line' id='line_1_24' title="bbox 110 2730 1439 2816; baseline -0.005 -18"><span class='ocrx_word' id='word_1_232' title='bbox 110 2753 214 2798; x_wconf 88' lang='lat' dir='ltr'><strong>morsu</strong></span> <span class='ocrx_word' id='word_1_233' title='bbox 241 2735 360 2798; x_wconf 80' lang='lat' dir='ltr'><strong>ulcerati</strong></span> <span class='ocrx_word' id='word_1_234' title='bbox 390 2736 426 2798; x_wconf 89' lang='lat' dir='ltr'><strong>de</strong></span> <span class='ocrx_word' id='word_1_235' title='bbox 450 2735 561 2816; x_wconf 89' lang='lat' dir='ltr'><strong>Spiritu</strong></span> <span class='ocrx_word' id='word_1_236' title='bbox 591 2743 692 2796; x_wconf 87' lang='lat' dir='ltr'><strong>saneto</strong></span> <span class='ocrx_word' id='word_1_237' title='bbox 714 2734 890 2813; x_wconf 88' lang='lat' dir='ltr'><strong>prophetam</strong></span> <span class='ocrx_word' id='word_1_238' title='bbox 912 2735 1002 2794; x_wconf 79' lang='lat' dir='ltr'><strong>Amos</strong></span> <span class='ocrx_word' id='word_1_239' title='bbox 1030 2731 1111 2809; x_wconf 88' lang='lat' dir='ltr'><strong>loqui</strong></span> <span class='ocrx_word' id='word_1_240' title='bbox 1140 2730 1332 2806; x_wconf 83' lang='lat' dir='ltr'><strong>arbitramini,</strong></span> <span class='ocrx_word' id='word_1_241' title='bbox 1433 2761 1439 2768; x_wconf 90' lang='lat'><em>·</em></span> 
     </span>
     <span class='ocr_line' id='line_1_25' title="bbox 106 2830 1283 2915; baseline -0.005 -16"><span class='ocrx_word' id='word_1_242' title='bbox 106 2857 149 2900; x_wconf 87' lang='lat' dir='ltr'><strong>ne</strong></span> <span class='ocrx_word' id='word_1_243' title='bbox 171 2836 284 2900; x_wconf 85' lang='lat' dir='ltr'><strong>seilicet</strong></span> <span class='ocrx_word' id='word_1_244' title='bbox 305 2838 426 2900; x_wconf 87' lang='lat' dir='ltr'><strong>credere</strong></span> <span class='ocrx_word' id='word_1_245' title='bbox 448 2836 612 2910; x_wconf 85' lang='lat' dir='ltr'><strong>desistatis,</strong></span> <span class='ocrx_word' id='word_1_246' title='bbox 637 2835 780 2915; x_wconf 88' lang='lat' dir='ltr'><strong>Spiritum</strong></span> <span class='ocrx_word' id='word_1_247' title='bbox 802 2842 935 2898; x_wconf 73' lang='lat' dir='ltr'><strong>mactum</strong></span> <span class='ocrx_word' id='word_1_248' title='bbox 957 2852 1022 2897; x_wconf 89' lang='lat' dir='ltr'><strong>rem</strong></span> <span class='ocrx_word' id='word_1_249' title='bbox 1043 2839 1170 2896; x_wconf 81' lang='lat' dir='ltr'><strong>creatam</strong></span> <span class='ocrx_word' id='word_1_250' title='bbox 1192 2830 1283 2894; x_wconf 78' lang='lat' dir='ltr'><strong>esset</strong></span> 
     </span>
    </p>
   </div>
   <div class='ocr_carea' id='block_1_3' title="bbox 110 3239 1335 3729">
    <p class='ocr_par' dir='ltr' id='par_1_3' title="bbox 110 3239 1335 3729">
     <span class='ocr_line' id='line_1_26' title="bbox 197 3239 1334 3322; baseline -0.002 -16"><span class='ocrx_word' id='word_1_251' title='bbox 197 3245 227 3306; x_wconf 80' lang='lat' dir='ltr'><strong>t.</strong></span> <span class='ocrx_word' id='word_1_252' title='bbox 271 3241 365 3305; x_wconf 85' lang='lat' dir='ltr'><strong>[licite</strong></span> <span class='ocrx_word' id='word_1_253' title='bbox 386 3242 507 3316; x_wconf 91' lang='lat' dir='ltr'><strong>amabo,</strong></span> <span class='ocrx_word' id='word_1_254' title='bbox 535 3261 573 3304; x_wconf 89' lang='lat' dir='ltr'><strong>au</strong></span> <span class='ocrx_word' id='word_1_255' title='bbox 601 3241 632 3304; x_wconf 93' lang='lat' dir='ltr'><strong>in</strong></span> <span class='ocrx_word' id='word_1_256' title='bbox 656 3241 752 3322; x_wconf 86' lang='lat' dir='ltr'><strong>aliquo</strong></span> <span class='ocrx_word' id='word_1_257' title='bbox 775 3240 891 3304; x_wconf 84' lang='lat' dir='ltr'><strong>divinae</strong></span> <span class='ocrx_word' id='word_1_258' title='bbox 912 3240 1081 3322; x_wconf 88' lang='lat' dir='ltr'><strong>Soripturae</strong></span> <span class='ocrx_word' id='word_1_259' title='bbox 1102 3239 1168 3304; x_wconf 85' lang='lat' dir='ltr'><strong>loeo</strong></span> <span class='ocrx_word' id='word_1_260' title='bbox 1190 3241 1334 3322; x_wconf 87' lang='lat' dir='ltr'><strong>Spiritum</strong></span> 
     </span>
     <span class='ocr_line' id='line_1_27' title="bbox 110 3343 1333 3425; baseline -0.001 -19"><span class='ocrx_word' id='word_1_261' title='bbox 110 3353 244 3406; x_wconf 89' lang='lat' dir='ltr'><strong>sanetum</strong></span> <span class='ocrx_word' id='word_1_262' title='bbox 268 3343 440 3425; x_wconf 85' lang='lat' dir='ltr'><strong>simpliciter</strong></span> <span class='ocrx_word' id='word_1_263' title='bbox 461 3343 678 3424; x_wconf 75' lang='lat' dir='ltr'><strong>spiritum&#39;diei</strong></span> <span class='ocrx_word' id='word_1_264' title='bbox 701 3343 871 3424; x_wconf 81' lang='lat' dir='ltr'><strong>reperiatis,</strong></span> <span class='ocrx_word' id='word_1_265' title='bbox 902 3343 967 3406; x_wconf 87' lang='lat' dir='ltr'><strong>sine</strong></span> <span class='ocrx_word' id='word_1_266' title='bbox 995 3343 1092 3406; x_wconf 87' lang='lat' dir='ltr'><strong>addita</strong></span> <span class='ocrx_word' id='word_1_267' title='bbox 1119 3360 1191 3408; x_wconf 86' lang='lat' dir='ltr'><strong>voce</strong></span> <span class='ocrx_word' id='word_1_268' title='bbox 1212 3344 1258 3406; x_wconf 88' lang='lat' dir='ltr'><strong>rel</strong></span> <span class='ocrx_word' id='word_1_269' title='bbox 1278 3343 1333 3406; x_wconf 79' lang='lat' dir='ltr'><strong>liei</strong></span> 
     </span>
     <span class='ocr_line' id='line_1_28' title="bbox 112 3445 1335 3526; baseline 0.002 -20"><span class='ocrx_word' id='word_1_270' title='bbox 112 3446 158 3508; x_wconf 85' lang='lat' dir='ltr'><strong>uel</strong></span> <span class='ocrx_word' id='word_1_271' title='bbox 177 3445 275 3510; x_wconf 89' lang='lat' dir='ltr'><strong>Patris</strong></span> <span class='ocrx_word' id='word_1_272' title='bbox 304 3447 349 3508; x_wconf 88' lang='lat' dir='ltr'><strong>vel</strong></span> <span class='ocrx_word' id='word_1_273' title='bbox 377 3447 436 3508; x_wconf 89' lang='lat' dir='ltr'><strong>mei</strong></span> <span class='ocrx_word' id='word_1_274' title='bbox 463 3445 511 3516; x_wconf 85' lang='lat' dir='ltr'><strong>vel</strong></span> <span class='ocrx_word' id='word_1_275' title='bbox 536 3445 632 3526; x_wconf 89' lang='lat' dir='ltr'><strong>ipsius</strong></span> <span class='ocrx_word' id='word_1_276' title='bbox 655 3446 764 3508; x_wconf 81' lang='lat' dir='ltr'><strong>Christi</strong></span> <span class='ocrx_word' id='word_1_277' title='bbox 786 3453 815 3508; x_wconf 92' lang='lat' dir='ltr'><strong>et</strong></span> <span class='ocrx_word' id='word_1_278' title='bbox 836 3445 917 3522; x_wconf 85' lang='lat' dir='ltr'><strong>Filii,</strong></span> <span class='ocrx_word' id='word_1_279' title='bbox 950 3445 995 3506; x_wconf 88' lang='lat' dir='ltr'><strong>vel</strong></span> <span class='ocrx_word' id='word_1_280' title='bbox 1017 3463 1035 3508; x_wconf 81' lang='lat' dir='ltr'><strong>a</strong></span> <span class='ocrx_word' id='word_1_281' title='bbox 1055 3463 1118 3519; x_wconf 89' lang='lat' dir='ltr'><strong>me,</strong></span> <span class='ocrx_word' id='word_1_282' title='bbox 1147 3445 1227 3526; x_wconf 88' lang='lat' dir='ltr'><strong>quod</strong></span> <span class='ocrx_word' id='word_1_283' title='bbox 1249 3453 1296 3508; x_wconf 88' lang='lat' dir='ltr'><strong>est</strong></span> <span class='ocrx_word' id='word_1_284' title='bbox 1316 3463 1335 3508; x_wconf 90' lang='lat' dir='ltr'><strong>a</strong></span> 
     </span>
     <span class='ocr_line' id='line_1_29' title="bbox 114 3544 1334 3628; baseline 0.001 -21"><span class='ocrx_word' id='word_1_285' title='bbox 114 3547 184 3622; x_wconf 81' lang='lat' dir='ltr'><strong>lieo,</strong></span> <span class='ocrx_word' id='word_1_286' title='bbox 206 3547 251 3608; x_wconf 86' lang='lat' dir='ltr'><strong>rel</strong></span> <span class='ocrx_word' id='word_1_287' title='bbox 273 3547 331 3610; x_wconf 90' lang='lat' dir='ltr'><strong>uisi</strong></span> <span class='ocrx_word' id='word_1_288' title='bbox 354 3567 421 3610; x_wconf 86' lang='lat' dir='ltr'><strong>eum</strong></span> <span class='ocrx_word' id='word_1_289' title='bbox 443 3547 576 3622; x_wconf 83' lang='lat' dir='ltr'><strong>articulo,</strong></span> <span class='ocrx_word' id='word_1_290' title='bbox 599 3548 639 3609; x_wconf 86' lang='lat' dir='ltr'><strong>ito</strong></span> <span class='ocrx_word' id='word_1_291' title='bbox 661 3557 695 3610; x_wconf 91' lang='lat' dir='ltr'><strong>ut</strong></span> <span class='ocrx_word' id='word_1_292' title='bbox 715 3566 777 3610; x_wconf 91' lang='lat' dir='ltr'><strong>non</strong></span> <span class='ocrx_word' id='word_1_293' title='bbox 799 3547 922 3628; x_wconf 89' lang='lat' dir='ltr'><strong>spiritus</strong></span> <span class='ocrx_word' id='word_1_294' title='bbox 945 3546 1041 3610; x_wconf 90' lang='lat' dir='ltr'><strong>solum</strong></span> <span class='ocrx_word' id='word_1_295' title='bbox 1063 3547 1185 3620; x_wconf 79' lang='lat' dir='ltr'><strong>dicatur,</strong></span> <span class='ocrx_word' id='word_1_296' title='bbox 1213 3545 1265 3606; x_wconf 89' lang='lat' dir='ltr'><strong>sed</strong></span> <span class='ocrx_word' id='word_1_297' title='bbox 1287 3544 1334 3608; x_wconf 82' lang='lat' dir='ltr'><strong>vel</strong></span> 
     </span>
     <span class='ocr_line' id='line_1_30' title="bbox 113 3647 1335 3729; baseline 0.002 -21"><span class='ocrx_word' id='word_1_298' title='bbox 113 3647 161 3708; x_wconf 89' lang='lat' dir='ltr'><strong>ille</strong></span> <span class='ocrx_word' id='word_1_299' title='bbox 181 3647 308 3728; x_wconf 84' lang='lat' dir='ltr'><strong>Spiritus</strong></span> <span class='ocrx_word' id='word_1_300' title='bbox 336 3651 381 3711; x_wconf 85' lang='lat' dir='ltr'><strong>rel</strong></span> <span class='ocrx_word' id='word_1_301' title='bbox 411 3649 539 3729; x_wconf 84' lang='lat' dir='ltr'><strong>Spiritus</strong></span> <span class='ocrx_word' id='word_1_302' title='bbox 568 3658 689 3712; x_wconf 87' lang='lat' dir='ltr'><strong>sanetus</strong></span> <span class='ocrx_word' id='word_1_303' title='bbox 716 3650 762 3712; x_wconf 83' lang='lat' dir='ltr'><strong>vel</strong></span> <span class='ocrx_word' id='word_1_304' title='bbox 790 3650 952 3714; x_wconf 86' lang='lat' dir='ltr'><strong>Paraolitus</strong></span> <span class='ocrx_word' id='word_1_305' title='bbox 981 3648 1025 3712; x_wconf 86' lang='lat' dir='ltr'><strong>vel</strong></span> <span class='ocrx_word' id='word_1_306' title='bbox 1053 3649 1203 3723; x_wconf 84' lang='lat' dir='ltr'><strong>veritatis,</strong></span> <span class='ocrx_word' id='word_1_307' title='bbox 1234 3647 1335 3710; x_wconf 86' lang='lat' dir='ltr'><strong>idest</strong></span> 
     </span>
    </p>
   </div>
   <div class='ocr_carea' id='block_1_4' title="bbox 97 3883 1342 4646">
    <p class='ocr_par' dir='ltr' id='par_1_4' title="bbox 97 3883 1342 4646">
     <span class='ocr_line' id='line_1_31' title="bbox 113 3883 1332 3970; baseline -0.002 -18"><span class='ocrx_word' id='word_1_308' title='bbox 113 3915 160 3967; x_wconf 82' lang='lat' dir='ltr'><strong>qne</strong></span> <span class='ocrx_word' id='word_1_309' title='bbox 177 3902 205 3952; x_wconf 82' lang='lat' dir='ltr'><strong>ud</strong></span> <span class='ocrx_word' id='word_1_310' title='bbox 224 3883 256 3949; x_wconf 73' lang='lat' dir='ltr'><strong>sb</strong></span> <span class='ocrx_word' id='word_1_311' title='bbox 274 3901 379 3969; x_wconf 79' lang='grc' dir='ltr'><em>πνεῦμα</em></span> <span class='ocrx_word' id='word_1_312' title='bbox 397 3897 428 3951; x_wconf 83' lang='grc' dir='ltr'><strong>τὸ</strong></span> <span class='ocrx_word' id='word_1_313' title='bbox 447 3893 542 3968; x_wconf 69' lang='grc' dir='ltr'><strong>ἅγιόν,</strong></span> <span class='ocrx_word' id='word_1_314' title='bbox 568 3903 655 3954; x_wconf 84' lang='lat' dir='ltr'><strong>desunt</strong></span> <span class='ocrx_word' id='word_1_315' title='bbox 674 3904 696 3954; x_wconf 90' lang='lat' dir='ltr'><strong>in</strong></span> <span class='ocrx_word' id='word_1_316' title='bbox 748 3905 805 3954; x_wconf 88' lang='lat' dir='ltr'><strong>aditi</strong></span> <span class='ocrx_word' id='word_1_317' title='bbox 823 3895 954 3970; x_wconf 81' lang='grc' dir='ltr'><strong>φανερόν.</strong></span> <span class='ocrx_word' id='word_1_318' title='bbox 995 3902 1047 3952; x_wconf 79' lang='lat' dir='ltr'><strong>llos</strong></span> <span class='ocrx_word' id='word_1_319' title='bbox 1065 3902 1121 3965; x_wconf 84' lang='lat' dir='ltr'><strong>lleg.</strong></span> <span class='ocrx_word' id='word_1_320' title='bbox 1140 3901 1162 3960; x_wconf 82' lang='lat'><strong>2.</strong></span> <span class='ocrx_word' id='word_1_321' title='bbox 1187 3891 1274 3950; x_wconf 77' lang='grc' dir='ltr'><strong><em>ἔκτισέ</em></strong></span> <span class='ocrx_word' id='word_1_322' title='bbox 1289 3889 1332 3964; x_wconf 80' lang='grc' dir='ltr'><strong>με’</strong></span> 
     </span>
     <span class='ocr_line' id='line_1_32' title="bbox 116 3970 1097 4038; baseline -0.006 -18"><span class='ocrx_word' id='word_1_323' title='bbox 116 3983 159 4020; x_wconf 83' lang='lat' dir='ltr'><strong>ms.</strong></span> <span class='ocrx_word' id='word_1_324' title='bbox 174 3970 246 4028; x_wconf 80' lang='lat' dir='ltr'><strong>hasil.</strong></span> <span class='ocrx_word' id='word_1_325' title='bbox 747 3973 791 4023; x_wconf 83' lang='lat' dir='ltr'><strong>atii</strong></span> <span class='ocrx_word' id='word_1_326' title='bbox 809 3981 833 4022; x_wconf 90' lang='lat' dir='ltr'><strong>et</strong></span> <span class='ocrx_word' id='word_1_327' title='bbox 851 3971 906 4022; x_wconf 84' lang='lat' dir='ltr'><strong>editi</strong></span> <span class='ocrx_word' id='word_1_328' title='bbox 923 3984 959 4038; x_wconf 79' lang='grc' dir='ltr'><strong>με</strong></span> <span class='ocrx_word' id='word_1_329' title='bbox 978 3972 1097 4020; x_wconf 89' lang='lat' dir='ltr'><strong>omittunt.</strong></span> 
     </span>
     <span class='ocr_line' id='line_1_33' title="bbox 149 4031 1322 4122; baseline -0.003 -33"><span class='ocrx_word' id='word_1_330' title='bbox 149 4053 167 4089; x_wconf 88' lang='lat' dir='ltr'><strong>e.</strong></span> <span class='ocrx_word' id='word_1_331' title='bbox 186 4037 242 4099; x_wconf 82' lang='lat' dir='ltr'><strong>fleg.</strong></span> <span class='ocrx_word' id='word_1_332' title='bbox 262 4035 284 4088; x_wconf 79' lang='lat'><em>2</em></span> <span class='ocrx_word' id='word_1_333' title='bbox 303 4033 379 4122; x_wconf 67' lang='lat' dir='ltr'><strong>nupia</strong></span> <span class='ocrx_word' id='word_1_334' title='bbox 396 4037 445 4088; x_wconf 78' lang='grc' dir='ltr'><strong>τοῦ</strong></span> <span class='ocrx_word' id='word_1_335' title='bbox 458 4031 551 4106; x_wconf 69' lang='grc' dir='ltr'><em>Ἀμώς.</em></span> <span class='ocrx_word' id='word_1_336' title='bbox 589 4039 696 4090; x_wconf 82' lang='lat' dir='ltr'><strong>lloxSe-</strong></span> <span class='ocrx_word' id='word_1_337' title='bbox 782 4041 799 4092; x_wconf 84' lang='lat' dir='ltr'><strong>t.</strong></span> <span class='ocrx_word' id='word_1_338' title='bbox 817 4031 847 4088; x_wconf 70' lang='lat' dir='ltr'><strong>tr</strong></span> <span class='ocrx_word' id='word_1_339' title='bbox 864 4042 932 4092; x_wconf 86' lang='lat' dir='ltr'><strong>abest</strong></span> <span class='ocrx_word' id='word_1_340' title='bbox 949 4053 961 4090; x_wconf 88' lang='lat' dir='ltr'><strong>a</strong></span> <span class='ocrx_word' id='word_1_341' title='bbox 981 4039 1077 4092; x_wconf 83' lang='lat' dir='ltr'><strong>Gobler.</strong></span> <span class='ocrx_word' id='word_1_342' title='bbox 1097 4045 1120 4087; x_wconf 87' lang='lat' dir='ltr'><strong>et</strong></span> <span class='ocrx_word' id='word_1_343' title='bbox 1136 4036 1241 4086; x_wconf 80' lang='lat' dir='ltr'><strong>Felekm.</strong></span> <span class='ocrx_word' id='word_1_344' title='bbox 1254 4035 1276 4086; x_wconf 81' lang='lat' dir='ltr'><strong>l&#39;.</strong></span> <span class='ocrx_word' id='word_1_345' title='bbox 1314 4091 1322 4113; x_wconf 39' lang='grc' dir='ltr'>ν</span> 
     </span>
     <span class='ocr_line' id='line_1_34' title="bbox 115 4097 1335 4173; baseline -0.002 -17"><span class='ocrx_word' id='word_1_346' title='bbox 115 4110 178 4168; x_wconf 80' lang='lat' dir='ltr'><strong>goir.</strong></span> <span class='ocrx_word' id='word_1_347' title='bbox 197 4097 211 4152; x_wconf 81' lang='grc' dir='ltr'><strong><em>ὅ</em></strong></span> <span class='ocrx_word' id='word_1_348' title='bbox 229 4097 322 4173; x_wconf 75' lang='grc' dir='ltr'><strong><em>κύριος</em></strong></span> <span class='ocrx_word' id='word_1_349' title='bbox 337 4119 425 4157; x_wconf 74' lang='lat' dir='ltr'><strong>eureos</strong></span> <span class='ocrx_word' id='word_1_350' title='bbox 443 4117 487 4159; x_wconf 85' lang='lat' dir='ltr'><strong>etc.</strong></span> <span class='ocrx_word' id='word_1_351' title='bbox 782 4123 804 4170; x_wconf 84' lang='lat' dir='ltr'><strong>g.</strong></span> <span class='ocrx_word' id='word_1_352' title='bbox 821 4110 862 4160; x_wconf 75' lang='lat' dir='ltr'><strong>Sic</strong></span> <span class='ocrx_word' id='word_1_353' title='bbox 885 4109 941 4171; x_wconf 84' lang='lat' dir='ltr'><strong>ltag.</strong></span> <span class='ocrx_word' id='word_1_354' title='bbox 959 4109 980 4157; x_wconf 91' lang='lat' dir='ltr'><strong>l.</strong></span> <span class='ocrx_word' id='word_1_355' title='bbox 1025 4105 1103 4158; x_wconf 83' lang='lat' dir='ltr'><strong>Ceteri</strong></span> <span class='ocrx_word' id='word_1_356' title='bbox 1130 4111 1154 4155; x_wconf 85' lang='lat' dir='ltr'><strong>et</strong></span> <span class='ocrx_word' id='word_1_357' title='bbox 1178 4103 1235 4154; x_wconf 86' lang='lat' dir='ltr'><strong>editi</strong></span> <span class='ocrx_word' id='word_1_358' title='bbox 1256 4115 1335 4154; x_wconf 76' lang='lat' dir='ltr'><strong>nutv·</strong></span> 
     </span>
     <span class='ocr_line' id='line_1_35' title="bbox 148 4169 842 4241; baseline 0.001 -19"><span class='ocrx_word' id='word_1_359' title='bbox 148 4173 169 4222; x_wconf 90' lang='lat' dir='ltr'><strong>d.</strong></span> <span class='ocrx_word' id='word_1_360' title='bbox 187 4175 228 4223; x_wconf 84' lang='lat' dir='ltr'><strong>Sic</strong></span> <span class='ocrx_word' id='word_1_361' title='bbox 246 4175 301 4237; x_wconf 77' lang='lat' dir='ltr'><strong>hog.</strong></span> <span class='ocrx_word' id='word_1_362' title='bbox 316 4177 336 4224; x_wconf 89' lang='lat'><strong>1.</strong></span> <span class='ocrx_word' id='word_1_363' title='bbox 381 4177 458 4226; x_wconf 86' lang='lat' dir='ltr'><strong>Ceteri</strong></span> <span class='ocrx_word' id='word_1_364' title='bbox 476 4191 531 4226; x_wconf 85' lang='lat' dir='ltr'><strong>vero</strong></span> <span class='ocrx_word' id='word_1_365' title='bbox 551 4184 574 4226; x_wconf 86' lang='lat' dir='ltr'><strong>et</strong></span> <span class='ocrx_word' id='word_1_366' title='bbox 592 4177 648 4227; x_wconf 86' lang='lat' dir='ltr'><strong>editi</strong></span> <span class='ocrx_word' id='word_1_367' title='bbox 665 4169 697 4224; x_wconf 78' lang='lat' dir='ltr'><strong>rb</strong></span> <span class='ocrx_word' id='word_1_368' title='bbox 747 4189 842 4241; x_wconf 76' lang='grc' dir='ltr'><em>ματος.</em></span> 
     </span>
     <span class='ocr_line' id='line_1_36' title="bbox 116 4233 1342 4320; baseline 0.001 -32"><span class='ocrx_word' id='word_1_369' title='bbox 116 4234 148 4320; x_wconf 77' lang='lat' dir='ltr'><strong>&lt;li¹</strong></span> <span class='ocrx_word' id='word_1_370' title='bbox 160 4233 188 4289; x_wconf 78' lang='grc' dir='ltr'><strong>ἔν</strong></span> <span class='ocrx_word' id='word_1_371' title='bbox 204 4242 264 4295; x_wconf 82' lang='grc' dir='ltr'><strong><em>ταῖς</em></strong></span> <span class='ocrx_word' id='word_1_372' title='bbox 272 4239 433 4311; x_wconf 75' lang='grc' dir='ltr'><strong><em>παροιμίαις</em></strong></span> <span class='ocrx_word' id='word_1_373' title='bbox 441 4235 597 4310; x_wconf 78' lang='grc' dir='ltr'><strong><em>λεγόμενον,</em></strong></span> <span class='ocrx_word' id='word_1_374' title='bbox 616 4243 697 4293; x_wconf 79' lang='grc' dir='ltr'><em>τοῦτο</em></span> <span class='ocrx_word' id='word_1_375' title='bbox 781 4245 804 4294; x_wconf 88' lang='lat' dir='ltr'><strong>h.</strong></span> <span class='ocrx_word' id='word_1_376' title='bbox 823 4246 863 4294; x_wconf 88' lang='lat' dir='ltr'><strong>Sie</strong></span> <span class='ocrx_word' id='word_1_377' title='bbox 881 4243 937 4306; x_wconf 82' lang='lat' dir='ltr'><strong>fleg.</strong></span> <span class='ocrx_word' id='word_1_378' title='bbox 959 4243 979 4292; x_wconf 88' lang='lat' dir='ltr'><strong>l.</strong></span> <span class='ocrx_word' id='word_1_379' title='bbox 998 4241 1096 4305; x_wconf 85' lang='lat' dir='ltr'><strong>Segner.</strong></span> <span class='ocrx_word' id='word_1_380' title='bbox 1115 4237 1213 4300; x_wconf 85' lang='lat' dir='ltr'><strong>Gohlar.</strong></span> <span class='ocrx_word' id='word_1_381' title='bbox 1246 4238 1292 4290; x_wconf 81' lang='lat' dir='ltr'><strong>stit</strong></span> <span class='ocrx_word' id='word_1_382' title='bbox 1309 4247 1342 4302; x_wconf 84' lang='lat' dir='ltr'><strong>et</strong></span> 
     </span>
     <span class='ocr_line' id='line_1_37' title="bbox 116 4303 1321 4378; baseline 0.004 -23"><span class='ocrx_word' id='word_1_383' title='bbox 116 4323 169 4372; x_wconf 79' lang='grc' dir='ltr'><em>μεν.</em></span> <span class='ocrx_word' id='word_1_384' title='bbox 203 4310 262 4359; x_wconf 90' lang='lat' dir='ltr'><strong>ltom</strong></span> <span class='ocrx_word' id='word_1_385' title='bbox 282 4325 335 4359; x_wconf 81' lang='lat' dir='ltr'><strong>mor</strong></span> <span class='ocrx_word' id='word_1_386' title='bbox 355 4313 443 4361; x_wconf 84' lang='lat' dir='ltr'><strong>lte.l.</strong></span> <span class='ocrx_word' id='word_1_387' title='bbox 462 4313 699 4374; x_wconf 77' lang='lat' dir='ltr'><strong>Anglie.Gobler.et</strong></span> <span class='ocrx_word' id='word_1_388' title='bbox 747 4313 803 4362; x_wconf 85' lang='lat' dir='ltr'><strong>editi</strong></span> <span class='ocrx_word' id='word_1_389' title='bbox 821 4303 980 4378; x_wconf 78' lang='grc' dir='ltr'><strong>εὑρίσκεται.</strong></span> <span class='ocrx_word' id='word_1_390' title='bbox 1318 4355 1321 4360; x_wconf 79' lang='grc'>,</span> 
     </span>
     <span class='ocr_line' id='line_1_38' title="bbox 120 4367 1331 4456; baseline 0.002 -33"><span class='ocrx_word' id='word_1_391' title='bbox 120 4377 214 4426; x_wconf 80' lang='lat' dir='ltr'><strong>t&#39;elelm</strong></span> <span class='ocrx_word' id='word_1_392' title='bbox 227 4382 248 4426; x_wconf 90' lang='lat' dir='ltr'><strong>t.</strong></span> <span class='ocrx_word' id='word_1_393' title='bbox 262 4371 298 4431; x_wconf 70' lang='lat' dir='ltr'><strong>ele</strong></span> <span class='ocrx_word' id='word_1_394' title='bbox 315 4371 370 4445; x_wconf 78' lang='grc' dir='ltr'><strong>ἔχει</strong></span> <span class='ocrx_word' id='word_1_395' title='bbox 387 4374 522 4438; x_wconf 64' lang='lat' dir='ltr'><strong>otiosius.</strong></span> <span class='ocrx_word' id='word_1_396' title='bbox 550 4381 594 4431; x_wconf 83' lang='lat' dir='ltr'><strong>hlii</strong></span> <span class='ocrx_word' id='word_1_397' title='bbox 606 4389 629 4431; x_wconf 85' lang='lat' dir='ltr'><strong>et</strong></span> <span class='ocrx_word' id='word_1_398' title='bbox 640 4381 697 4432; x_wconf 84' lang='lat' dir='ltr'><strong>editi</strong></span> <span class='ocrx_word' id='word_1_399' title='bbox 769 4382 797 4430; x_wconf 72' lang='lat' dir='ltr'><strong>ti.</strong></span> <span class='ocrx_word' id='word_1_400' title='bbox 822 4379 878 4442; x_wconf 84' lang='lat' dir='ltr'><strong>lleg.</strong></span> <span class='ocrx_word' id='word_1_401' title='bbox 892 4381 913 4430; x_wconf 88' lang='lat' dir='ltr'><strong>l.</strong></span> <span class='ocrx_word' id='word_1_402' title='bbox 931 4388 954 4428; x_wconf 87' lang='lat' dir='ltr'><strong>et</strong></span> <span class='ocrx_word' id='word_1_403' title='bbox 965 4379 1037 4440; x_wconf 83' lang='lat' dir='ltr'><strong>Sego.</strong></span> <span class='ocrx_word' id='word_1_404' title='bbox 1055 4367 1070 4436; x_wconf 83' lang='grc' dir='ltr'><em>ἢ</em></span> <span class='ocrx_word' id='word_1_405' title='bbox 1089 4373 1138 4425; x_wconf 81' lang='grc' dir='ltr'><strong>τοῦ</strong></span> <span class='ocrx_word' id='word_1_406' title='bbox 1151 4371 1268 4456; x_wconf 62' lang='grc' dir='ltr'><strong>χριστοῦ</strong></span> <span class='ocrx_word' id='word_1_407' title='bbox 1286 4383 1331 4426; x_wconf 88' lang='lat' dir='ltr'><strong>etc.</strong></span> 
     </span>
     <span class='ocr_line' id='line_1_39' title="bbox 119 4435 1332 4511; baseline -0.004 -15"><span class='ocrx_word' id='word_1_408' title='bbox 119 4436 152 4496; x_wconf 70' lang='grc' dir='ltr'><strong>(ὃς</strong></span> <span class='ocrx_word' id='word_1_409' title='bbox 166 4437 219 4510; x_wconf 80' lang='grc' dir='ltr'><strong>ἔχει</strong></span> <span class='ocrx_word' id='word_1_410' title='bbox 236 4437 251 4504; x_wconf 77' lang='grc' dir='ltr'><strong><em>ἡ</em></strong></span> <span class='ocrx_word' id='word_1_411' title='bbox 271 4437 392 4506; x_wconf 52' lang='lat' dir='ltr'><strong>lembore,</strong></span> <span class='ocrx_word' id='word_1_412' title='bbox 782 4449 804 4498; x_wconf 83' lang='lat' dir='ltr'><strong>lr.</strong></span> <span class='ocrx_word' id='word_1_413' title='bbox 818 4449 872 4511; x_wconf 85' lang='lat' dir='ltr'><strong>lteg.</strong></span> <span class='ocrx_word' id='word_1_414' title='bbox 881 4447 1002 4498; x_wconf 81' lang='lat' dir='ltr'><strong>secundus</strong></span> <span class='ocrx_word' id='word_1_415' title='bbox 1011 4446 1097 4496; x_wconf 87' lang='lat' dir='ltr'><strong>omittit</strong></span> <span class='ocrx_word' id='word_1_416' title='bbox 1107 4435 1209 4494; x_wconf 75' lang='grc' dir='ltr'><strong><em>ἇλλατὸ</em></strong></span> <span class='ocrx_word' id='word_1_417' title='bbox 1218 4441 1332 4509; x_wconf 79' lang='grc' dir='ltr'><em>πνεῦμα.</em></span> 
     </span>
     <span class='ocr_line' id='line_1_40' title="bbox 97 4509 1333 4580; baseline 0 -19"><span class='ocrx_word' id='word_1_418' title='bbox 97 4537 100 4548; x_wconf 85' lang='grc'>·</span> <span class='ocrx_word' id='word_1_419' title='bbox 151 4527 169 4562; x_wconf 89' lang='lat' dir='ltr'><strong>e.</strong></span> <span class='ocrx_word' id='word_1_420' title='bbox 186 4514 225 4562; x_wconf 84' lang='lat' dir='ltr'><strong>Sic</strong></span> <span class='ocrx_word' id='word_1_421' title='bbox 245 4516 329 4576; x_wconf 81' lang='lat' dir='ltr'><strong>lteglus</strong></span> <span class='ocrx_word' id='word_1_422' title='bbox 349 4517 440 4579; x_wconf 88' lang='lat' dir='ltr'><strong>primus</strong></span> <span class='ocrx_word' id='word_1_423' title='bbox 459 4524 482 4565; x_wconf 86' lang='lat' dir='ltr'><strong>et</strong></span> <span class='ocrx_word' id='word_1_424' title='bbox 499 4517 634 4576; x_wconf 81' lang='lat' dir='ltr'><strong>secundus,</strong></span> <span class='ocrx_word' id='word_1_425' title='bbox 652 4517 696 4566; x_wconf 88' lang='lat' dir='ltr'><strong>Se·</strong></span> <span class='ocrx_word' id='word_1_426' title='bbox 727 4515 839 4566; x_wconf 83' lang='lat' dir='ltr'><strong>&#39;lbideta</strong></span> <span class='ocrx_word' id='word_1_427' title='bbox 857 4509 889 4564; x_wconf 85' lang='grc' dir='ltr'><strong>τό</strong></span> <span class='ocrx_word' id='word_1_428' title='bbox 907 4517 943 4566; x_wconf 89' lang='lat' dir='ltr'><strong>his</strong></span> <span class='ocrx_word' id='word_1_429' title='bbox 962 4529 1016 4566; x_wconf 80' lang='lat' dir='ltr'><strong>mot</strong></span> <span class='ocrx_word' id='word_1_430' title='bbox 1034 4513 1182 4580; x_wconf 77' lang='lat' dir='ltr'><strong>sequ-‚deest</strong></span> <span class='ocrx_word' id='word_1_431' title='bbox 1199 4514 1222 4564; x_wconf 85' lang='lat' dir='ltr'><strong>in</strong></span> <span class='ocrx_word' id='word_1_432' title='bbox 1240 4513 1333 4576; x_wconf 68' lang='lat' dir='ltr'><strong>ling-l.</strong></span> 
     </span>
     <span class='ocr_line' id='line_1_41' title="bbox 119 4581 887 4646; baseline 0.008 -19"><span class='ocrx_word' id='word_1_433' title='bbox 119 4591 178 4638; x_wconf 77' lang='lat' dir='ltr'><strong>gaer.</strong></span> <span class='ocrx_word' id='word_1_434' title='bbox 196 4581 268 4634; x_wconf 83' lang='lat' dir='ltr'><strong>Besil.</strong></span> <span class='ocrx_word' id='word_1_435' title='bbox 286 4583 375 4644; x_wconf 81' lang='lat' dir='ltr'><strong>tnglic.</strong></span> <span class='ocrx_word' id='word_1_436' title='bbox 395 4592 417 4634; x_wconf 85' lang='lat' dir='ltr'><strong>et</strong></span> <span class='ocrx_word' id='word_1_437' title='bbox 435 4583 549 4636; x_wconf 86' lang='lat' dir='ltr'><strong>Ottobon.</strong></span> <span class='ocrx_word' id='word_1_438' title='bbox 584 4585 662 4636; x_wconf 83' lang='lat' dir='ltr'><strong>Ceteri</strong></span> <span class='ocrx_word' id='word_1_439' title='bbox 674 4592 698 4635; x_wconf 86' lang='lat' dir='ltr'><strong>et</strong></span> <span class='ocrx_word' id='word_1_440' title='bbox 748 4592 771 4635; x_wconf 90' lang='lat' dir='ltr'><strong>et</strong></span> <span class='ocrx_word' id='word_1_441' title='bbox 789 4585 887 4646; x_wconf 81' lang='lat' dir='ltr'><strong>Seguer.</strong></span> 
     </span>
    </p>
   </div>
   <div class='ocr_carea' id='block_1_5' title="bbox 0 0 1592 5050">
    <p class='ocr_par' dir='ltr' id='par_1_5' title="bbox 0 0 1592 5050">
     <span class='ocr_line' id='line_1_42' title="bbox 0 0 1592 5050; baseline 0 0"><span class='ocrx_word' id='word_1_442' title='bbox 0 0 1592 5050; x_wconf 95' lang='lat' dir='ltr'><strong> </strong></span> 
     </span>
    </p>
   </div>
  </div>
 </body>
</html>
