3106 5056
474 323 584 370 asarta
600 323 646 382 ιιι.
662 323 778 384 coarat
791 323 927 374 muros
1229 312 1316 388 tude

30 483 42 522 t
69 493 159 547 „essa
179 469 381 536 cooduditisi
403 471 557 552 Siquidem
578 489 704 538 massa
726 482 784 548 est,
806 475 853 538 rel
873 490 930 538 nos
952 475 1179 546 numentum
1191 477 1377 546 Patriacum.

70 574 231 655 „proprios
252 592 332 647 essa,
354 572 401 636 vel
421 572 502 638 illum
522 573 651 638 ebenum
673 592 753 648 esse,
776 575 866 640 sicuti
886 594 943 640 naa
964 577 1054 640 alieni
1074 583 1214 644 sumus.“
1246 578 1293 644 Eu

70 695 140 756 quaa
160 674 202 738 illi
224 674 371 741 ellutumt.
415 675 478 754 Ego
507 693 578 738 raro
606 675 681 746 nibil
702 676 782 738 aliud
803 677 834 738 iu
856 684 938 740 tauta
958 677 1078 742 illorum
1099 679 1294 758 perversitate
1345 747 1350 758 ,

47 775 214 858 perspicio
243 784 363 861 praeter
389 775 729 841 inconsideratissimam
750 777 946 840 temeritatem
979 777 1212 860 diabolicamque
1238 779 1293 843 da-

70 879 215 942 meutiana.
250 877 394 940 Videatur
415 877 495 942 enim
517 877 643 960 perinde
664 895 699 940 ao
719 877 856 942 diabolus
872 863 987 942 dicere:
1008 879 1044 942 lu
1058 879 1170 945 caelum
1184 897 1293 948 ascon-

69 979 180 1052 demus,
203 976 316 1042 similes
337 979 483 1044 albasimo
507 979 640 1056 erimus3
661 979 771 1062 quippe
793 981 843 1060 qui
866 999 910 1054 aa,
934 997 1009 1061 quae
1030 980 1122 1060 gratis
1144 981 1295 1047 donantur

68 1079 247 1154 bominibus,
269 1080 409 1144 donantis
430 1081 575 1144 divinitati
597 1080 688 1144 redut
710 1100 779 1144 esse
795 1081 936 1162 aequalia.
971 1080 1047 1154 Quia
1062 1079 1141 1144 euim
1155 1081 1293 1172 bominac
1311 1163 1316 1172 Ι

68 1181 143 1242 lilios
167 1180 308 1260 appellari
329 1181 498 1256 audieruut,
521 1201 555 1244 se
577 1179 667 1244 etiam
689 1200 761 1242 roro
784 1191 819 1258 et¹
834 1181 963 1246 naturali
984 1181 1045 1244 lilio
1067 1181 1204 1262 aequales
1226 1201 1312 1250 esee.

68 1281 198 1344 arbitrati
219 1291 306 1356 sunt,
335 1282 386 1364 qtti
408 1283 499 1346 iidem
520 1282 569 1346 bis
591 1281 755 1346 Salvatoria
778 1281 878 1346 verbis
905 1282 1029 1346 auditis:
1056 1288 1295 1354 striatarum

67 1387 146 1446 sieut
169 1396 198 1448 st
218 1403 289 1456 aas,
320 1403 355 1448 se
379 1384 489 1448 iterum
517 1383 684 1466 decipiunt,
715 1383 818 1463 sicque
838 1383 956 1464 seipsos
977 1385 1095 1446 laamas
1117 1375 1185 1460 ¹esse
1207 1403 1293 1452 arru-

67 1485 375 1562 gauterexiatimaat,
398 1494 432 1548 ut
452 1485 545 1548 Filius
567 1485 597 1548 in
619 1485 708 1548 Patre
729 1493 759 1546 et
778 1484 869 1546 Pater
889 1483 920 1545 ia
942 1483 1016 1546 Filia
1039 1493 1095 1560 est,
1117 1503 1175 1550 uec
1194 1493 1316 1574 alteu-¹

65 1585 139 1648 duat
159 1585 331 1650 huiusmodi
352 1587 563 1666 cogitationem
585 1575 705 1648 musam
726 1603 813 1647 casua
832 1594 866 1654 et
887 1583 989 1648 ruinae
1012 1585 1061 1646 sui
1074 1587 1168 1672 patris
1183 1585 1293 1650 diaboii

66 1687 170 1752 luisse·
666 1693 673 1702 “

153 1790 203 1854 18.
248 1788 367 1868 ltaque,
390 1797 424 1852 ut
444 1806 535 1868 saepe
558 1787 701 1861 diximus,
725 1784 751 1849 si
773 1785 828 1849 Ilei
850 1785 979 1850 Verbum
1001 1787 1081 1850 idem
1102 1805 1138 1850 ac
1157 1806 1215 1850 noa
1229 1795 1294 1872 ¹aest,

65 1890 195 1970 nihilque
218 1909 235 1950 a
256 1889 344 1952 uobis
365 1891 465 1952 didert
485 1889 544 1952 nisi
566 1889 632 1952 solo
660 1897 814 1970 tempora;
841 1907 896 1968 per
923 1887 1076 1962 melleet,
1104 1897 1171 1954 asto
1194 1889 1294 1952 nostri

63 1990 183 2065 similis,
207 1991 393 2071 eundemque
414 1989 514 2053 locum
535 1991 614 2070 apud
636 1989 754 2052 Patrem
777 1999 912 2070 occupet,
934 2009 1022 2068 quem
1041 2009 1098 2054 nos
1113 1989 1297 2066 obtinemus,

65 2109 119 2154 aec
141 2093 313 2174 unigenitus
335 2111 391 2156 nec
413 2092 512 2156 solum
534 2091 663 2154 Verbum
685 2091 730 2154 rel
751 2090 849 2154 Patris
872 2091 1022 2171 Sapientia
1043 2091 1217 2173 appelletur,
1240 2093 1296 2156 sed

63 2191 142 2256 idem
165 2213 285 2274 quoque
307 2193 396 2257 nobis
419 2193 559 2258 omnibus
580 2201 707 2274 utpote
729 2192 876 2256 similibus
892 2193 1072 2256 coneedatur
1085 2211 1205 2258 nomeu.
1236 2193 1295 2254 Par
1386 2187 1388 2192 ’

42 2295 143 2378 ,anim
167 2303 216 2356 est
235 2295 342 2358 borum
364 2314 521 2359 commuue
537 2315 606 2358 ease
621 2313 741 2368 nomen,
763 2310 890 2374 quorum
906 2313 965 2356 una
979 2302 1025 2356 cst
1039 2303 1154 2368 natura,
1177 2294 1295 2358 etiamsi
1311 2361 1315 2378 ι

61 2405 159 2459 aetate
183 2397 262 2458 inter
282 2417 317 2460 se
339 2397 505 2460 differant·
522 2396 600 2460 llino
619 2397 712 2459 bomo
735 2403 783 2456 est
796 2393 905 2484 Adam,
921 2395 1012 2456 bomo
1026 2394 1163 2460 similiter
1176 2393 1296 2468 Paulus,

61 2495 153 2560 bomo
179 2497 251 2560 item
281 2498 331 2580 qui
364 2499 453 2562 modo
487 2497 635 2580 gignitur,
666 2516 722 2560 nec
753 2495 913 2559 intervallis
946 2502 1114 2574 temporum
1146 2494 1298 2580 immutari

59 2609 165 2677 potest
188 2607 292 2662 natura
314 2599 440 2680 generis.
486 2599 634 2674 Quoobca
655 2597 682 2662 si
705 2597 794 2660 etiam
817 2596 884 2658 solo
907 2605 1042 2674 tempore
1056 2615 1073 2658 a
1087 2595 1176 2676 nobie
1197 2595 1298 2675 dillert

60 2699 212 2789 Verbum,
246 2718 372 2764 necesse
404 2701 527 2764 omnino
556 2707 603 2762 est
630 2717 688 2760 uae
717 2697 830 2759 similes
857 2697 923 2758 eiua
945 2715 1024 2758 esse.
1069 2695 1178 2758 chm
1197 2711 1385 2774 aequantes.

59 2820 118 2862 nos
151 2799 285 2864 Verbum
312 2811 364 2866 aut
384 2802 535 2882 Sapientia
566 2818 688 2872 sumus,
722 2817 818 2878 nequa
845 2796 974 2858 Verbum
1009 2803 1140 2858 creatum
1171 2802 1220 2857 eat
1246 2802 1297 2856 aut

60 2903 187 2966 iactum.
230 2903 368 2983 Alioquin
389 2904 417 2966 si
439 2921 545 2966 omnes
569 2921 605 2964 er
625 2918 685 2964 uuo
707 2897 776 2962 lacti
806 2915 926 2970 sumus,
959 2915 1051 2976 quare
1077 2895 1178 2978 ipsum
1199 2894 1311 2960 solum.

57 3011 109 3064 est
132 3001 290 3066 Verbum?
313 3003 374 3066 Sed
396 3004 423 3065 si
444 3003 512 3067 talia
535 3021 591 3064 eos
612 2999 694 3082 loqui
709 2999 805 3072 decet,
827 3017 884 3060 uos
899 3005 980 3078 corte
994 2996 1114 3060 illorum
1127 2996 1296 3077 impietates

58 3105 106 3166 vel
130 3105 234 3168 solum
256 3106 386 3187 rpgitare
408 3105 541 3168 dedecet
574 3103 640 3164 Etsi
662 3119 733 3163 vero
755 3099 830 3162 nibil
852 3117 929 3180 opus
952 3105 999 3161 est
1013 3097 1172 3160 rerba.illa
1188 3095 1297 3184 *muric-

56 3206 128 3268 sins
154 3207 339 3285 expendere,
368 3225 434 3270 orm
462 3215 523 3270 tem
543 3213 646 3284 aperte
667 3202 741 3266 nibil
761 3200 822 3264 nisi
842 3201 925 3280 pium
947 3199 1129 3280 significent,
1158 3207 1298 3282 rectaque
1397 3249 1402 3262 .

56 3306 98 3368 sit
122 3314 236 3368 nostra
256 3307 349 3381 lidae,
375 3316 410 3370 ut
432 3315 530 3370 tamea
551 3305 621 3368 inda
643 3287 733 3366 eliam
755 3301 864 3382 impias
885 3300 954 3365 illos
975 3319 1045 3366 ease
1065 3308 1222 3380 appareat,
1244 3318 1299 3380 age

55 3426 94 3468 ex
117 3408 186 3468 boc
207 3407 275 3486 ipso
296 3407 364 3469 loco
386 3406 529 3482 breviter,
551 3415 585 3468 ut
605 3425 624 3468 a
644 3403 782 3467 Patribus
804 3402 902 3464 edocti
924 3420 1040 3476 sumus,
1062 3420 1168 3464 eorum
1188 3401 1313 3476 baara,

56 3507 117 3568 sim
141 3507 279 3570 refutare
299 3525 337 3582 ae
358 3525 525 3588 gravemur.
568 3507 633 3570 llos
661 3511 710 3568 est
737 3503 852 3568 divinae
879 3503 1049 3584 scripturae
1075 3520 1127 3566 ras
1148 3499 1298 3564 naturales

48 3749 321 3919 fflgffiiddamqbos
338 3799 362 3840 st
379 3791 477 3906 Golbller.
488 3787 663 3908 ugtmlmsgi
712 3788 761 3904 Aliii.
776 3781 1008 3902 ιιι]ιξὲιιιιιῗιλέιιειὼοι
1025 3755 1130 3834 Felsina.
1147 3783 1172 3833 b.
1182 3751 1300 3831 ἄκιύιιν.

53 3927 117 3982 τοῖς
170 3865 395 3984 ἓνοιιῖφόἰῖᾆῖἶῦ
412 3865 603 3990 aagsslgobbfv.
747 3920 770 3968 Ιι.
793 3919 834 3970 Sic
858 3865 963 3981 lisgrl.
982 3925 1005 3968 st
1022 3917 1123 3980 Ssguer.
1156 3917 1185 3964 dt
1200 3909 1258 3977 lleg.
1277 3911 1308 3964 2..

89 4011 115 4058 g.
130 3940 176 4044 ᾖ
195 3994 235 4043 bie
252 4003 276 4043 et
294 4007 349 4044 max
362 4000 419 4056 post
435 3983 584 4058 ἄνθρωποι
596 3991 664 4040 deest
713 3979 759 4035 aad
777 3977 801 4034 sl
819 3975 888 4033 aridi.
927 3985 971 4034 tui
994 3993 1018 4034 et
1040 3983 1097 4034 editi
1119 3977 1302 4047 βλασφημίαι.

52 4065 78 4113 ta
99 4061 215 4114 Gobler.
233 4068 258 4110 at
275 4059 381 4110 deletam.
401 4059 423 4108 l.
558 4119 565 4126 ⁵
716 4045 779 4103 oaldi
796 4047 1024 4131 ιιεριιργάζεσιαι
1041 4059 1086 4100 etc.

89 4133 115 4182 b.
137 4131 206 4192 lleg.
226 4129 248 4176 l.
267 4136 291 4178 ct
308 4128 379 4189 Sego.
396 4125 499 4193 κτίσμα
517 4115 532 4185 ἢ
550 4121 665 4192 ποίημα.
750 4121 767 4170 l.
792 4120 833 4169 Sac
851 4120 940 4182 Regi.
960 4119 1031 4180 Saga.
1050 4115 1148 4167 Goblsr.
1162 4114 1304 4165 etialrbm.

52 4199 120 4248 udtai
142 4206 171 4247 et
193 4195 236 4246 alii
253 4187 542 4260 κτίσμακαὶποίιιμα.
571 4193 661 4243 lbidem
714 4188 738 4238 1.
773 4191 801 4236 tt
824 4187 864 4236 alii
888 4195 912 4237 st
935 4187 992 4236 editi
1015 4181 1215 4244 omittuatdalp.
1251 4181 1303 4262 llas

54 4275 169 4330 aterque
201 4263 259 4324 lleg.
284 4270 307 4313 et
330 4262 431 4324 Ssgaer.
458 4253 515 4310 insi
539 4253 615 4309 διατι
637 4250 665 4307 cl
714 4262 769 4305 aute
795 4246 902 4308 εἰκόνας
929 4255 953 4303 in
984 4251 1089 4302 aditione
1121 4248 1237 4302 Commal.
1264 4261 1304 4302 stc

50 4325 175 4448 2⁶³¹?
218 4329 325 4444 strepa.
340 4327 374 4408 '²'
401 4337 425 4378 ⁸⁸
448 4327 665 4446 3⁶¹¹⁵⁰·it'¹¹t⁶¹·
715 4323 796 4438 wit
827 4321 921 4439 ltili
941 4319 1092 4436 ”allidi
1110 4317 1243 4436 lul*
1262 4331 1304 4367 ‘⁰'

56 4469 78 4514 ι.
89 4413 126 4516 ‘gg
146 4409 268 4526 8:312:
274 4408 381 4513 hutz?
382 4409 456 4516 ‘leude
465 4404 592 4512 remuriiaei
610 4407 668 4514 aderfld
717 4405 812 4522 gasts
826 4456 881 4518 lleg.
903 4423 928 4506 1..
943 4469 999 4504 sero
1018 4454 1118 4514 Ssguer.
1131 4439 1203 4505 llasilss
1213 4379 1307 4514 exat·

53 4527 103 4582 deri
124 4529 184 4582 tasi
206 4521 274 4583 dair-
518 4531 526 4547 '
676 4567 678 4574 .
719 4533 743 4575 et
760 4523 908 4593 dulcicab.
924 4513 1082 4592 λαμβάνειν.
1104 4577 1110 4589 ,

512 4615 519 4624 “
1048 4603 1102 4656 ³2*
