3048 5052
203 331 267 395 204
603 344 630 390 s.
645 343 800 390 ιτιωιωεα
814 343 1038 390 nemausum
1058 405 1066 418 .

120 513 261 562 mmor
282 490 468 579 ·όπολάβοι
490 492 529 559 τὸ
549 497 700 580 γέννημα,
723 491 826 560 πάλιν
848 489 906 580 τήν
928 485 1045 560 οὐσίαν
1067 487 1168 559 αότοῦ
1189 495 1348 578 σημαίνων
1361 489 1408 556 λό-

204 619 261 682 γον
284 589 384 662 αὐτὸν
406 588 567 662 εἶναικαὶ
590 602 713 683 σοφίαν
734 593 790 662 καὶ
811 588 1016 678 άπαόγασμά
1037 616 1151 682 φησιν.
1180 592 1214 660 έν
1234 591 1293 678 γάρ
1307 591 1407 660 τούτου

205 696 262 766 καὶ
288 695 327 762 τὸ
355 690 491 774 άπαθές
510 698 570 782 τής
590 695 772 784 γεννήσεως
791 698 845 762 καί
866 694 907 761 τὸ
928 689 1038 762 ἀίδιον
1059 697 1114 762 καί
1136 697 1183 781 τῷ
1205 697 1275 780 θεῷ
1295 697 1408 779 πρέπον

208 797 419 884 λογιζόμεθα.
464 806 565 865 ποῖον
588 787 645 865 οὖν
667 796 783 876 πάθος
804 791 825 882 ή
847 805 949 864 ποῖον
970 801 1072 882 μέρος
1094 795 1164 864 έστλ
1186 799 1244 862 τοῦ
1268 787 1410 880 πατρὸςό

122 918 198 964 παν
209 899 305 987 λόγος
338 903 392 968 καί
421 895 440 987 ή
474 905 580 986 σοφία
608 897 664 966 καὶ
693 898 732 965 τὸ
761 893 985 984 άπαάγασμα;
1019 899 1074 966 καί
1097 900 1195 966 τοῦτο
1218 895 1411 964 δυνατόνκαὶ

209 995 328 1080 αὖτοὺς
354 999 432 1079 τοὺς
459 997 609 1122 άφρονας
636 1006 772 1102 μαθεῖν.
818 995 864 1077 ῶς
890 998 953 1085 γάρ
979 1003 1141 1085 γυναικῶν
1164 997 1328 1066 ἐπύθοντο
1348 999 1411 1118 περὶ

150 1119 163 1176 ¹,
207 1103 296 1183 οἱοῦ,
320 1098 447 1181 1ὀὕτως
467 1127 524 1168 και
515 1087 667 1188 ἄνδρας
689 1099 951 1186 ἐπερωτάτωσαν
972 1105 1051 1188 περὶ
1073 1105 1133 1168 τοῦ
1155 1100 1308 1186 λόγοο,“
1293 1125 1343 1167 ινα
1361 1098 1413 1183 μά-

206 1212 333 1285 θωσιν,
357 1199 410 1271 ότι
433 1201 509 1272 οότε
529 1203 646 1281 πάθος
668 1197 776 1270 αὐτῶν
798 1198 875 1269 οὔτε
894 1207 994 1286 μέρος
1016 1201 1086 1272 έστλ
1107 1205 1167 1270 ταῶ
1189 1204 1247 1271 νοῶ
1269 1193 1414 1270 τοάτωνέ

208 1304 367 1393 λόγος,υ
350 1331 388 1373 ον
415 1310 653 1392 προφέρονται.
699 1303 728 1370 εἰ
757 1304 794 1370 δέ
814 1306 881 1371 τῶν
905 1298 1096 1392 άνθρώπων
1117 1310 1174 1372 καί
1194 1328 1250 1372 τοι
1270 1305 1415 1390 παθητῶν

210 1406 314 1476 όντων
336 1410 391 1476 καὶ
411 1409 575 1491 μεριστῶν
598 1402 702 1474 όντων
723 1408 876 1485 τοιοῦτος
898 1400 916 1471 ὃ
939 1403 1044 1492 λόγος,
1068 1402 1160 1472 διατέ
1180 1408 1258 1491 περὶ
1274 1407 1330 1472 τοῦ
1344 1399 1417 1472 άοω-

208 1509 315 1595 μάτοο
344 1510 397 1576 καί
422 1502 599 1593 ἀμερίστου
622 1509 706 1575 θεοῶ
729 1506 827 1594 πάθη
849 1509 903 1574 καλ
925 1513 1007 1594 μέρη
1030 1503 1230 1593 λογίζονται,
1262 1507 1316 1575 ένα
1334 1507 1415 1572 τοῦτο

163 1661 165 1667 ι
209 1608 494 1697 προςποιοάμενοι
525 1607 630 1696 δῆθεν
663 1604 884 1694 εὐλαβεῖσθαι
916 1603 1124 1698 ἀρνήσονται
1153 1607 1212 1698 τήν
1246 1605 1351 1697 ἆληθή
1374 1607 1416 1673 καὶ

210 1711 310 1801 φύσει
336 1715 485 1798 γέννησιν
513 1713 572 1777 τοῦ
602 1710 695 1793 2155,-
727 1709 785 1777 καὶ
813 1707 867 1777 ότι
888 1713 965 1796 ”μέν
991 1709 1030 1778 τὸ
1054 1710 1089 1778 έκ
1110 1712 1168 1777 τοῦ
1190 1714 1276 1778 θεοῦ
1297 1715 1417 1796 γέννημα

211 1807 269 1880 οὐκ
286 1813 358 1881 έστι
380 1811 505 1894 πάθος,
530 1812 649 1891 ἱκανῶς
671 1811 728 1879 διὰ
749 1815 816 1880 τῶν
839 1811 1034 1899 ἔμπροσθεν
1056 1807 1309 1892 άποδέδεικται,
1331 1811 1419 1878 δέδει-

209 1939 284 1982 κται
307 1915 342 1981 δέ
364 1913 420 1981 καὶ
443 1914 512 2001 ίδίρι
534 1917 592 1982 νῶν
615 1910 633 1981 ό
656 1912 753 2000 λόγος
774 1910 813 1980 σά
835 1912 919 1982 κατὰ
941 1913 1057 1994 πάθος
1078 1913 1289 2000 γεννώμενος.
1322 1907 1420 1980 5205-

209 2038 320 2082 τωσαν
343 2015 455 2082 δὲκαὶ
477 2015 557 2102 περὶ
576 2019 635 2105 τῆς
658 2022 780 2104 σοφίας
802 2014 863 2082 έτά
885 2011 977 2084 αὐτά.
1009 2012 1067 2084 οὐκ
1089 2016 1178 2084 ἔστιν
1194 2012 1242 2095 ῶς
1256 2014 1420 2100 ἄνθρωποί
1509 2023 1510 2030 '

211 2112 342 2194 όθεός.
371 2115 416 2203 μὴ
439 2111 656 2202 ἀνθρώπινον
679 2117 965 2205 φανταζέοθωσαν
986 2120 1038 2184 καὶ
1061 2118 1095 2185 έν
1109 2117 1215 2204 τούτῳ
1231 2121 1310 2204 περὶ
1326 2109 1418 2182 αότοῶ.
1509 2139 1510 2144 ’

210 2217 348 2306 καὶγὰρ
370 2220 436 2286 τῶν
458 2213 652 2306 ἀνθρώπων
674 2217 777 2285 πάλιν
800 2218 954 2286 δεκτικῶν
971 2226 1094 2306 σοφίας
1108 2217 1300 2306 γεγονότων,
1323 2213 1421 2290 όθεὸς

212 2312 345 2398 οὐδενὸς
365 2325 509 2404 μετέχων
530 2314 631 2399 αὐτὸς
652 2322 710 2406 τῆς
732 2320 850 2387 ἑαυτοῦ
873 2327 996 2408 σοφίας
1017 2320 1128 2407 πατήρ
1151 2320 1251 2400 έστιν,
1275 2310 1314 2409 ής
1334 2318 1422 2401 οίμε-

211 2425 358 2503 τέχοντες
386 2421 532 2488 εἰώθασι
560 2420 664 2508 σοφοὶ
690 2422 886 2488 καλεῖσθαι·
917 2422 972 2488 καὶ
1002 2421 1074 2490 έστι
1095 2425 1149 2488 καὶ
1171 2416 1271 2542 ἀὐτή
1293 2418 1313 2508 ή
1335 2423 1423 2506 σοφία

212 2516 251 2590 οὗ
271 2521 388 2602 πάθος
410 2517 487 2592 οὐδὲ
507 2529 616 2608 μέρος,
640 2519 724 2591 άλλὰ
745 2528 886 2610 γέννημα
909 2523 997 2590 ἰ’διον
1018 2525 1076 2590 τοῦ
1099 2521 1235 2609 πατρός.
1273 2522 1423 2592 διὰτοῶτο

213 2617 264 2692 ἆελ
286 2624 407 2712 πατήρ,
427 2627 481 2692 καί
504 2619 562 2692 οὖν
584 2624 754 2710 ἐπιγέγονε
775 2627 822 2709 τῷ
844 2627 916 2710 θεῷ
939 2623 979 2690 τὸ
1001 2623 1121 2712 πατήρ,
1146 2626 1202 2692 ἵνα
1223 2624 1269 2712 μή
1292 2626 1343 2690 καὶ
1363 2645 1425 2705 τρε-

103 2796 108 2805 ,
212 2727 297 2806 πτὸς
326 2721 411 2796 εἶναι
439 2752 476 2795 νο
476 2731 596 2850 μισθη.
642 2725 672 2794 εἰ
699 2725 761 2812 γάρ
783 2724 882 2792 καλὸν
904 2725 957 2792 ’τὸ
980 2721 1065 2793 εἶναι
1087 2721 1187 2794 αὐτὸν
1209 2732 1352 2814 πατέρα,
1379 2714 1427 2788 οὖν

213 2823 263 2897 ἀεὶ
287 2829 363 2896 δέ
345 2819 385 2918 ήν
406 2829 526 2916 πατήρ,
551 2823 609 2896 οάκ
631 2823 728 2896 άελ”
705 2852 770 2914 αρα
791 2825 830 2892 τὸ
852 2817 994 2893 καλὸν
973 2855 1013 2915 ην
1036 2827 1069 2894 ἓν
1093 2823 1191 2915 αὐτῷ.

298 2936 348 2996 29.
391 2925 478 2996 Ἀλλ’
505 2929 586 3010 έδοά,
612 2936 706 3016 φασί,
729 2927 785 2996 καὶ
806 2925 858 2996 ἀεὶ
880 2929 1021 3016 ποιητής
1044 2923 1173 2996 έστιν“
1157 2953 1174 2995 ο
1197 2928 1290 3008 θεός,
1313 2927 1364 2994 καί
1380 2917 1428 2990 οὖν

213 3029 400 3114 ἐπιγέγονεν
423 3025 512 3114 αὐτῷ
534 3031 592 3096 τοῦ
615 3025 864 3117 δημιουργεῖν’
845 3055 864 3117 η
888 3030 1078 3114 δόναμιςβ
1060 3021 1108 3116 αρ’
1126 3053 1183 3096 οιν
1207 3028 1325 3117 ἐπειδή
1347 3028 1429 3112 δημι-

214 3128 331 3215 ουργός
353 3129 461 3210 έστιν,
497 3125 592 3198 ἀίδιά
614 3130 686 3198 έστι
706 3130 825 3199 καλτά
847 3131 1036 3217 ποιήματα,
1069 3130 1125 3198 καὶ
1147 3127 1185 3198 οὐ
1208 3136 1313 3214 θέμις
1335 3128 1429 3198 εἰπεῖν

195 3227 290 3297 ,οὐδὲ
313 3229 369 3296 έπὶ
391 3230 535 3298 τούτων·
558 3227 616 3297 οὐκ
638 3221 676 3319 ήν
698 3235 779 3318 πρὶν
801 3236 963 3321 θγενηθῇς
996 3230 1138 3321 άφρονες
1153 3227 1374 3318 οἷἈρειανοί.
1404 3229 1430 3290 τό

212 3331 273 3419 γὰρ
305 3327 422 3415 ὅμοιον
450 3321 522 3411 οίὸς
548 3335 602 3400 καὶ
631 3340 776 3421 ποίημα,
810 3335 867 3402 ένα
887 3335 930 3402 τὰ
952 3334 1009 3402 έπλ
1031 3337 1090 3400 τοῦ
1113 3333 1241 3420 πατρὸς
1262 3325 1431 3400 ταῦτακαὶ

215 3431 360 3500 ἐπὶτῶν
383 3434 609 3522 λδημιουργῶν
632 3436 774 3516 εέπωσι,·
807 3438 882 3515 πῶς
905 3437 941 3504 δέ
963 3434 1125 3523 τοσαύτης
1140 3436 1308 3522 διαφοράς
1323 3433 1357 3500 έν
1371 3437 1433 3504 τοῖς

215 3534 410 3622 έμπροσθον
444 3535 632 3624 δειχθείσης
662 3535 862 3620 γεννήματος
894 3538 948 3602 καὶ
982 3537 1169 3624 ποιήματος
1198 3529 1432 3621 έμμένοοσιτῇ

216 3631 367 3724 άμαθίᾳς
400 3633 503 3702 πάλιν
526 3625 583 3702 σῶν
604 3635 643 3702 τὸ
665 3632 746 3702 αὐτὸ
769 3638 914 3704 λεκτέον·
936 3638 975 3704 τὸ
997 3645 1127 3726 ποίημα
1150 3638 1275 3718 έξωθεν
1289 3639 1350 3703 τοῦ
1365 3655 1434 3700 ποι-

110 3735 122 3750 “
215 3737 330 3817 οῶντός
353 3737 452 3816 ἐστιν,
477 3733 586 3822 ῶςπερ
610 3738 754 3825 εἴρηται,
779 3733 798 3801 ό
823 3735 859 3803 δέ
880 3735 951 3815 υίὸς
974 3739 1060 3806 ἰ’διον
1082 3743 1140 3828 τῆς
1165 3732 1281 3817 οὗσίας
1302 3727 1435 3824 γέννημό

215 3839 301 3907 ἐστι·
332 3837 386 3906 διὸ
408 3841 461 3906 καί
484 3836 605 3921 τὸμὲν
626 3845 756 3928 ποίημα
778 3831 837 3904 οὐκ
860 3831 980 3926 ἀνάγκη
1004 3834 1055 3906 ἇεί
1079 3835 1180 3920 εἶναι,
1205 3835 1260 3906 ὅτε
1281 3837 1344 3925 γάρ
1365 3831 1435 3922 βοέ-

215 3942 307 4008 λεται
330 3935 348 4007 ό
372 3937 568 4030 δημιουργὸς
591 3938 768 4026 ἐργάζεται,
791 3939 830 4005 τὸ
854 3938 890 4006 δέ
910 3945 1052 4026 γέννημα
1075 3933 1113 4008 οό
1135 3939 1294 4027 βουλήσει
1307 3935 1437 4006 ῶπόκει-

250 4111 272 4144 ε.
293 4097 433 4158 δεςσεείαα.
451 4089 580 4163 όπολάβη.
855 4093 930 4144 θεοῦ.
967 4095 1064 4146 ῦσίνίει.
1088 4105 1112 4146 ει
1130 4095 1235 4148 θείελιω.
1252 4097 1275 4146 1.
1300 4089 1345 4144 ότι
1367 4081 1437 4141 155

855 4161 931 4212 θεοῦ.
967 4155 1061 4212 Editi'
1046 4176 1090 4212 ou
1106 4157 1203 4229 μέν
1175 4177 1207 4212 τα
1225 4156 1254 4213 έκ
1271 4161 1347 4215 θεοῦ.

890 4231 914 4278 δ.
933 4229 974 4280 δίε
991 4231 1022 4278 Se
1010 4245 1091 4292 οηαει.
1105 4232 1203 4282 ΒοΙιΙετ.
1223 4232 1360 4282 εῑθεΙιίιω.
1374 4230 1395 4278 1.
1416 4227 1440 4274 λΙ

856 4297 928 4348 ΒνιίΙ.
951 4297 1043 4374 Αοςίίφ.
1068 4301 1124 4360 θος.
1148 4307 1173 4348 ει
1190 4299 1332 4350 Felckm.5.
1351 4292 1439 4344 ταῦτα

856 4365 918 4414 Εδίιί
944 4357 1038 4414 ιαοτά,
1074 4365 1125 4415 Mox
1151 4367 1249 4444 θεςσει.
1273 4359 1311 4432 μή
1337 4355 1440 4426 ἅνθρω-

216 4386 804 4454 novom52552505153511555
881 4427 888 4444 ,

216 4453 280 4512 οόδέ
296 4456 387 4517 πάθος
404 4457 467 4513 οόδέ
483 4461 573 4530 μέρος
855 4445 949 4483 mm?-
985 4432 1041 4493 Rea
1061 4425 1099 4498 μὴ
1109 4423 1292 4511 άνθριόπινα.

890 4491 1164 4559 ε.θε1εΙισι.5.αότη.

250 4581 270 4614 c
290 4566 347 4629 θος
365 4573 389 4616 ει
407 4566 504 4628 θεςιιατ.
523 4556 567 4614 ὅτι
588 4561 641 4630 μὲν
658 4559 690 4613 τὸ
708 4557 736 4614 έν
754 4563 802 4613 τοῦ
889 4568 906 4618 ί.
925 4567 964 4617 Sic
982 4567 1081 4630 Sequor.
1101 4576 1124 4618 ει
1142 4569 1199 4631 θος.
1229 4560 1386 4620 sustinear
1401 4557 1442 4610 καὶ

248 4193 273 4244 b.
292 4197 391 4258 Seguer.
409 4191 497 4252 οὕτως
513 4188 805 4264 άνδρσςέρωτησάιω-

176 4325 188 4332 -
216 4269 276 4309 σαν.
312 4263 364 4312 Mox
383 4268 429 4328 8ος
432 4283 482 4316 σεε.
507 4275 530 4316 ει
555 4265 611 4328 θος.
637 4259 706 4314 τότε.
744 4265 803 4313 ibid.

216 4327 322 4406 θεύςαετ
335 4331 434 4382 Gobler
452 4342 475 4382 ει
493 4333 598 4383 Ριίελια.
611 4333 632 4382 l
651 4329 742 4385 πάθος
759 4321 805 4378 αό-
