3158 5050
585 343 694 390 omrro
710 347 747 392 ιν.
765 347 879 392 coarat
894 345 1029 396 aurnuns.
1338 347 1402 413 647

252 495 305 557 bb.
351 493 496 567 Quocirca
518 496 783 576 insanit'proieoto
805 500 908 576 Arius,
938 522 1004 565 cum
1033 505 1074 566 ait
1094 505 1222 570 Verbum
1246 529 1280 572 ex
1304 482 1486 580 nihilonoae.

163 613 255 669 esse,
289 595 441 676 fuisseque
469 598 626 678 aliquando
655 619 721 662 oum
750 619 811 662 nou
839 613 930 666 esset.
973 606 1087 668 Insanit
1108 610 1220 688 pariter
1242 611 1397 692 sabellius,

164 715 235 760 «rm
256 696 374 760 Patrem
395 697 501 762 Filium
526 719 595 764 esse
618 709 647 764 et
667 702 772 767 Filium
795 703 912 767 Patrem
936 725 1002 770 esse
1025 707 1127 783 docet,
1158 729 1249 774 unum
1280 717 1397 796 quidem

162 797 337 878 hypostasi,
367 802 420 863 sed
443 802 565 866 nomine
587 803 682 878 duos;
710 823 798 884 quem
821 813 853 868 ut
875 825 962 869 suum
985 810 1141 872 confirmet
1163 831 1313 891 errorem,
1343 818 1397 879 de-

160 905 281 963 menter
302 909 333 964 et
353 921 510 994 perperam
526 905 660 985 exemplo
676 907 786 986 gratiae
802 898 937 988 Spiritus'
947 910 1047 972 utitur.
1082 912 1128 974 Ait
1143 913 1236 976 euim:
1259 917 1396 991 „Quem-

162 1002 353 1076 „admodum
383 1007 546 1070 divisiones
579 1019 652 1071 sunt
673 1013 859 1088 pretiorum,
889 1011 965 1073 idean
992 1024 1092 1076 nutem
1120 1013 1272 1094 Spiritus,
1305 1018 1397 1082 itaet

162 1111 287 1196 „Pater
303 1110 381 1173 idem
405 1108 523 1187 quidem
545 1118 604 1183 est,
628 1111 680 1172 sed
703 1111 733 1171 in
756 1111 862 1172 Filium
886 1118 916 1173 et
938 1111 1081 1192 Spiritum
1104 1113 1272 1178 dilatatur.“
1318 1119 1480 1188 Sanensu.

159 1213 196 1275 id
216 1212 433 1294 perabsurdum
456 1221 510 1274 est.
554 1213 586 1274 Si
609 1211 689 1274 euim
712 1212 815 1274 eadem
838 1221 885 1276 est
907 1214 982 1276 ratio
1003 1213 1055 1277 Dei
1079 1223 1109 1278 et
1130 1217 1268 1297 Spiritus,
1292 1223 1394 1301 sequi·

159 1325 214 1378 tur
233 1323 267 1376 ut
288 1314 377 1377 Pater
397 1313 526 1375 Verbum
549 1315 589 1376 sit
611 1323 640 1376 et
662 1314 792 1394 Spiritus
815 1325 952 1390 sanetus,
986 1317 1026 1378 ita
1049 1325 1082 1379 ut
1103 1337 1171 1380 sese
1193 1320 1228 1380 ad
1252 1321 1396 1401 cuiusque

159 1417 372 1480 necessitatem
396 1417 624 1478 accommodans
646 1417 737 1480 modo
760 1417 800 1478 sit
821 1417 919 1491 Pater,
941 1419 1032 1480 modo
1054 1419 1194 1494 Verbum,
1217 1422 1307 1484 modo
1322 1423 1394 1502 Spi-

158 1519 250 1593 ritus,
279 1527 366 1598 etque
389 1519 464 1580 adeo
487 1519 608 1580 nomine
631 1511 717 1582 muns
739 1518 832 1580 Filius
856 1519 914 1582 erit
934 1529 964 1582 et
986 1520 1126 1601 Spiritus,
1149 1541 1182 1584 re
1204 1530 1301 1594 autem
1324 1543 1394 1588 vera

156 1621 365 1683 tantummodo
387 1621 486 1694 Peter,
509 1621 558 1701 qui
583 1611 728 1701 quatenus
752 1628 799 1684 est
816 1621 908 1684 Filius
929 1621 1106 1702 principium
1129 1624 1235 1686 babeat
1256 1643 1291 1686 ao
1304 1625 1393 1688 Pater

155 1723 301 1805 appellari
323 1723 448 1797 desinat,
473 1723 522 1802 qui
546 1722 611 1785 solo
634 1723 755 1784 nomine
777 1724 868 1786 bomo
890 1725 984 1786 laetus
1007 1724 1055 1798 sit,
1077 1745 1147 1787 vere
1168 1735 1265 1788 autem
1282 1745 1319 1788 ne
1337 1727 1391 1788 ad·
1509 1721 1510 1724 ’

156 1827 276 1888 venerit
297 1826 431 1905 quidem,
456 1823 506 1905 qui
529 1825 657 1906 denique
678 1825 752 1886 lalse
774 1825 896 1887 dixerit:
925 1827 986 1906 llpo
1009 1837 1038 1889 st
1060 1827 1166 1899 Pater,
1192 1839 1265 1890 'oum
1288 1847 1392 1890 revera

157 1928 226 2009 ipse
247 1927 287 1989 sit
307 1928 410 2002 Pater3
440 1935 597 2006 ceteraque
619 1927 764 2000 absurda,
794 1945 869 2006 quae
892 1927 1012 1989 Sabellii
1041 1946 1175 1990 errorem
1197 1928 1389 2008 subsequun-

158 2039 220 2092 tur.
263 2016 440 2092 Neoessario
468 2029 540 2091 item
562 2035 719 2091 evanescet
740 2028 805 2090 Filii
830 2035 859 2090 et
881 2028 1012 2108 Spiritus
1038 2047 1147 2090 nomen
1178 2030 1242 2091 eius
1273 2029 1389 2108 expleto

154 2149 231 2204 usu,
258 2147 293 2192 ao
318 2131 445 2214 proinde
473 2130 544 2193 nibil
567 2130 626 2192 nisi
649 2130 735 2192 ludus
758 2129 814 2192 erit
845 2148 920 2210 quae
941 2137 1005 2192 uota
1029 2137 1115 2202 sunt,
1146 2147 1212 2192 oum
1236 2149 1296 2192 nou
1319 2149 1389 2192 rere
1503 2172 1509 2188 .

157 2235 212 2297 sed
234 2235 357 2298 nomine
384 2242 472 2297 tenus
501 2233 662 2296 extiterint.
706 2231 810 2296 Deleta
833 2238 931 2293 autem
955 2249 990 2292 ex
1012 2230 1130 2292 illorum
1153 2231 1300 2292 sententia
1321 2227 1388 2292 Filii

143 2336 279 2412 'nomino
301 2321 455 2399 euanesoet
477 2354 595 2414 quoque
617 2332 759 2413 Baptismi
781 2333 892 2411 gratia,
915 2333 1025 2411 quippe
1048 2333 1097 2412 qui
1120 2332 1151 2392 in
1174 2331 1279 2394 Filium
1300 2332 1388 2394 datus

156 2435 206 2502 sit.
252 2437 330 2513 Quid
352 2455 423 2499 varo
444 2436 516 2499 inde
539 2443 691 2516 sequetur,
714 2434 771 2496 uisi
794 2451 894 2496 rerum
917 2442 1081 2494 creatarum
1105 2432 1270 2496 interitus?
1312 2434 1388 2496 Nam

154 2542 181 2604 si
205 2551 237 2604 ut
258 2559 315 2602 nos
335 2557 505 2602 crearemur
525 2538 653 2600 Verbum
674 2535 797 2616 prodiit,
820 2553 915 2613 eoque
936 2534 1104 2614 prodeunte
1119 2533 1283 2606 existimus,
1306 2543 1390 2596 certe

154 2645 222 2724 ipso
245 2642 277 2705 in
297 2643 427 2715 Patrem,
450 2641 490 2702 uti
513 2639 604 2711 siunt,
628 2639 770 2700 redeunte
793 2635 920 2696 existere
936 2635 1119 2696 desinemus.
1164 2633 1214 2696 Sie
1236 2631 1315 2694 enim
1337 2633 1385 2694 ille
1420 2665 1433 2676 -

92 2727 102 2738 ³
155 2745 222 2820 erit,
246 2754 278 2808 ut
299 2751 385 2807 autea
408 2749 481 2816 erat,
504 2742 549 2803 sie
570 2742 640 2802 item
663 2757 720 2801 nos
742 2737 816 2799 nibil
838 2736 897 2798 iam
919 2735 1041 2806 erimus,
1065 2732 1312 2813 quemadmodum
1335 2731 1384 2792 ui·
1461 2794 1468 2805 ,

152 2848 195 2909 bil
216 2848 302 2929 prius
325 2861 453 2908 eramus.
497 2843 540 2904 Eo
565 2843 673 2922 quippe
696 2859 757 2902 uon
780 2837 906 2918 amplius
928 2837 1096 2918 prodeunte
1117 2834 1195 2896 nulla
1217 2835 1316 2894 lutura
1338 2837 1388 2894 est
1480 2825 1485 2830 ’

153 2969 203 3012 res
226 2957 334 3011 creata.
978 2948 983 2958 '

238 3055 291 3116 26.
333 3051 443 3112 Verum
464 3048 538 3110 haee
560 3045 680 3126 quidem
703 3042 917 3106 absurdissima
941 3047 1020 3102 sunt.
1066 3034 1154 3110 Quod
1172 3042 1269 3096 autem
1291 3033 1383 3098 Filius

151 3153 330 3233 principium
354 3149 500 3214 existendi
522 3148 634 3211 nullum
657 3145 809 3217 babuerit,
840 3143 893 3206 sed
921 3157 1042 3220 semper
1070 3148 1101 3199 et
1128 3145 1196 3200 aute
1224 3137 1386 3198 humanam

151 3261 288 3316 naturam
311 3261 471 3316 assumtam
493 3249 570 3332 apud
592 3249 711 3311 Patrem
734 3245 897 3319 exstiterit,
920 3250 1002 3323 petet
1023 3261 1058 3304 ex
1080 3240 1127 3302 bis
1150 3239 1248 3301 verbis
1270 3239 1386 3319 primae

150 3355 271 3420 loannis
293 3357 461 3439 Epistolae:
494 3355 584 3430 Quod
604 3355 666 3432 suit
689 3349 725 3412 ob
747 3353 850 3423 initio,
881 3347 960 3427 pund
986 3345 1172 3414 andivimus,
1204 3342 1284 3423 qnod
1305 3341 1384 3403 nidi-

152 3479 219 3522 mns
243 3461 338 3523 oeulis
360 3461 494 3530 uastata,
527 3457 606 3538 qnod
624 3455 853 3535 perspemtnns,
877 3457 906 3510 st
927 3465 1036 3510 monus
1058 3456 1186 3508 nostrae
1210 3450 1384 3504 contrecta-

151 3573 265 3624 verunt
286 3563 321 3625 ds
345 3559 438 3624 Verbo
461 3563 558 3622 sitae:
593 3567 623 3618 st
643 3559 708 3617 otto
728 3553 926 3630 manifestato
948 3557 1008 3618 est,
1033 3557 1061 3609 et
1084 3547 1213 3608 aldianas
1236 3553 1264 3605 et
1286 3550 1382 3602 testa·
1482 3575 1487 3586 ·

151 3664 223 3724 mur
245 3673 274 3724 et
296 3666 515 3724 annunciamus
539 3657 623 3721 vobis
646 3661 931 3719 alsemannum,
962 3654 1126 3727 pnoenut
1147 3643 1230 3722 opud
1251 3639 1385 3710 Putrem,

151 3775 181 3827 et
203 3767 351 3845 apparuit
371 3763 468 3826 nobis.
511 3760 568 3821 ille
595 3776 662 3820 eum
690 3755 768 3818 dieat
790 3753 934 3822 loannes,
962 3747 1049 3808 dum
1079 3763 1141 3807 non
1169 3745 1274 3804 laetam
1303 3756 1387 3809 esso,

150 3865 204 3928 sed
227 3865 318 3928 lubse
340 3864 418 3944 apud
432 3862 562 3936 Patrem,
584 3859 663 3921 idem
685 3856 715 3918 iu
739 3855 797 3916 fine
812 3853 876 3915 eius
891 3849 1042 3930 Epistulae
1057 3846 1162 3908 Filium
1183 3843 1270 3903 vitam
1285 3840 1380 3917 ipsam

150 3985 219 4031 esse
240 3967 287 4030 bis
309 3965 438 4030 declarat
460 3962 575 4026 verbis:
604 3960 642 4022 ua
664 3977 770 4022 rumas
793 3958 827 4016 in
849 3969 933 4024 otro,
956 3954 988 4012 in
1011 3948 1087 4038 Filio
1111 3950 1174 4008 eins
1198 3942 1268 4004 lesu
1291 3939 1383 4002 clri-

183 4121 199 4170 l.
218 4121 275 4184 lisg.
300 4129 324 4171 et
347 4120 448 4182 Seguer.
471 4117 510 4184 τῷ
527 4111 622 4180 λέγειν.
659 4112 737 4164 Ceteri
792 4107 813 4158 1.
849 4103 984 4186 ltdnglio.
1003 4086 1053 4148 oda
1070 4098 1165 4149 omittit.
1200 4093 1381 4145 Cetarletediti

148 4199 172 4240 et
190 4189 246 4239 editi
265 4183 296 4236 τὸ
314 4184 410 4253 λέγειν,
449 4187 523 4236 Paulo
550 4192 606 4244 post
632 4183 688 4244 lisa.
716 4189 740 4229 et
790 4166 839 4222 aba
865 4187 914 4221 ουν
938 4183 1014 4236 ημεν.
1126 4231 1138 4243 .
1158 4221 1193 4244 Η
1240 4221 1248 4238 .

148 4255 248 4319 Sepuer.
266 4247 308 4310 ὢν
326 4249 340 4304 ὃ
359 4249 461 4323 πατὴρ,
479 4247 526 4302 καὶ
544 4247 603 4301 ὅσα.
640 4251 666 4299 ln
685 4248 739 4298 aliis
826 4245 847 4290 l.
867 4241 958 4302 itemst
970 4243 1040 4315 Sapo.
1060 4227 1136 4308 δηλοιΙ
1151 4245 1168 4308 ¹o
1192 4229 1320 4286 Ιωαννης.
1335 4225 1381 4303 ΙΔι
1405 4297 1411 4304 ι

149 4332 173 4374 et
191 4325 261 4375 editis
280 4317 294 4372 ὃ
313 4313 407 4374 deest‘
791 4301 806 4356 ὁ
831 4309 899 4358 abest
917 4308 947 4356 ab
972 4307 1026 4354 ultas
1052 4311 1075 4351 ot
1100 4301 1178 4378 edens.
1214 4297 1265 4376 bles
1284 4297 1380 4374 llggrps,

183 4425 204 4472 ⁸²
224 4410 298 4462 lul·
317 4401 433 4470 ema.
469 4403 547 4454 ⁰⁰¹²*
567 4415 685 4449 “m
789 4368 1186 4495 itt-¹¹⁰5·..trinttt'nt
1199 4376 1286 4416 ⁰¹⁸⁰*
1302 4375 1317 4409 ⁰
1335 4371 1378 4418 η’·

183 4505 206 4554 b.
225 4503 402 4575 uaesana.
422 4508 445 4549 et
463 4496 562 4550 anler.
581 4485 713 4553 δηλονότι.
820 4460 842 4562 ¹¹¹·
854 4459 908 4562 esp,
925 4509 982 4570 Μ
1001 4516 1026 4586 ²¹,
1043 4506 1142 4567 Smer·
1176 4471 1204 4550 j,
1223 4499 1263 4549 ,pp
1282 4503 1306 4546 ,p
1323 4492 1383 4544 “pp

185 4597 202 4646 i.
220 4597 261 4646 Sis
278 4595 337 4658 lleg.
358 4595 457 4657 Seguer.
471 4589 574 4670 poblor.
594 4593 617 4636 et
635 4584 739 4635 Felolm.
790 4573 855 4648 ἔφη.
