3048 5052
468 371 576 415 enarro
593 371 613 414 r.
631 371 745 416 conam
761 373 895 416 soranos.
1229 361 1289 422 too

74 526 119 586 ista
138 523 319 586 cllutientcm
343 522 486 602 repulerit
508 543 544 584 ex
566 523 707 594 Ecclesia,
730 523 814 586 carius
836 541 902 586 cum
923 525 1104 604 impietatem
1128 525 1206 588 lerre
1228 546 1375 590 nonunt.

73 635 170 706 posset,
194 643 263 686 eum
285 623 470 686 anathemate
492 625 655 704 percusslt;
678 644 712 686 ex
735 645 793 706 quo
815 625 1029 705 ian-tempore
1043 627 1152 688 credita
1169 637 1215 690 est
1229 628 1289 689 Arii

73 729 193 807 impietas
217 727 288 806 quid
311 726 437 808 amplius
458 745 545 805 quarn
567 737 682 788 ceteras
698 728 838 790 haereses
859 729 1024 802 continere,
1047 729 1156 810 quippe
1171 749 1245 809 quae
1260 739 1291 794 et

75 830 168 890 Claristi
192 829 310 890 inimica
332 829 409 891 dieta
432 829 481 900 sit,
505 838 536 890 et
557 829 737 908 praenuncia
758 829 932 891 Antichristi
955 832 995 892 sit
1016 831 1124 893 hahita.
1153 831 1215 893 Etsi
1231 832 1287 910 igi-

75 943 126 1002 tur,
146 931 188 991 nti
211 931 268 992 iam
292 930 368 1004 dixi,
400 939 459 992 tarn
482 931 611 1010 amplum
634 931 775 992 adversus
800 931 920 1010 impiam
943 931 1019 992 hanc
1041 932 1186 994 haeresim
1209 933 1289 993 iudi·
1330 976 1337 988 .

76 1034 139 1093 cium
158 1031 285 1094 maxime
307 1032 424 1104 sullicit,
448 1041 480 1094 nt
502 1033 566 1093 eius
589 1033 699 1094 horror
720 1033 859 1094 crucibus
882 1032 1049 1105 inliciatur,
1073 1041 1200 1095 attamen
1221 1034 1288 1112 quia

74 1133 202 1206 rioniiulli,
226 1135 276 1212 qui
300 1133 458 1196 Christiani
481 1143 634 1206 vocantur,
658 1134 703 1195 rel
725 1135 889 1196 inscienter
902 1135 947 1195 uel
966 1135 1189 1197 dissimulanter
1203 1135 1289 1197 istam

74 1235 204 1296 haeresim
237 1236 274 1297 acl
302 1235 389 1298 sidem
418 1235 494 1297 nihil
521 1236 687 1314 pertinere,
716 1243 749 1296 nt
770 1245 855 1298 antea
878 1236 988 1298 dictum
1019 1243 1077 1310 est,
1111 1237 1289 1312 existimant,

74 1337 257 1416 uusquequo
280 1339 319 1398 ita
342 1337 484 1410 sentirent,
508 1337 695 1400 Christianos
717 1355 777 1398 non
800 1337 935 1400 dubitant
955 1339 1120 1419 appellare3
1143 1357 1206 1418 age,
1230 1357 1288 1418 que

74 1449 212 1516 retegatur
234 1439 367 1502 haeresis
384 1439 501 1514 astutia,
526 1439 593 1502 illos
608 1459 664 1519 pro
679 1449 780 1501 nostra
799 1439 934 1502 iacultate
949 1441 1178 1519 interrogemus.
1201 1441 1290 1502 Forte

72 1541 139 1602 enim
160 1542 217 1602 hoe
238 1551 323 1620 pacto
346 1535 477 1602 futurum
500 1549 563 1613 est,
594 1549 627 1602 nt
655 1541 760 1603 irretiti
788 1549 904 1604 taceam
932 1551 962 1602 et
989 1529 1025 1604 ab
1055 1561 1088 1604 ca
1117 1561 1178 1604 uon
1200 1561 1288 1604 secus

71 1661 147 1720 quam
168 1663 184 1705 a
206 1652 369 1723 conspectu
391 1643 540 1722 serpentis
562 1641 682 1724 sufflant

90 2121 102 2138 ἢ
147 2051 176 2114 8.
219 2049 320 2129 ltaque
343 2050 368 2111 si
393 2049 502 2111 ideirco
526 2049 706 2111 arbitrentur
728 2049 847 2129 impiam
864 2049 995 2112 Thaliam
1019 2069 1089 2112 esse
1108 2049 1198 2129 piam,
1221 2049 1287 2128 quia

71 2151 172 2230 aliquot
192 2151 310 2211 divinae
333 2151 502 2230 Scripturas
525 2169 612 2212 voces
635 2151 799 2224 contirmnt,
828 2151 963 2230 prolecto
986 2161 1145 2231 sequetur,
1168 2161 1288 2212 uicum

71 2271 141 2312 unire
159 2253 259 2314 vident
281 2251 338 2330 legi
360 2271 376 2313 a
398 2252 514 2313 ludaeis
537 2251 645 2330 Legem
668 2260 697 2314 et
719 2253 894 2332 Prophetas,
918 2253 1068 2316 Christum
1091 2271 1208 2332 quoqne
1230 2251 1289 2331 ipsi

71 2371 129 2412 cum
157 2355 212 2416 illis
241 2359 360 2432 negent.
405 2353 482 2428 Quin
511 2353 598 2414 etiam
628 2353 654 2414 si
682 2354 835 2428 acciderit,
868 2365 901 2418 ut
926 2355 1114 2416 lllanichaeos
1148 2351 1288 2432 quasdam

71 2452 286 2533 Evangeliorom
308 2454 467 2534 particulas
489 2454 647 2516 recitantes
670 2456 805 2530 audiant,
835 2455 945 2536 Legem
974 2465 1002 2518 et
1025 2457 1190 2534 Prophetas
1223 2473 1288 2515 carm

71 2555 121 2616 illis
142 2557 296 2636 repudient
317 2575 442 2618 necesse
465 2555 562 2618 luerit.
608 2557 694 2630 Quod
724 2559 749 2618 si
777 2577 832 2638 per
858 2558 1054 2636 ignorantiam
1083 2556 1123 2617 ita
1156 2563 1291 2618 aestuant

71 2657 184 2720 ethaeo
203 2659 356 2738 garriunt,
379 2658 495 2720 ‹liscant
518 2677 553 2718 ex
575 2657 737 2736 scripturis
761 2659 858 2737 ipsum
882 2659 1031 2722 diabolum
1054 2659 1211 2718 haeresum
1233 2673 1289 2716 au·

72 2767 183 2829 ctoreut,
206 2759 422 2838 obproprium
444 2760 650 2840 perversitatis
674 2760 821 2842 lectorem
845 2757 931 2820 verha
956 2758 1175 2837 Scripturarum
1198 2774 1288 2816 usur·

71 2875 135 2936 pare
154 2861 260 2934 solere,
284 2869 316 2923 ut
337 2861 393 2922 illis
417 2861 636 2940 quodammodo
659 2859 797 2923 obtectus
820 2878 906 2921 suurn
929 2877 1074 2922 venenum
1096 2859 1195 2940 possit
1216 2858 1289 2920 laci-

71 2959 122 3020 lius
146 2981 283 3042 spargere
312 2961 521 3042 simplicesque
549 2963 772 3025 circurneuirc.
823 2963 873 3024 Sio
899 2961 989 3024 Evam
1019 2961 1121 3024 lelellit
1149 2961 1212 3035 ille,
1245 2959 1290 3023 sic

72 3063 137 3123 alias
157 3065 268 3126 elliuait
289 3065 442 3136 haereses,
465 3065 509 3126 sic
531 3065 618 3126 etiam
633 3065 692 3126 hoc
706 3075 840 3145 tempore
856 3065 925 3126 hrio
940 3065 1100 3145 persuasit,
1123 3073 1156 3126 ut
1170 3049 1199 3124 in
1215 3063 1288 3124 hae-

71 3181 149 3226 reses
170 3166 234 3246 ipse
256 3167 446 3228 inveheretur
467 3166 585 3247 illisque
606 3168 755 3229 adversari
778 3167 946 3242 simularet,
976 3185 1034 3246 quo
1057 3167 1182 3228 latenter
1204 3183 1288 3226 suam

72 3277 168 3341 posset
187 3267 334 3330 haeresim
357 3267 508 3329 iuducere.
553 3267 759 3330 Verumtamen
787 3287 825 3329 ne
854 3267 893 3330 ita
921 3268 1039 3348 quidem
1067 3268 1157 3330 latere
1190 3266 1291 3346 potuit

74 3363 225 3430 Veterator.
270 3369 307 3432 Ut
335 3369 414 3430 euim
442 3387 526 3430 suam
556 3378 658 3430 eontra
681 3369 733 3430 liei
756 3369 883 3431 Verbum
913 3370 1076 3449 expromsit
1097 3369 1373 3448 impletatem,p.ne.

75 3471 201 3532 omnihus
222 3472 321 3534 statim
344 3469 434 3532 rebus
457 3471 580 3542 excidit,
609 3470 780 3550 cunctisque
803 3481 987 3552 compertum
1010 3479 1072 3544 est,
1096 3489 1163 3532 eum
1185 3469 1215 3530 iu
1238 3487 1288 3530 cc-

76 3568 138 3630 len's
159 3579 275 3653 quoque
297 3573 432 3651 ignauam
454 3591 524 3634 esse
545 3571 677 3652 nihilque
700 3571 839 3645 omnino,
862 3573 940 3652 quod
970 3591 1071 3634 venam
1094 3571 1143 3644 sit,
1168 3571 1289 3640 sentire,

77 3670 125 3728 sed
144 3681 251 3736 mutum
274 3673 465 3736 simulatione
488 3674 539 3736 uti.
585 3675 644 3747 Qut
667 3673 745 3735 enim
767 3693 836 3736 tera
859 3675 896 3736 de
916 3674 1003 3735 Patre
1026 3675 1051 3734 is
1073 3675 1216 3753 prulerot,
1240 3669 1289 3749 qui

75 3765 183 3848 Filium,
209 3796 225 3835 a
247 3795 307 3856 quo
329 3777 426 3838 l’atris
449 3775 577 3855 cognitio
606 3775 704 3838 omnis
734 3775 919 3855 impertitur,
948 3775 1037 3836 audet
1064 3771 1195 3854 negare?
1239 3769 1290 3830 Vel

75 3878 119 3948 qui
140 3887 213 3938 recte
235 3877 272 3939 tle
295 3877 408 3958 Spiritu
430 3877 540 3938 Sancto
563 3877 612 3940 ille
635 3878 819 3957 opinabitur,
848 3878 898 3958 orti
927 3877 963 3940 de
985 3873 1075 3950 Filio,
1105 3895 1121 3936 a
1144 3891 1202 3952 quo
1225 3871 1291 3949 ipse
1359 3913 1361 3918 -

73 3971 161 4050 datur,
182 3979 271 4060 impie
293 3999 354 4040 nou
376 3988 496 4040 seretur
517 3979 622 4058 loqui?
660 3980 735 4053 Quis
758 3981 799 4042 illi
822 3979 922 4042 credat
937 3979 973 4041 tle
988 3975 1209 4040 resurrectione
1225 3971 1289 4032 dis-

101 4141 122 4176 c.
139 4129 234 4194 Seguer.
246 4132 345 4184 Gohler.
361 4131 499 4182 etielclm.
510 4129 651 4188 laninam
736 4135 758 4182 h.
777 4133 820 4183 iiie
838 4133 894 4194 lleg.
914 4131 1013 4183 Gohler.
1033 4138 1056 4179 et
1074 4127 1179 4178 l'elcltrn.
1193 4127 1215 4176 l.
1242 4125 1286 4176 llil

71 4204 126 4244 που.
160 4199 219 4250 Erilli
237 4209 261 4250 et
280 4202 320 4250 alii
340 4195 455 4248 πάντων
470 4199 547 4264 γοῦν.
701 4216 757 4251 uero
776 4193 919 4262 ἐπιβαλών.

57 4291 64 4306 ·
102 4263 269 4326 tolosanae.
279 4269 407 4318 flattena!
417 4267 552 4319 folchuni.
571 4269 648 4320 Atelli
736 4271 752 4316 i.
772 4269 871 4330 Sessuer.
884 4265 956 4317 llssil.
973 4272 996 4313 et
1006 4265 1096 4328 laglic.
1107 4257 1195 4330 μηδὲν
1213 4255 1286 4317 ὅλως.

72 4335 91 4374 tt
108 4333 163 4380 oliti
180 4327 275 4383 Satrai
286 4329 648 4402 ricuiploetsrilntvoaloer.
702 4335 748 4385 liii
768 4346 791 4384 et
809 4335 866 4384 ccliii
883 4327 953 4400 μηδὲ
966 4325 1042 4386 ὅλως,
1079 4334 1139 4383 lhhl.
1151 4331 1287 4382 letoleto.

90 4415 121 4470 ,s
141 4402 236 4464 Sreocr.
255 4404 353 4454 Gohler.
372 4414 396 4453 ct
413 4405 517 4454 l'elelm.
536 4407 556 4456 l.
576 4396 648 4454 oriam
702 4397 801 4462 ἀληθὲς
819 4401 932 4466 νωνῶν.
967 4402 1019 4451 llos
1037 4403 1137 4466 Segoer.
1155 4399 1214 4454 noir
1229 4395 1285 4466 yae·

73 4473 114 4540 [ur
136 4459 222 4524 staec,
263 4473 314 4522 ltux
334 4473 488 4523 folcheranni
507 4473 531 4524 2
550 4482 573 4522 et
592 4475 648 4525 editi
702 4461 737 4518 ἂν
755 4463 899 4536 alpheim.
935 4471 979 4520 ant
1006 4479 1029 4520 el
1056 4471 1112 4522 editi
1142 4468 1202 4522 ntis·
1231 4485 1236 4502 ‘

72 4539 177 4593 samec,
202 4548 225 4590 ot
248 4547 272 4590 ct
297 4541 354 4602 legit
371 4542 495 4604 Nunnius,
521 4543 563 4608 qui
580 4544 649 4592 uertit
702 4531 855 4598 ἀληθεύσει.

76 4603 183 4662 itmlinait.
215 4609 259 4658 atii
277 4600 433 4668 ἐπλάνησεν,
736 4607 758 4658 l.
779 4608 819 4657 Sic
836 4607 936 4671 segue.
955 4616 979 4659 et
997 4607 1053 4671 lice.
1093 4609 1121 4658 lt
1145 4605 1205 4658 Gola'
