3110 5064
345 351 490 395 errarem
505 351 543 394 na
558 351 703 396 arcanus
718 351 862 398 urcensis
877 353 993 400 srrteor.
1242 341 1284 405 dd

76 500 182 580 psalmis
202 501 257 562 ait:
288 501 356 582 Ipse
385 503 465 567 drmit
486 513 516 566 et
535 503 620 582 fecto
641 513 732 565 sorar:
760 499 1001 584 iper'maodom't
1023 515 1052 568 et
1076 516 1179 570 create
1199 516 1372 571 restrae.

77 602 139 676 Quis
158 601 254 682 itaquo
277 603 323 666 iile
345 614 410 678 est,
433 603 581 666 euidens
605 603 768 676 mandavit,
799 613 831 666 ut
852 613 882 666 et
903 607 969 685 ipae
992 605 1167 670 crearetur?
1209 607 1285 672 Nam

74 722 132 764 esre
152 711 265 782 oportet
287 703 425 778 Verbum,
448 705 496 768 cari
510 704 588 766 Deus
611 705 741 778 mandat,
764 715 793 766 et
815 706 845 766 in
866 725 926 786 quo
949 725 999 770 res
1021 710 1113 770 tactae
1136 717 1283 772 creantur.

74 805 147 883 ttqrri
166 805 241 866 atiud
265 805 394 868 Verbum
416 805 548 869 indicare
570 825 631 868 non
653 807 792 885 potestis,
814 815 932 886 praeter
953 807 1034 882 iilud,
1057 810 1137 889 qood
1159 811 1283 891 negans,

74 905 122 966 nisi
145 907 216 968 torte
243 925 353 969 norum
382 907 479 972 adhue
505 916 705 972 commentum
727 907 841 988 placeat
862 910 1040 987 excogitare.
1083 913 1126 974 lta
1149 919 1210 986 eet,
1233 912 1282 975 iu-

74 1009 169 1086 quam,
189 1009 357 1070 invenimus
380 1007 470 1082 (idem
492 1009 643 1084 nimirum,
667 1010 747 1089 quod
769 1009 839 1072 olim
862 1010 899 1072 ab
913 1011 1090 1077 Eusebiauis
1108 1023 1283 1094 usurpatum
1339 1052 1346 1061 -

73 1108 173 1184 audiri).
222 1111 358 1184 „ideireo
388 1129 494 1191 nempe
516 1111 570 1172 Dei
591 1111 698 1174 Filium
726 1111 836 1192 aliquid
869 1112 933 1174 aliia
966 1113 1092 1193 amptius
1121 1113 1232 1178 habere
1253 1125 1284 1180 ec

75 1213 263 1289 „unigenitum
287 1212 344 1281 diei
367 1213 555 1287 arbitramur,
577 1213 645 1292 quia
666 1213 750 1276 aolus
774 1216 839 1294 ipse
860 1213 958 1276 Patris
982 1222 1028 1276 est
1049 1216 1209 1295 particeps,
1231 1235 1280 1278 res

73 1321 178 1384 „autem
198 1315 272 1378 diae
295 1333 399 1380 omnes
413 1315 478 1378 Filii
501 1324 572 1378 suut
593 1315 785 1395 participes.“
831 1315 881 1377 Sic
902 1315 990 1394 igitur
1012 1316 1052 1378 iiii
1075 1316 1106 1378 in
1121 1317 1281 1382 immutan-

73 1412 109 1474 dis
133 1415 334 1498 variendiaque
364 1417 462 1482 verbis
493 1435 555 1478 non
586 1435 673 1478 secus
702 1435 736 1478 ac
758 1417 909 1481 coloribus
931 1418 1076 1482 laborant.
1122 1417 1230 1481 Verum
1251 1418 1282 1480 id

72 1513 130 1574 nihil
148 1517 295 1596 impediet,
320 1520 481 1598 quominus
505 1519 718 1592 ostendamus,
741 1519 808 1580 ittos
830 1537 900 1582 vere
921 1520 1019 1590 inania
1042 1539 1076 1582 er
1099 1528 1178 1582 terra
1199 1519 1282 1600 loqrd

70 1617 173 1696 suisque
193 1620 423 1699 cogitationibus
447 1629 595 1701 umquam
618 1621 647 1681 in
669 1621 731 1683 into
753 1621 888 1683 volutari.
1036 1685 1041 1690 ,

143 1724 187 1785 10.
229 1721 391 1786 Enimuero
415 1723 441 1783 si
463 1721 512 1784 ills
533 1722 587 1784 Dei
608 1721 686 1784 tilius
710 1730 738 1782 et
759 1739 816 1782 nos
839 1721 905 1784 Filii
927 1723 1025 1802 ipsios
1048 1721 1099 1784 tilii
1113 1723 1279 1803 appellare-

71 1839 133 1894 nur,
151 1823 304 1902 probabile
326 1831 408 1886 esset
429 1823 547 1886 iliorum
570 1831 786 1900 commentum
808 1825 861 1886 aed
883 1825 908 1884 si
931 1843 988 1888 nos
1005 1825 1094 1888 etiam
1107 1825 1279 1904 ipsiusDoi,

71 1922 138 1984 ouius
158 1921 203 1986 ilie
225 1934 275 1986 est
297 1924 386 1998 iilius,
410 1923 460 1986 tilii
483 1923 619 1998 dicimur,
642 1935 723 1988 certe
745 1925 851 2004 liquet,
875 1945 931 1988 nos
955 1927 1043 1991 etiem
1065 1925 1160 1990 Petris
1183 1927 1279 2006 parti·

70 2023 135 2100 cipes
154 2043 228 2100 esse,
252 2026 436 2106 quippe'qui
459 2027 550 2088 dieat:
573 2025 668 2090 Filios
690 2030 782 2106 gener·
801 2039 830 2088 et
852 2028 996 2092 occultavi.
1042 2028 1074 2089 Si
1090 2028 1169 2092 enim
1183 2027 1279 2110 ipsius
1309 2019 1315 2028 ’

70 2124 206 2206 parumper
227 2143 294 2191 non
316 2145 464 2202 essemus,
486 2146 546 2190 nou
569 2128 682 2188 diceret
702 2129 808 2208 genum
831 2128 857 2190 si
878 2137 977 2194 autem
998 2129 1065 2208 ipse
1083 2129 1194 2208 genuit,
1217 2149 1279 2192 non

71 2225 256 2308 dicentique,
283 2229 336 2292 aed
360 2228 439 2290 idem
462 2229 526 2307 ipse
549 2229 636 2290 Pater
657 2235 840 2290 noster-est.
868 2229 946 2292 Nihil
958 2249 1028 2294 vero
1040 2233 1140 2306 refert,
1164 2231 1190 2294 ei
1211 2251 1277 2294 am-

70 2324 132 2402 plios
157 2327 202 2390 ilie
229 2329 343 2409 aliquid
371 2329 478 2392 habeat
505 2339 535 2392 et
563 2331 676 2410 primus
706 2331 799 2392 iactus
828 2331 883 2406 sit,
911 2349 1027 2410 uosque
1049 2331 1158 2412 aliquid
1179 2334 1278 2398 minus
1340 2345 1344 2358 '

72 2445 141 2504 qoam
161 2429 206 2494 ille
226 2432 403 2504 habeamus,
426 2451 460 2494 ee
480 2441 551 2512 post
571 2433 667 2511 ipsum
684 2431 751 2494 iacti
768 2431 873 2505 simus,
896 2433 1058 2496 dummodo
1074 2452 1179 2496 omues
1194 2435 1278 2498 eius·

71 2527 122 2589 dem
141 2531 282 2596 fuerimus
303 2532 463 2614 participes
486 2541 517 2596 et
538 2533 590 2594 titii
612 2533 744 2595 eiusdem
760 2534 857 2596 Putria
874 2551 1089 2614 nuncupemur.
1118 2535 1193 2598 Nam
1210 2536 1277 2616 pius

71 2631 107 2689 vet
130 2633 218 2696 minna
247 2635 396 2698 diversam
424 2642 559 2696 naturam
588 2635 710 2698 minime
739 2635 897 2714 significat:
926 2634 957 2696 id
985 2635 1064 2696 enim
1091 2635 1149 2701 sihi
1170 2634 1279 2714 singuli

68 2741 132 2794 reete
150 2736 229 2798 tactis
252 2745 444 2816 comparant3
472 2745 560 2816 atque
589 2736 664 2798 alius
687 2735 806 2816 quidem
828 2735 930 2796 decem
952 2734 1119 2798 civitatibus
1141 2736 1278 2813 praeflui-

70 2841 116 2906 tur,
134 2837 202 2900 atus
224 2838 374 2918 quicqum
396 2838 444 2900 alii
467 2839 573 2900 sedent
594 2855 686 2916 super
708 2837 795 2898 sedes
819 2835 993 2908 duodecim,
1015 2835 1177 2900 iudicantes
1199 2835 1277 2898 duo-

70 2932 146 2998 decim
166 2940 259 3002 tribus
285 2939 393 3012 lsrae13
415 2939 463 3002 elii
484 2940 622 3002 audiunt:
650 2937 748 3002 Venite
764 2937 1109 3014 Benedictii’otriomei,
1126 2947 1172 3000 et:
1195 2937 1276 3019 Berge

69 3053 138 3098 errae
158 3041 230 3104 torae
253 3054 286 3105 et
305 3041 414 3122 fidelia
461 3040 533 3102 Cum
556 3041 629 3101 haec
649 3039 739 3120 igitur
760 3039 878 3104 illorum
898 3041 938 3102 sit
951 3038 1109 3113 sententia,
1130 3039 1195 3102 iure
1210 3058 1276 3102 me-

69 3136 114 3198 rito
133 3141 307 3216 existimant,
332 3141 504 3206 huiusmodi
517 3141 583 3202 Filii
598 3142 691 3202 Deum
714 3161 774 3205 non
788 3159 907 3222 semper
921 3141 1016 3204 tuisse
1030 3140 1157 3216 Patrem,
1179 3159 1277 3221 neque

69 3237 140 3300 talem
158 3241 262 3308 Filium
286 3263 405 3324 semper
427 3244 529 3318 inisse,
553 3244 608 3305 sed
630 3263 665 3304 ex
684 3243 777 3306 nihilo
800 3261 869 3307 esse
891 3253 1023 3306 creatum
1044 3249 1074 3304 et
1087 3244 1205 3317 iactum,
1221 3258 1360 3306 neeman.

68 3339 144 3402 tuisse
169 3353 326 3424 antequam
347 3346 465 3424 genitus
489 3353 588 3420 esset3
618 3345 763 3424 siqnidem
785 3344 834 3408 ille
856 3343 930 3407 alius
953 3344 1075 3408 omniuo
1098 3351 1275 3406 eocarere

68 3437 109 3499 [ιιι
128 3443 205 3506 ruia.
250 3447 361 3510 Verum
383 3467 448 3510 eom
471 3448 544 3508 haee
565 3445 633 3508 illos
654 3445 752 3508 dicere
774 3447 818 3506 tas
841 3446 900 3508 ianr
922 3463 983 3508 non
1006 3445 1061 3520 sit,
1082 3453 1187 3526 utpote
1209 3464 1276 3508 eum

67 3538 112 3602 itta
130 3545 365 3610 Sadducaeorum
387 3549 488 3628 potius
511 3557 541 3609 et
563 3547 782 3610 Samosateusis
804 3547 864 3610 aiut
884 3547 1017 3627 proprie,
1039 3555 1142 3620 restat,
1164 3557 1198 3610 ut
1210 3548 1275 3609 elio

68 3659 157 3719 sonan,
183 3667 244 3726 quo
268 3648 408 3716 niueum
429 3649 514 3712 iaaac
534 3650 668 3712 Abrahae
690 3656 736 3711 est
757 3647 852 3722 fflins,
873 3647 926 3710 ttet
949 3647 1055 3710 Filium
1077 3667 1145 3710 esse
1167 3667 1275 3711 eonce-

68 3739 133 3804 dnot.
169 3747 244 3812 Nam
276 3751 353 3830 quod
377 3769 413 3812 ex
432 3751 532 3832 aliquo
555 3749 683 3830 gignitur
704 3769 759 3812 nee
780 3749 966 3816 extrinsecus
989 3749 1159 3824 advehitur,
1182 3750 1275 3811 tilium

68 3859 123 3904 tare
151 3851 283 3928 agnoscit
314 3859 436 3926 natura,
471 3871 563 3932 eaque
597 3863 643 3914 eat
671 3851 791 3932 propria
818 3851 907 3914 huius
936 3851 1067 3919 nominis
1091 3849 1275 3930 significatio.

68 3941 129 4006 tium
149 3969 218 4030 ergo
239 3953 306 4016 Filii
327 3953 480 4032 generatio
503 3955 633 4016 humano
655 3971 739 4014 more
761 3961 808 4016 est
828 3952 1017 4032 intelligenda
1039 3953 1129 4027 (torte
1151 3950 1230 4012 eninr
1246 3948 1277 4010 id

68 4042 127 4120 ipsi,
153 4061 185 4114 ut
206 4061 236 4114 et
257 4055 300 4116 illi
322 4055 410 4130 oiim,
438 4055 533 4135 ignari
555 4051 735 4136 reponenti?
768 4053 967 4136 Nequaquam.
1012 4053 1074 4114 Neo
1096 4049 1175 4111 enim
1196 4049 1275 4112 Dens

67 4142 179 4216 hominis
202 4155 308 4218 similia
331 4165 387 4234 est,
410 4157 454 4218 uti
475 4175 533 4230 neo
553 4156 690 4218 homines
705 4153 769 4216 Dei.
813 4155 857 4216 llli
880 4156 959 4218 enim
982 4172 1017 4214 ex
1038 4151 1162 4214 materia
1184 4169 1275 4234 eaque

97 4433 197 4488 euasit.
213 4435 372 4508 καλοίμεθα.
496 4444 499 4456 ’
689 4445 746 4506 fleg.
771 4457 817 4492 me.
841 4443 914 4491 habet
932 4435 1014 4500 δηλον
1032 4434 1091 4498 ὅτι,
1116 4443 1160 4492 sed
1185 4441 1221 4490 ei*

98 4501 169 4554 usic
185 4507 336 4560 scribendum
355 4519 477 4574 putamus,
495 4511 637 4560 otetride-
689 4512 740 4559 otto
766 4517 865 4559 accentu
888 4511 910 4558 in
936 4505 1027 4569 δῆλον.
1068 4511 1147 4560 Ceteri
1172 4515 1192 4554 c·

73 4569 102 4611 tu
116 4569 215 4624 diunius
234 4577 328 4640 tugiam,
347 4581 388 4644 qui
407 4577 475 4630 vertit
493 4585 577 4630 certem
595 4581 637 4628 ert.
690 4571 831 4639 δηλονότι,
853 4585 877 4628 ιιι
895 4586 918 4628 et
936 4579 994 4642 tegit
1011 4577 1121 4629 imbros.
1141 4576 1173 4626 eo

1034 4660 1072 4710 3*
