3054 5056
484 359 594 404 ουτω
610 361 655 404 ur.
671 359 789 406 couraa
802 363 939 406 munos.
1241 355 1304 420 583

82 512 177 574 mendi
194 528 268 573 enar.
292 509 484 572 *Perturbari
506 511 585 572 enim
607 511 706 574 earnis
728 511 884 593 proprium
907 522 963 588 est,
987 516 1040 578 sed
1055 493 1232 595 polestotem
1248 523 1390 586 lna-m

81 612 147 674 bere
168 611 295 674 animam
317 631 372 674 sua
394 611 516 674 arbitrio
537 613 668 694 ponendi
691 621 721 676 et
742 613 879 676 sumendi
901 615 931 677 id
946 615 1047 696 utique
1062 635 1123 680 non
1138 619 1302 699 hominum,

81 716 130 777 sed
151 715 302 796 potentiae
324 713 411 776 Verbi
433 713 588 794 proprium
612 723 667 776 est.
710 715 772 777 Nec
794 716 873 777 enim
895 716 985 780 homo
1001 737 1055 780 aua
1069 727 1228 800 potestate,
1251 726 1304 788 sed

81 825 198 879 naturae
219 816 399 879 necessitate
420 815 591 896 invitusque
613 815 751 878 moritur.
795 815 1001 892 binominus,
1024 819 1075 898 qui
1096 821 1163 901 ipse
1185 825 1304 904 quidem

81 917 250 980 immortalis
279 925 339 990 est,
369 916 422 978 sed
451 917 606 978 mortalem
629 927 815 982 assumserat
836 937 972 996 caruem,
999 929 1177 1000 potestatem
1200 927 1304 990 habuit

81 1028 111 1081 ut
129 1019 208 1083 Deus
229 1018 402 1082 discedendi
424 1037 440 1079 a
463 1037 590 1099 corpore
612 1017 742 1099 illudque
764 1020 873 1082 iterum
896 1022 1084 1098 assumendi,
1108 1043 1174 1088 cum
1197 1029 1302 1092 volae-

78 1121 124 1182 rit
168 1121 233 1195 Qua
256 1122 293 1182 de
314 1139 348 1182 re
371 1120 410 1182 ita
433 1119 539 1182 cecinit
560 1120 671 1183 Davidr
696 1121 767 1184 Nou
790 1121 980 1206 derelinques
1001 1129 1133 1188 numam
1154 1137 1303 1194 macerata

79 1223 214 1302 inserere,
242 1241 337 1304 neque
359 1223 441 1284 dabis
463 1220 612 1286 Scortum
634 1233 720 1286 tuum
741 1225 844 1286 uidere
867 1229 1104 1307 corruptionem.
1149 1227 1303 1308 Siquidem

79 1319 196 1386 decebat
217 1342 351 1396 carnem,
374 1341 449 1404 quae
472 1323 657 1403 corruptioni
680 1331 745 1386 erat
766 1323 913 1400 obnoxia,
935 1345 995 1401 nou
1018 1327 1144 1407 amplius
1166 1347 1222 1408 pro
1245 1349 1301 1392 na-

79 1431 140 1486 tura
161 1444 216 1489 sua
238 1424 392 1488 mortalem
415 1444 546 1500 manere,
569 1425 622 1486 sed
645 1433 770 1505 propter
784 1425 925 1502 Verbum,
949 1429 1029 1509 quod
1051 1428 1131 1491 illam
1153 1431 1302 1508 induerat,

78 1526 274 1606 corruptionis
298 1534 448 1606 expertem
471 1545 549 1588 esse.
594 1527 668 1589 Nam
691 1535 723 1590 ut
744 1527 809 1607 ipse
831 1538 937 1592 nosue
960 1539 1081 1612 accepto
1098 1550 1225 1612 corpore
1241 1553 1300 1595 no-

77 1635 132 1690 stra
153 1637 202 1690 est
222 1628 368 1702 imitatus,
390 1629 433 1692 ita
454 1647 511 1691 nos
534 1637 676 1709 suscepto
697 1628 794 1690 Verbo
817 1627 1048 1694 immortalitatis
1072 1631 1205 1696 eiusdem
1227 1653 1299 1714 par-

78 1729 178 1810 ticipes
201 1731 356 1792 allicimur.

155 1833 211 1897 58.
253 1831 376 1894 Frustra
398 1849 469 1911 ergo
493 1830 664 1894 scandalum
684 1831 746 1911 pati
769 1830 910 1894 simulant
932 1841 962 1894 et
983 1833 1051 1896 vilia
1066 1835 1211 1899 deierba
1228 1857 1300 1900 aen-

76 1933 148 1996 tiunt
167 1933 287 2008 bruni,
320 1933 401 2013 quod
424 1934 523 2014 ipsum
544 1931 751 2013 perturbatum
773 1934 868 1996 luisse
891 1942 921 1996 et
942 1935 1060 1997 flevisse
1083 1937 1227 2017 scriptum
1250 1941 1299 2002 sit.

76 2035 148 2098 ilinc
169 2035 257 2098 enim
272 2055 311 2098 ne
332 2037 494 2100 humanum
516 2035 636 2115 quidem
659 2053 784 2096 sensum
805 2034 915 2098 babere
937 2035 1089 2112 videntur,
1119 2039 1228 2120 quippe
1250 2041 1302 2121 qui

74 2135 228 2200 hominum
254 2137 392 2218 ignorent
417 2144 552 2198 naturam
582 2143 612 2197 et
638 2136 855 2216 proprietates,
884 2136 922 2198 ob
951 2155 1024 2218 quas
1047 2147 1128 2202 certe
1150 2161 1185 2202 eo
1207 2143 1302 2221 magia

74 2238 260 2302 admirationi
282 2259 350 2302 esse
372 2238 484 2312 debuit,
507 2237 586 2318 quod
609 2237 737 2300 Verbum
760 2239 790 2299 iu
812 2238 983 2302 huiusmodi
1006 2259 1095 2302 carne
1116 2241 1221 2316 luerit,
1245 2262 1302 2305 uec

72 2340 258 2420 prohibuerit
279 2339 480 2414 insidiatores,
503 2358 559 2402 nec
580 2339 788 2402 interfectores
812 2339 905 2402 ultum
928 2342 985 2414 sit,
1007 2341 1140 2421 quamvis
1163 2344 1192 2405 id
1216 2344 1300 2406 laclia

73 2441 118 2504 ille
138 2442 307 2522 potuisset,
336 2441 386 2522 qui
408 2440 444 2502 ab
467 2439 532 2502 aliis
555 2448 683 2502 mortem
701 2439 841 2520 prohibet
864 2449 895 2502 et
915 2448 1053 2504 mortuos
1076 2441 1111 2504 ad
1134 2443 1225 2504 vitam
1247 2463 1299 2506 re-

73 2553 162 2606 vocat
212 2543 318 2606 Verum
346 2561 455 2622 corpus
484 2559 571 2604 suum
601 2541 662 2621 pati
683 2541 837 2620 permisit,
864 2541 1120 2622 quandoquidem,
1148 2551 1181 2604 ut
1209 2561 1300 2624 supra

73 2643 139 2720 diui,
160 2645 276 2708 idcircd
298 2654 435 2716 venerat,
459 2651 491 2704 ut
513 2659 601 2704 carne
623 2650 790 2721 pateretur,
820 2661 916 2722 eoque
938 2649 1025 2721 pacto
1048 2659 1116 2704 caro
1139 2643 1169 2705 in
1191 2652 1385 2723 poste-reor.

72 2763 133 2810 runa
154 2745 351 2828 impassibilis
374 2745 549 2808 redderetur
565 2752 594 2806 et
608 2743 796 2817 immortalis,
820 2752 919 2824 atque,
942 2743 1190 2823 quemadmodum
1206 2763 1299 2824 saepe

71 2847 217 2924 diximus,
246 2857 279 2912 ut
305 2849 429 2910 iniurias
460 2855 615 2926 ceteraque
636 2843 717 2907 velut
737 2845 789 2906 illo
811 2844 942 2925 patiente
964 2863 998 2906 ea
1020 2844 1056 2906 ad
1079 2844 1218 2907 homines
1240 2845 1299 2907 iam

71 2967 129 3011 uon
151 2950 280 3031 amplius
304 2950 449 3012 auderent
470 2947 620 3020 accedere,
643 2946 697 3008 aed
719 2946 756 3007 ab
777 2946 845 3026 ipso
861 2945 1175 3026 penitus-delerentur,
1198 2945 1299 3026 illique

71 3049 211 3132 deinceps
245 3057 390 3132 perpetuo
424 3047 587 3128 incorrupti
618 3056 756 3128 tanquam
789 3045 931 3126 templum
959 3043 1046 3108 Verbi
1079 3055 1299 3127 permanerent

72 3151 103 3214 ai
131 3153 206 3216 hoec
235 3172 337 3216 secum
360 3152 471 3234 Christi
499 3152 605 3212 hostes
633 3149 831 3228 cogitassent,
853 3147 1153 3227 Eodeaiasticumqre
1174 3167 1300 3230 scapmn

70 3261 210 3334 unquam
240 3255 307 3316 lidei
335 3254 495 3328 anchoram
517 3252 725 3332 agnovissent,
755 3251 927 3330 neutiquam
950 3249 1026 3312 circa
1048 3245 1136 3310 lidedr
1158 3251 1301 3314 leobaent

70 3358 266 3438 naubagiuan,
288 3357 480 3437 usqueadeo
504 3363 606 3416 essent
626 3352 825 3433 impudentes,
848 3360 882 3414 ut
903 3351 950 3414 bis
973 3350 1169 3424 resisterent,
1192 3353 1243 3430 qni
1265 3371 1301 3416 aa

69 3457 169 3543 lapapa
200 3467 347 3522 conantur
375 3456 506 3537 erigere,
534 3473 590 3518 nec
616 3454 684 3516 illos
707 3453 764 3518 sibi
787 3455 923 3518 iolensoa
946 3452 1107 3527 haberent,
1135 3452 1186 3531 qui
1207 3471 1241 3514 se
1262 3451 1300 3514 ad

71 3577 168 3624 run
191 3561 334 3642 pietatem
355 3557 590 3641 amplectendam
612 3557 815 3620 cohartantm.
861 3555 1013 3628 Sedenim,
1037 3561 1069 3616 ut
1083 3551 1209 3624 videtur,
1224 3552 1301 3612 rocla

71 3663 207 3740 psalm
234 3680 286 3725 res
312 3670 360 3724 est
386 3659 569 3734 haereticum,
597 3657 776 3740 penitusque
807 3665 982 3738 corruptum
1005 3663 1035 3716 et
1056 3653 1094 3715 ad
1117 3651 1301 3733 Mpietatem

924 3852 931 3878 Ι

68 3924 122 3976 past
144 3917 206 3982 lleq.
226 3918 251 3967 l.
269 3924 293 3966 et
316 3917 457 3977 Sequeriao.
477 3907 540 3963 adu
556 3905 661 3962 laelios.
713 3911 818 3962 Felalm.
838 3912 862 3961 h.
898 3910 958 3961 lbid.
982 3909 1039 3972 lteq.
1059 3907 1081 3958 l.
1106 3915 1130 3957 et
1147 3905 1246 3966 Segaer.
1265 3892 1302 3978 alp

68 3980 114 4033 dlii
131 3991 159 4036 at
175 3985 237 4036 aditi
254 3976 317 4034 arias
333 3975 457 4034 Mirer.
712 3972 779 4032 ruia
795 3975 845 4027 rao
861 3970 953 4044 λόγου.
988 3976 1033 4025 atil
1052 3983 1075 4024 et
1092 3973 1150 4023 aditi
1168 3963 1302 4046 vadsttov

98 4052 116 4100 l.
140 4051 202 4116 aaa.
217 4047 249 4104 1.
270 4061 295 4104 at
318 4053 417 4113 Sequar.
443 4043 490 4100 aaa
506 4045 588 4098 sadra
605 4041 661 4114 reip
711 4043 788 4096 θεοῦ.
827 4033 1094 4096 assumendam-l
1102 4048 1302 4106 χριστομηοι.

68 4112 118 4168 sch
154 4119 186 4172 lu
204 4119 391 4172 aliisataditis
408 4113 464 4185 γάρ
482 4117 661 4196 descedente
747 4141 763 4189 ἱ.
781 4139 886 4202 ΗΜΘ
911 4137 968 4199 Μ
994 4145 1017 4185 0,
1035 4121 1301 4196 &mmmm

68 4195 121 4264 2⁰⁵²
140 4188 201 4268 dfe
223 4187 245 4236 ¹·
257 4197 293 4266 ..⁰¹
315 4187 415 4265 segaqr.
439 4179 487 4234 ”²
502 4176 662 4300 ”fflffi
712 4206 756 4257 arra
775 4213 799 4256 a
816 4207 873 4256 catat
891 4199 941 4253 τὸν
958 4197 995 4252 as.
1032 4201 1082 4252 uox
1094 4201 1158 4280 'aaa
1174 4198 1239 4278 aar
1255 4195 1302 4246 se-

69 4253 188 4332 ΨΜ·
228 4255 273 4306 ³¹¹¹
297 4263 322 4308 ⁸¹
338 4256 397 4305 “¹¹¹
413 4248 460 4302 ἀι
475 4247 574 4302 ΜΨ
712 4277 819 4338 quartae.
837 4267 1028 4338 ἐπεγίνωσκον.
1063 4269 1108 4319 Aba
1127 4276 1151 4319 et
1174 4265 1231 4318 adul
1248 4257 1303 4330 lyt-

69 4317 124 4380 ἧς.
713 4351 829 4390 ruccas.

100 4405 120 4453 a.
141 4391 202 4454 llee.
231 4389 253 4440 t.
277 4396 303 4440 et
324 4389 425 4452 Segasa.
449 4379 488 4442 alc
510 4379 596 4436 adata
613 4383 663 4446 stit

70 4445 177 4570 {pqr-5.
217 4457 297 4508 cam
323 4465 347 4508 ,ι
370 4457 428 4508 adm
450 4449 489 4510 εἷς
511 4447 596 4504 αὐτὸ,
615 4445 663 4502 ,αι
714 4432 846 4555 οῶἐίὶος.
861 4411 1083 4496 1.οιὲεςυ.οὕτε.
1120 4427 1199 4479 Ceteri
1212 4424 1303 4478 etediti

86 4539 124 4645 qb:
142 4583 296 4661 ὅφθιῃοι
313 4593 413 4645 abacta
430 4591 502 4644 llaail.
520 4591 578 4655 aee
596 4559 621 4642 l.
639 4597 663 4640 at
745 4585 766 4639 i.
782 4587 882 4650 Sequor.
898 4574 1032 4650 πονηράν.
