<?xml version="1.0" encoding="UTF-8"?>
<!DOCTYPE html PUBLIC "-//W3C//DTD XHTML 1.0 Transitional//EN"
    "http://www.w3.org/TR/xhtml1/DTD/xhtml1-transitional.dtd">
<html xmlns="http://www.w3.org/1999/xhtml" xml:lang="en" lang="en">
 <head>
  <title>
</title>
<meta http-equiv="Content-Type" content="text/html;charset=utf-8" />
  <meta name='ocr-system' content='tesseract 3.04.00' />
  <meta name='ocr-capabilities' content='ocr_page ocr_carea ocr_par ocr_line ocrx_word'/>
</head>
<body>
  <div class='ocr_page' id='page_1' title='image "./sanctiathanasii01athagoog_0582.png"; bbox 0 0 3122 5060; ppageno 0'>
   <div class='ocr_carea' id='block_1_1' title="bbox 473 325 1303 393">
    <p class='ocr_par' dir='ltr' id='par_1_1' title="bbox 473 325 1303 393">
     <span class='ocr_line' id='line_1_1' title="bbox 473 325 1303 393; baseline 0.01 -8"><span class='ocrx_word' id='word_1_1' title='bbox 473 341 642 386; x_wconf 68' lang='lat' dir='ltr'><strong>omrro&#39;m.</strong></span> <span class='ocrx_word' id='word_1_2' title='bbox 658 339 923 386; x_wconf 72' lang='lat' dir='ltr'><strong>corruituros.</strong></span> <span class='ocrx_word' id='word_1_3' title='bbox 1146 325 1151 334; x_wconf 81' lang='grc'><strong>’</strong></span> <span class='ocrx_word' id='word_1_4' title='bbox 1241 327 1303 393; x_wconf 82' lang='grc'><strong>535</strong></span> 
     </span>
    </p>
   </div>
   <div class='ocr_carea' id='block_1_2' title="bbox 78 491 1400 3526">
    <p class='ocr_par' dir='ltr' id='par_1_2' title="bbox 80 491 1389 677">
     <span class='ocr_line' id='line_1_2' title="bbox 80 491 1389 576; baseline -0.008 -16"><span class='ocrx_word' id='word_1_5' title='bbox 80 517 143 560; x_wconf 87' lang='lat' dir='ltr'><strong>non</strong></span> <span class='ocrx_word' id='word_1_6' title='bbox 175 497 233 560; x_wconf 80' lang='lat' dir='ltr'><strong>ism</strong></span> <span class='ocrx_word' id='word_1_7' title='bbox 265 493 431 567; x_wconf 69' lang='lat' dir='ltr'><strong>tenesmis,</strong></span> <span class='ocrx_word' id='word_1_8' title='bbox 463 493 517 556; x_wconf 85' lang='lat' dir='ltr'><strong>sed</strong></span> <span class='ocrx_word' id='word_1_9' title='bbox 544 492 672 556; x_wconf 78' lang='lat' dir='ltr'>Verbum</span> <span class='ocrx_word' id='word_1_10' title='bbox 698 500 733 555; x_wconf 80' lang='lat' dir='ltr'><strong>st</strong></span> <span class='ocrx_word' id='word_1_11' title='bbox 752 493 827 574; x_wconf 83' lang='lat' dir='ltr'><strong>ipso·</strong></span> <span class='ocrx_word' id='word_1_12' title='bbox 841 493 946 556; x_wconf 84' lang='lat' dir='ltr'><strong>olleota</strong></span> <span class='ocrx_word' id='word_1_13' title='bbox 968 501 1051 556; x_wconf 84' lang='lat' dir='ltr'><strong>esset</strong></span> <span class='ocrx_word' id='word_1_14' title='bbox 1071 491 1110 556; x_wconf 89' lang='lat' dir='ltr'><strong>ob</strong></span> <span class='ocrx_word' id='word_1_15' title='bbox 1132 494 1230 576; x_wconf 64' lang='lat' dir='ltr'><strong>mrum</strong></span> <span class='ocrx_word' id='word_1_16' title='bbox 1252 497 1389 559; x_wconf 69' lang='lat' dir='ltr'><strong>neiron.</strong></span> 
     </span>
     <span class='ocr_line' id='line_1_3' title="bbox 83 596 862 677; baseline -0.003 -17"><span class='ocrx_word' id='word_1_17' title='bbox 83 599 229 672; x_wconf 84' lang='lat' dir='ltr'><strong>Verbum,</strong></span> <span class='ocrx_word' id='word_1_18' title='bbox 251 597 330 677; x_wconf 87' lang='lat' dir='ltr'><strong>quod</strong></span> <span class='ocrx_word' id='word_1_19' title='bbox 352 596 449 660; x_wconf 80' lang='lat' dir='ltr'><strong>nostri</strong></span> <span class='ocrx_word' id='word_1_20' title='bbox 471 614 560 658; x_wconf 81' lang='lat' dir='ltr'><strong>causa</strong></span> <span class='ocrx_word' id='word_1_21' title='bbox 582 613 652 658; x_wconf 80' lang='lat' dir='ltr'><strong>caro</strong></span> <span class='ocrx_word' id='word_1_22' title='bbox 675 596 782 658; x_wconf 72' lang='lat' dir='ltr'><strong>melum</strong></span> <span class='ocrx_word' id='word_1_23' title='bbox 806 605 862 658; x_wconf 85' lang='lat' dir='ltr'><strong>est.</strong></span> 
     </span>
    </p>

    <p class='ocr_par' dir='ltr' id='par_1_3' title="bbox 78 697 1400 3526">
     <span class='ocr_line' id='line_1_4' title="bbox 169 697 1303 780; baseline -0.005 -14"><span class='ocrx_word' id='word_1_24' title='bbox 169 701 221 766; x_wconf 80' lang='lat'><strong>34.</strong></span> <span class='ocrx_word' id='word_1_25' title='bbox 264 699 303 760; x_wconf 90' lang='lat' dir='ltr'><strong>Ut</strong></span> <span class='ocrx_word' id='word_1_26' title='bbox 335 707 432 760; x_wconf 85' lang='lat' dir='ltr'><strong>autem</strong></span> <span class='ocrx_word' id='word_1_27' title='bbox 466 698 630 760; x_wconf 76' lang='lat' dir='ltr'><strong>accuratius</strong></span> <span class='ocrx_word' id='word_1_28' title='bbox 658 698 800 778; x_wconf 77' lang='lat' dir='ltr'><strong>cognosci</strong></span> <span class='ocrx_word' id='word_1_29' title='bbox 827 697 942 778; x_wconf 82' lang='lat' dir='ltr'><strong>possit,</strong></span> <span class='ocrx_word' id='word_1_30' title='bbox 973 705 1110 762; x_wconf 78' lang='lat' dir='ltr'><strong>namram</strong></span> <span class='ocrx_word' id='word_1_31' title='bbox 1135 698 1303 780; x_wconf 76' lang='lat' dir='ltr'><strong>vortipori</strong></span> 
     </span>
     <span class='ocr_line' id='line_1_5' title="bbox 82 799 1307 881; baseline -0.001 -17"><span class='ocrx_word' id='word_1_32' title='bbox 82 801 156 864; x_wconf 88' lang='lat' dir='ltr'>nihil</span> <span class='ocrx_word' id='word_1_33' title='bbox 178 819 285 881; x_wconf 84' lang='lat' dir='ltr'><strong>posse,</strong></span> <span class='ocrx_word' id='word_1_34' title='bbox 315 800 472 879; x_wconf 82' lang='lat' dir='ltr'><strong>carnisque</strong></span> <span class='ocrx_word' id='word_1_35' title='bbox 493 799 680 866; x_wconf 75' lang='lat' dir='ltr'><strong>infirmiores</strong></span> <span class='ocrx_word' id='word_1_36' title='bbox 702 811 825 880; x_wconf 88' lang='lat' dir='ltr'><strong>propter</strong></span> <span class='ocrx_word' id='word_1_37' title='bbox 845 817 964 862; x_wconf 85' lang='lat' dir='ltr'><strong>carnem</strong></span> <span class='ocrx_word' id='word_1_38' title='bbox 985 799 1044 880; x_wconf 87' lang='lat' dir='ltr'><strong>ipsi</strong></span> <span class='ocrx_word' id='word_1_39' title='bbox 1065 799 1199 874; x_wconf 85' lang='lat' dir='ltr'><strong>attribui,</strong></span> <span class='ocrx_word' id='word_1_40' title='bbox 1228 801 1307 863; x_wconf 87' lang='lat' dir='ltr'><strong>haud</strong></span> 
     </span>
     <span class='ocr_line' id='line_1_6' title="bbox 82 899 1307 980; baseline -0.001 -15"><span class='ocrx_word' id='word_1_41' title='bbox 82 905 120 966; x_wconf 83' lang='lat' dir='ltr'><strong>ab</strong></span> <span class='ocrx_word' id='word_1_42' title='bbox 142 921 175 964; x_wconf 91' lang='lat' dir='ltr'><strong>re</strong></span> <span class='ocrx_word' id='word_1_43' title='bbox 197 903 254 964; x_wconf 88' lang='lat' dir='ltr'><strong>erit</strong></span> <span class='ocrx_word' id='word_1_44' title='bbox 275 902 394 964; x_wconf 85' lang='lat' dir='ltr'><strong>beatum</strong></span> <span class='ocrx_word' id='word_1_45' title='bbox 415 901 536 963; x_wconf 81' lang='lat' dir='ltr'><strong>Petrum</strong></span> <span class='ocrx_word' id='word_1_46' title='bbox 558 901 677 974; x_wconf 70' lang='lat' dir='ltr'><strong>audirer</strong></span> <span class='ocrx_word' id='word_1_47' title='bbox 707 901 813 980; x_wconf 76' lang='lat' dir='ltr'><strong>dignus</strong></span> <span class='ocrx_word' id='word_1_48' title='bbox 836 899 983 980; x_wconf 86' lang='lat' dir='ltr'><strong>siquidem</strong></span> <span class='ocrx_word' id='word_1_49' title='bbox 1005 901 1090 964; x_wconf 82' lang='lat' dir='ltr'><strong>tostis</strong></span> <span class='ocrx_word' id='word_1_50' title='bbox 1111 911 1173 974; x_wconf 87' lang='lat' dir='ltr'><strong>est,</strong></span> <span class='ocrx_word' id='word_1_51' title='bbox 1202 903 1248 963; x_wconf 90' lang='lat' dir='ltr'><strong>cui</strong></span> <span class='ocrx_word' id='word_1_52' title='bbox 1270 902 1307 964; x_wconf 82' lang='lat' dir='ltr'><strong>du</strong></span> 
     </span>
     <span class='ocr_line' id='line_1_7' title="bbox 83 1001 1306 1084; baseline -0.001 -16"><span class='ocrx_word' id='word_1_53' title='bbox 83 1003 236 1068; x_wconf 76' lang='lat' dir='ltr'><strong>Salvatore</strong></span> <span class='ocrx_word' id='word_1_54' title='bbox 257 1003 366 1066; x_wconf 87' lang='lat' dir='ltr'><strong>dicenti</strong></span> <span class='ocrx_word' id='word_1_55' title='bbox 387 1003 462 1066; x_wconf 83' lang='lat' dir='ltr'><strong>fides</strong></span> <span class='ocrx_word' id='word_1_56' title='bbox 485 1003 636 1068; x_wconf 85' lang='lat' dir='ltr'><strong>habeatur.</strong></span> <span class='ocrx_word' id='word_1_57' title='bbox 674 1003 724 1065; x_wconf 90' lang='lat' dir='ltr'><strong>Sic</strong></span> <span class='ocrx_word' id='word_1_58' title='bbox 746 1021 818 1084; x_wconf 73' lang='lat' dir='ltr'><strong>ergo</strong></span> <span class='ocrx_word' id='word_1_59' title='bbox 839 1003 871 1065; x_wconf 90' lang='lat' dir='ltr'><strong>in</strong></span> <span class='ocrx_word' id='word_1_60' title='bbox 887 1003 1022 1083; x_wconf 79' lang='lat' dir='ltr'><strong>Epistola</strong></span> <span class='ocrx_word' id='word_1_61' title='bbox 1042 1001 1161 1066; x_wconf 86' lang='lat' dir='ltr'><strong>soribit:</strong></span> <span class='ocrx_word' id='word_1_62' title='bbox 1188 1003 1306 1068; x_wconf 68' lang='lat' dir='ltr'><strong>Christo</strong></span> 
     </span>
     <span class='ocr_line' id='line_1_8' title="bbox 84 1103 1307 1189; baseline 0.002 -21"><span class='ocrx_word' id='word_1_63' title='bbox 84 1111 180 1189; x_wconf 65' lang='lat' dir='ltr'><strong>icitur</strong></span> <span class='ocrx_word' id='word_1_64' title='bbox 203 1123 267 1187; x_wconf 85' lang='lat' dir='ltr'><strong>pro</strong></span> <span class='ocrx_word' id='word_1_65' title='bbox 289 1106 374 1168; x_wconf 78' lang='lat' dir='ltr'><strong>nodis</strong></span> <span class='ocrx_word' id='word_1_66' title='bbox 397 1123 489 1168; x_wconf 84' lang='lat' dir='ltr'><strong>corne</strong></span> <span class='ocrx_word' id='word_1_67' title='bbox 507 1123 612 1186; x_wconf 78' lang='lat' dir='ltr'><strong>posco.</strong></span> <span class='ocrx_word' id='word_1_68' title='bbox 656 1103 786 1166; x_wconf 83' lang='lat' dir='ltr'><strong>Proinde</strong></span> <span class='ocrx_word' id='word_1_69' title='bbox 809 1123 875 1167; x_wconf 81' lang='lat' dir='ltr'><strong>urm</strong></span> <span class='ocrx_word' id='word_1_70' title='bbox 897 1105 1012 1169; x_wconf 83' lang='lat' dir='ltr'><strong>esurire</strong></span> <span class='ocrx_word' id='word_1_71' title='bbox 1034 1103 1141 1168; x_wconf 89' lang='lat' dir='ltr'><strong>dicitur</strong></span> <span class='ocrx_word' id='word_1_72' title='bbox 1163 1113 1191 1166; x_wconf 88' lang='lat' dir='ltr'><strong>et</strong></span> <span class='ocrx_word' id='word_1_73' title='bbox 1213 1105 1307 1180; x_wconf 87' lang='lat' dir='ltr'><strong>sitire,</strong></span> 
     </span>
     <span class='ocr_line' id='line_1_9' title="bbox 82 1205 1307 1286; baseline -0.002 -15"><span class='ocrx_word' id='word_1_74' title='bbox 82 1208 237 1280; x_wconf 81' lang='lat' dir='ltr'><strong>laborare,</strong></span> <span class='ocrx_word' id='word_1_75' title='bbox 259 1206 414 1285; x_wconf 75' lang='lat' dir='ltr'><strong>ignorare,</strong></span> <span class='ocrx_word' id='word_1_76' title='bbox 444 1206 593 1274; x_wconf 81' lang='lat' dir='ltr'><strong>dormire.</strong></span> <span class='ocrx_word' id='word_1_77' title='bbox 616 1207 705 1280; x_wconf 87' lang='lat' dir='ltr'><strong>llere,</strong></span> <span class='ocrx_word' id='word_1_78' title='bbox 727 1206 898 1286; x_wconf 71' lang='lat' dir='ltr'><strong>poscitare,</strong></span> <span class='ocrx_word' id='word_1_79' title='bbox 927 1207 1045 1286; x_wconf 75' lang='lat' dir='ltr'><strong>lugere,</strong></span> <span class='ocrx_word' id='word_1_80' title='bbox 1069 1207 1166 1284; x_wconf 84' lang='lat' dir='ltr'><strong>nasci,</strong></span> <span class='ocrx_word' id='word_1_81' title='bbox 1188 1205 1307 1276; x_wconf 83' lang='lat' dir='ltr'><strong>culicem</strong></span> 
     </span>
     <span class='ocr_line' id='line_1_10' title="bbox 84 1307 1307 1390; baseline -0.002 -18"><span class='ocrx_word' id='word_1_82' title='bbox 84 1309 254 1390; x_wconf 73' lang='lat' dir='ltr'><strong>deprocari,</strong></span> <span class='ocrx_word' id='word_1_83' title='bbox 287 1327 322 1370; x_wconf 92' lang='lat' dir='ltr'><strong>ac</strong></span> <span class='ocrx_word' id='word_1_84' title='bbox 349 1307 477 1388; x_wconf 82' lang='lat' dir='ltr'><strong>deniquo</strong></span> <span class='ocrx_word' id='word_1_85' title='bbox 505 1326 707 1388; x_wconf 85' lang='lat' dir='ltr'><strong>quoecumque</strong></span> <span class='ocrx_word' id='word_1_86' title='bbox 734 1309 831 1370; x_wconf 82' lang='lat' dir='ltr'><strong>camis</strong></span> <span class='ocrx_word' id='word_1_87' title='bbox 858 1309 980 1389; x_wconf 85' lang='lat' dir='ltr'><strong>propria</strong></span> <span class='ocrx_word' id='word_1_88' title='bbox 1008 1317 1093 1384; x_wconf 90' lang='lat' dir='ltr'><strong>sunt,</strong></span> <span class='ocrx_word' id='word_1_89' title='bbox 1125 1310 1162 1371; x_wconf 90' lang='lat' dir='ltr'><strong>ds</strong></span> <span class='ocrx_word' id='word_1_90' title='bbox 1183 1307 1307 1388; x_wconf 79' lang='lat' dir='ltr'><strong>siugulis</strong></span> 
     </span>
     <span class='ocr_line' id='line_1_11' title="bbox 84 1409 1393 1490; baseline -0.001 -16"><span class='ocrx_word' id='word_1_91' title='bbox 84 1421 170 1474; x_wconf 82' lang='lat' dir='ltr'><strong>recto</strong></span> <span class='ocrx_word' id='word_1_92' title='bbox 190 1411 244 1474; x_wconf 87' lang='lat' dir='ltr'><strong>dici</strong></span> <span class='ocrx_word' id='word_1_93' title='bbox 265 1410 380 1489; x_wconf 79' lang='lat' dir='ltr'><strong>possit:</strong></span> <span class='ocrx_word' id='word_1_94' title='bbox 409 1409 527 1472; x_wconf 86' lang='lat' dir='ltr'><strong>Christo</strong></span> <span class='ocrx_word' id='word_1_95' title='bbox 550 1411 640 1488; x_wconf 80' lang='lat' dir='ltr'><strong>igitur</strong></span> <span class='ocrx_word' id='word_1_96' title='bbox 661 1427 750 1472; x_wconf 87' lang='lat' dir='ltr'><strong>carne</strong></span> <span class='ocrx_word' id='word_1_97' title='bbox 771 1429 827 1490; x_wconf 92' lang='lat' dir='ltr'><strong>pro</strong></span> <span class='ocrx_word' id='word_1_98' title='bbox 848 1409 937 1472; x_wconf 89' lang='lat' dir='ltr'><strong>nobis</strong></span> <span class='ocrx_word' id='word_1_99' title='bbox 959 1410 1108 1474; x_wconf 74' lang='lat' dir='ltr'><strong>esuriente</strong></span> <span class='ocrx_word' id='word_1_100' title='bbox 1129 1417 1160 1472; x_wconf 92' lang='lat' dir='ltr'><strong>et</strong></span> <span class='ocrx_word' id='word_1_101' title='bbox 1180 1409 1393 1488; x_wconf 67' lang='lat' dir='ltr'><strong>sinemurum</strong></span> 
     </span>
     <span class='ocr_line' id='line_1_12' title="bbox 85 1507 1400 1594; baseline 0.001 -20"><span class='ocrx_word' id='word_1_102' title='bbox 85 1531 180 1594; x_wconf 86' lang='lat' dir='ltr'><strong>seque</strong></span> <span class='ocrx_word' id='word_1_103' title='bbox 205 1513 340 1591; x_wconf 80' lang='lat' dir='ltr'><strong>ignorare</strong></span> <span class='ocrx_word' id='word_1_104' title='bbox 369 1511 500 1586; x_wconf 90' lang='lat' dir='ltr'><strong>dicente,</strong></span> <span class='ocrx_word' id='word_1_105' title='bbox 530 1511 663 1592; x_wconf 87' lang='lat' dir='ltr'><strong>colaphis</strong></span> <span class='ocrx_word' id='word_1_106' title='bbox 690 1529 778 1574; x_wconf 87' lang='lat' dir='ltr'><strong>caeso</strong></span> <span class='ocrx_word' id='word_1_107' title='bbox 801 1521 831 1574; x_wconf 91' lang='lat' dir='ltr'><strong>et</strong></span> <span class='ocrx_word' id='word_1_108' title='bbox 852 1511 1003 1574; x_wconf 77' lang='lat' dir='ltr'><strong>laborante</strong></span> <span class='ocrx_word' id='word_1_109' title='bbox 1024 1531 1080 1593; x_wconf 91' lang='lat' dir='ltr'><strong>pro</strong></span> <span class='ocrx_word' id='word_1_110' title='bbox 1101 1510 1188 1575; x_wconf 84' lang='lat' dir='ltr'><strong>nobis</strong></span> <span class='ocrx_word' id='word_1_111' title='bbox 1211 1531 1308 1588; x_wconf 83' lang='lat' dir='ltr'><strong>carne,</strong></span> <span class='ocrx_word' id='word_1_112' title='bbox 1399 1507 1400 1518; x_wconf 73' lang='grc'>’</span> 
     </span>
     <span class='ocr_line' id='line_1_13' title="bbox 83 1613 1311 1690; baseline 0.001 -13"><span class='ocrx_word' id='word_1_113' title='bbox 83 1613 211 1677; x_wconf 83' lang='lat' dir='ltr'><strong>exaltato</strong></span> <span class='ocrx_word' id='word_1_114' title='bbox 233 1613 321 1687; x_wconf 89' lang='lat' dir='ltr'><strong>item,</strong></span> <span class='ocrx_word' id='word_1_115' title='bbox 343 1623 498 1686; x_wconf 84' lang='lat' dir='ltr'><strong>nascente,</strong></span> <span class='ocrx_word' id='word_1_116' title='bbox 522 1621 675 1676; x_wconf 75' lang='lat' dir='ltr'><strong>noscente</strong></span> <span class='ocrx_word' id='word_1_117' title='bbox 697 1631 802 1687; x_wconf 84' lang='lat' dir='ltr'><strong>carne,</strong></span> <span class='ocrx_word' id='word_1_118' title='bbox 825 1613 948 1676; x_wconf 78' lang='lat' dir='ltr'><strong>timente</strong></span> <span class='ocrx_word' id='word_1_119' title='bbox 968 1621 1000 1676; x_wconf 85' lang='lat' dir='ltr'><strong>et</strong></span> <span class='ocrx_word' id='word_1_120' title='bbox 1020 1613 1129 1676; x_wconf 86' lang='lat' dir='ltr'><strong>latente</strong></span> <span class='ocrx_word' id='word_1_121' title='bbox 1150 1631 1253 1690; x_wconf 86' lang='lat' dir='ltr'><strong>carne,</strong></span> <span class='ocrx_word' id='word_1_122' title='bbox 1276 1634 1311 1678; x_wconf 88' lang='lat' dir='ltr'><strong>oc</strong></span> 
     </span>
     <span class='ocr_line' id='line_1_14' title="bbox 82 1714 1310 1796; baseline 0.002 -18"><span class='ocrx_word' id='word_1_123' title='bbox 82 1717 202 1778; x_wconf 85' lang='lat' dir='ltr'><strong>dicente</strong></span> <span class='ocrx_word' id='word_1_124' title='bbox 225 1715 376 1778; x_wconf 86' lang='lat' dir='ltr'><strong>similiter:</strong></span> <span class='ocrx_word' id='word_1_125' title='bbox 404 1714 442 1776; x_wconf 85' lang='lat' dir='ltr'><strong>Si</strong></span> <span class='ocrx_word' id='word_1_126' title='bbox 461 1715 535 1795; x_wconf 78' lang='lat' dir='ltr'><strong>fieri</strong></span> <span class='ocrx_word' id='word_1_127' title='bbox 552 1726 664 1795; x_wconf 77' lang='lat' dir='ltr'><strong>potest,</strong></span> <span class='ocrx_word' id='word_1_128' title='bbox 688 1726 869 1780; x_wconf 70' lang='lat' dir='ltr'><strong>transcurro</strong></span> <span class='ocrx_word' id='word_1_129' title='bbox 887 1733 934 1778; x_wconf 81' lang='lat' dir='ltr'><strong>oro</strong></span> <span class='ocrx_word' id='word_1_130' title='bbox 956 1715 1039 1779; x_wconf 71' lang='lat' dir='ltr'><strong>eclv&#39;co</strong></span> <span class='ocrx_word' id='word_1_131' title='bbox 1060 1720 1132 1788; x_wconf 80' lang='lat' dir='ltr'><strong>ivre,</strong></span> <span class='ocrx_word' id='word_1_132' title='bbox 1154 1717 1310 1796; x_wconf 83' lang='lat' dir='ltr'><strong>vapulante</strong></span> 
     </span>
     <span class='ocr_line' id='line_1_15' title="bbox 82 1799 1309 1898; baseline 0 -18"><span class='ocrx_word' id='word_1_133' title='bbox 82 1827 112 1880; x_wconf 86' lang='lat' dir='ltr'><strong>et</strong></span> <span class='ocrx_word' id='word_1_134' title='bbox 135 1816 299 1898; x_wconf 80' lang='lat' dir='ltr'><strong>accipiente</strong></span> <span class='ocrx_word' id='word_1_135' title='bbox 327 1834 383 1897; x_wconf 91' lang='lat' dir='ltr'><strong>pro</strong></span> <span class='ocrx_word' id='word_1_136' title='bbox 412 1799 501 1877; x_wconf 74' lang='lat' dir='ltr'><strong>u&#39;olvis</strong></span> <span class='ocrx_word' id='word_1_137' title='bbox 531 1835 637 1891; x_wconf 86' lang='lat' dir='ltr'><strong>carne,</strong></span> <span class='ocrx_word' id='word_1_138' title='bbox 666 1817 698 1878; x_wconf 90' lang='lat' dir='ltr'><strong>in</strong></span> <span class='ocrx_word' id='word_1_139' title='bbox 726 1817 831 1880; x_wconf 84' lang='lat' dir='ltr'><strong>ceteris</strong></span> <span class='ocrx_word' id='word_1_140' title='bbox 854 1815 972 1880; x_wconf 90' lang='lat' dir='ltr'><strong>demum</strong></span> <span class='ocrx_word' id='word_1_141' title='bbox 996 1817 1143 1880; x_wconf 88' lang='lat' dir='ltr'><strong>similibus</strong></span> <span class='ocrx_word' id='word_1_142' title='bbox 1164 1817 1221 1880; x_wconf 90' lang='lat' dir='ltr'><strong>rite</strong></span> <span class='ocrx_word' id='word_1_143' title='bbox 1242 1818 1309 1880; x_wconf 88' lang='lat' dir='ltr'><strong>addi</strong></span> 
     </span>
     <span class='ocr_line' id='line_1_16' title="bbox 81 1917 1309 2003; baseline 0 -20"><span class='ocrx_word' id='word_1_144' title='bbox 81 1929 188 2002; x_wconf 81' lang='lat' dir='ltr'><strong>queat:</strong></span> <span class='ocrx_word' id='word_1_145' title='bbox 207 1938 269 2001; x_wconf 88' lang='lat' dir='ltr'><strong>pro</strong></span> <span class='ocrx_word' id='word_1_146' title='bbox 292 1917 379 1982; x_wconf 77' lang='lat' dir='ltr'><strong>nodis</strong></span> <span class='ocrx_word' id='word_1_147' title='bbox 402 1927 506 1980; x_wconf 80' lang='lat' dir='ltr'><strong>corne.</strong></span> <span class='ocrx_word' id='word_1_148' title='bbox 539 1917 653 1980; x_wconf 86' lang='lat' dir='ltr'><strong>idcirco</strong></span> <span class='ocrx_word' id='word_1_149' title='bbox 677 1919 756 1980; x_wconf 88' lang='lat' dir='ltr'><strong>onim</strong></span> <span class='ocrx_word' id='word_1_150' title='bbox 778 1927 808 1982; x_wconf 89' lang='lat' dir='ltr'><strong>st</strong></span> <span class='ocrx_word' id='word_1_151' title='bbox 823 1919 889 1998; x_wconf 86' lang='lat' dir='ltr'><strong>ipso</strong></span> <span class='ocrx_word' id='word_1_152' title='bbox 902 1919 1064 2003; x_wconf 76' lang='lat' dir='ltr'><strong>Apostolus</strong></span> <span class='ocrx_word' id='word_1_153' title='bbox 1079 1917 1170 1982; x_wconf 86' lang='lat' dir='ltr'><strong>dicit:-</strong></span> <span class='ocrx_word' id='word_1_154' title='bbox 1190 1920 1309 1984; x_wconf 82' lang='lat' dir='ltr'><strong>Clvrr&#39;sto</strong></span> 
     </span>
     <span class='ocr_line' id='line_1_17' title="bbox 78 2019 1341 2104; baseline 0 -20"><span class='ocrx_word' id='word_1_155' title='bbox 78 2027 180 2104; x_wconf 81' lang='lat' dir='ltr'><strong>ipirur</strong></span> <span class='ocrx_word' id='word_1_156' title='bbox 197 2039 293 2102; x_wconf 80' lang='lat' dir='ltr'><strong>passo</strong></span> <span class='ocrx_word' id='word_1_157' title='bbox 316 2037 377 2082; x_wconf 89' lang='lat' dir='ltr'><strong>non</strong></span> <span class='ocrx_word' id='word_1_158' title='bbox 400 2020 568 2093; x_wconf 86' lang='lat' dir='ltr'><strong>divinitate,</strong></span> <span class='ocrx_word' id='word_1_159' title='bbox 597 2019 651 2082; x_wconf 90' lang='lat' dir='ltr'><strong>sed</strong></span> <span class='ocrx_word' id='word_1_160' title='bbox 670 2038 731 2100; x_wconf 88' lang='lat' dir='ltr'><strong>pro</strong></span> <span class='ocrx_word' id='word_1_161' title='bbox 752 2021 840 2102; x_wconf 78' lang='lat' dir='ltr'><strong>nodis</strong></span> <span class='ocrx_word' id='word_1_162' title='bbox 865 2039 974 2092; x_wconf 82' lang='lat' dir='ltr'><strong>corne,</strong></span> <span class='ocrx_word' id='word_1_163' title='bbox 996 2029 1029 2082; x_wconf 90' lang='lat' dir='ltr'><strong>ut</strong></span> <span class='ocrx_word' id='word_1_164' title='bbox 1050 2021 1117 2082; x_wconf 87' lang='lat' dir='ltr'><strong>illae</strong></span> <span class='ocrx_word' id='word_1_165' title='bbox 1138 2022 1309 2088; x_wconf 71' lang='lat' dir='ltr'><strong>offertiones</strong></span> <span class='ocrx_word' id='word_1_166' title='bbox 1334 2083 1341 2101; x_wconf 66' lang='grc'>,</span> 
     </span>
     <span class='ocr_line' id='line_1_18' title="bbox 80 2121 1308 2203; baseline -0.001 -16"><span class='ocrx_word' id='word_1_167' title='bbox 80 2143 147 2188; x_wconf 87' lang='lat' dir='ltr'><strong>uon</strong></span> <span class='ocrx_word' id='word_1_168' title='bbox 168 2122 309 2203; x_wconf 85' lang='lat' dir='ltr'><strong>propriae</strong></span> <span class='ocrx_word' id='word_1_169' title='bbox 325 2121 415 2184; x_wconf 88' lang='lat' dir='ltr'><strong>llerbi</strong></span> <span class='ocrx_word' id='word_1_170' title='bbox 436 2130 569 2195; x_wconf 84' lang='lat' dir='ltr'><strong>naturae,</strong></span> <span class='ocrx_word' id='word_1_171' title='bbox 592 2122 646 2184; x_wconf 89' lang='lat' dir='ltr'><strong>sed</strong></span> <span class='ocrx_word' id='word_1_172' title='bbox 668 2122 765 2185; x_wconf 84' lang='lat' dir='ltr'><strong>caruis</strong></span> <span class='ocrx_word' id='word_1_173' title='bbox 786 2125 892 2186; x_wconf 80' lang='lat' dir='ltr'><strong>nsunt</strong></span> <span class='ocrx_word' id='word_1_174' title='bbox 912 2123 1052 2202; x_wconf 81' lang='lat' dir='ltr'><strong>propriso</strong></span> <span class='ocrx_word' id='word_1_175' title='bbox 1074 2141 1142 2186; x_wconf 90' lang='lat' dir='ltr'><strong>esse</strong></span> <span class='ocrx_word' id='word_1_176' title='bbox 1164 2141 1308 2203; x_wconf 81' lang='lat' dir='ltr'><strong>agnosce·</strong></span> 
     </span>
     <span class='ocr_line' id='line_1_19' title="bbox 80 2223 1310 2306; baseline 0.001 -18"><span class='ocrx_word' id='word_1_177' title='bbox 80 2235 199 2288; x_wconf 87' lang='lat' dir='ltr'><strong>rentur.</strong></span> <span class='ocrx_word' id='word_1_178' title='bbox 242 2223 359 2286; x_wconf 84' lang='lat' dir='ltr'><strong>Nemini</strong></span> <span class='ocrx_word' id='word_1_179' title='bbox 380 2223 469 2304; x_wconf 73' lang='lat' dir='ltr'><strong>igitur</strong></span> <span class='ocrx_word' id='word_1_180' title='bbox 490 2225 563 2286; x_wconf 88' lang='lat' dir='ltr'><strong>haec</strong></span> <span class='ocrx_word' id='word_1_181' title='bbox 583 2224 711 2286; x_wconf 85' lang='lat' dir='ltr'><strong>humana</strong></span> <span class='ocrx_word' id='word_1_182' title='bbox 733 2223 794 2288; x_wconf 88' lang='lat' dir='ltr'><strong>sint</strong></span> <span class='ocrx_word' id='word_1_183' title='bbox 817 2225 972 2296; x_wconf 85' lang='lat' dir='ltr'><strong>scandalo,</strong></span> <span class='ocrx_word' id='word_1_184' title='bbox 1004 2224 1057 2286; x_wconf 88' lang='lat' dir='ltr'><strong>sed</strong></span> <span class='ocrx_word' id='word_1_185' title='bbox 1086 2243 1190 2287; x_wconf 88' lang='lat' dir='ltr'><strong>omnes</strong></span> <span class='ocrx_word' id='word_1_186' title='bbox 1211 2225 1310 2306; x_wconf 87' lang='lat' dir='ltr'><strong>potius</strong></span> 
     </span>
     <span class='ocr_line' id='line_1_20' title="bbox 80 2324 1310 2407; baseline 0.002 -19"><span class='ocrx_word' id='word_1_187' title='bbox 80 2343 299 2407; x_wconf 79' lang='lat' dir='ltr'><strong>agnoscamus,</strong></span> <span class='ocrx_word' id='word_1_188' title='bbox 333 2324 461 2388; x_wconf 87' lang='lat' dir='ltr'><strong>Verbum</strong></span> <span class='ocrx_word' id='word_1_189' title='bbox 491 2324 609 2405; x_wconf 89' lang='lat' dir='ltr'><strong>quidem</strong></span> <span class='ocrx_word' id='word_1_190' title='bbox 637 2343 695 2406; x_wconf 91' lang='lat' dir='ltr'><strong>pro</strong></span> <span class='ocrx_word' id='word_1_191' title='bbox 721 2333 844 2387; x_wconf 87' lang='lat' dir='ltr'><strong>naturae</strong></span> <span class='ocrx_word' id='word_1_192' title='bbox 872 2345 944 2388; x_wconf 89' lang='lat' dir='ltr'><strong>suae</strong></span> <span class='ocrx_word' id='word_1_193' title='bbox 966 2326 1135 2388; x_wconf 88' lang='lat' dir='ltr'><strong>conditione</strong></span> <span class='ocrx_word' id='word_1_194' title='bbox 1156 2327 1229 2390; x_wconf 90' lang='lat' dir='ltr'><strong>nihil</strong></span> <span class='ocrx_word' id='word_1_195' title='bbox 1250 2327 1310 2407; x_wconf 89' lang='lat' dir='ltr'><strong>pati</strong></span> 
     </span>
     <span class='ocr_line' id='line_1_21' title="bbox 79 2425 1311 2509; baseline 0.001 -19"><span class='ocrx_word' id='word_1_196' title='bbox 79 2446 188 2509; x_wconf 87' lang='lat' dir='ltr'><strong>posse,</strong></span> <span class='ocrx_word' id='word_1_197' title='bbox 211 2427 265 2488; x_wconf 80' lang='lat' dir='ltr'><strong>sed</strong></span> <span class='ocrx_word' id='word_1_198' title='bbox 285 2435 409 2507; x_wconf 87' lang='lat' dir='ltr'><strong>propter</strong></span> <span class='ocrx_word' id='word_1_199' title='bbox 430 2445 560 2500; x_wconf 88' lang='lat' dir='ltr'><strong>carnem,</strong></span> <span class='ocrx_word' id='word_1_200' title='bbox 583 2443 671 2506; x_wconf 87' lang='lat' dir='ltr'><strong>quam</strong></span> <span class='ocrx_word' id='word_1_201' title='bbox 691 2425 798 2500; x_wconf 91' lang='lat' dir='ltr'><strong>induit,</strong></span> <span class='ocrx_word' id='word_1_202' title='bbox 821 2427 877 2488; x_wconf 86' lang='lat' dir='ltr'><strong>istu</strong></span> <span class='ocrx_word' id='word_1_203' title='bbox 898 2425 939 2488; x_wconf 93' lang='lat' dir='ltr'><strong>illi</strong></span> <span class='ocrx_word' id='word_1_204' title='bbox 962 2425 1092 2500; x_wconf 85' lang='lat' dir='ltr'><strong>attribui,</strong></span> <span class='ocrx_word' id='word_1_205' title='bbox 1114 2427 1182 2506; x_wconf 84' lang='lat' dir='ltr'><strong>quia</strong></span> <span class='ocrx_word' id='word_1_206' title='bbox 1204 2445 1311 2508; x_wconf 88' lang='lat' dir='ltr'><strong>nempe</strong></span> 
     </span>
     <span class='ocr_line' id='line_1_22' title="bbox 81 2527 1311 2610; baseline -0.001 -19"><span class='ocrx_word' id='word_1_207' title='bbox 81 2532 161 2592; x_wconf 86' lang='lat' dir='ltr'><strong>haec</strong></span> <span class='ocrx_word' id='word_1_208' title='bbox 181 2529 281 2592; x_wconf 88' lang='lat' dir='ltr'><strong>carnis</strong></span> <span class='ocrx_word' id='word_1_209' title='bbox 309 2529 430 2610; x_wconf 87' lang='lat' dir='ltr'><strong>propria</strong></span> <span class='ocrx_word' id='word_1_210' title='bbox 458 2537 545 2601; x_wconf 87' lang='lat' dir='ltr'><strong>sunt,</strong></span> <span class='ocrx_word' id='word_1_211' title='bbox 579 2528 736 2608; x_wconf 86' lang='lat' dir='ltr'><strong>ipsumque</strong></span> <span class='ocrx_word' id='word_1_212' title='bbox 764 2545 873 2606; x_wconf 87' lang='lat' dir='ltr'><strong>corpus</strong></span> <span class='ocrx_word' id='word_1_213' title='bbox 896 2527 1055 2592; x_wconf 82' lang='lat' dir='ltr'><strong>salvatoris</strong></span> <span class='ocrx_word' id='word_1_214' title='bbox 1078 2537 1125 2589; x_wconf 86' lang='lat' dir='ltr'><strong>ost</strong></span> <span class='ocrx_word' id='word_1_215' title='bbox 1145 2529 1311 2608; x_wconf 85' lang='lat' dir='ltr'><strong>proprium.</strong></span> 
     </span>
     <span class='ocr_line' id='line_1_23' title="bbox 82 2627 1311 2710; baseline -0.002 -17"><span class='ocrx_word' id='word_1_216' title='bbox 82 2629 232 2704; x_wconf 83' lang='lat' dir='ltr'><strong>Quocirca</strong></span> <span class='ocrx_word' id='word_1_217' title='bbox 255 2631 303 2692; x_wconf 88' lang='lat' dir='ltr'><strong>ille</strong></span> <span class='ocrx_word' id='word_1_218' title='bbox 328 2631 446 2710; x_wconf 87' lang='lat' dir='ltr'><strong>quidem</strong></span> <span class='ocrx_word' id='word_1_219' title='bbox 467 2629 556 2692; x_wconf 89' lang='lat' dir='ltr'><strong>nullis</strong></span> <span class='ocrx_word' id='word_1_220' title='bbox 573 2649 608 2691; x_wconf 86' lang='lat' dir='ltr'><strong>ex</strong></span> <span class='ocrx_word' id='word_1_221' title='bbox 623 2637 728 2692; x_wconf 84' lang='lat' dir='ltr'><strong>natura</strong></span> <span class='ocrx_word' id='word_1_222' title='bbox 750 2647 804 2691; x_wconf 87' lang='lat' dir='ltr'><strong>sua</strong></span> <span class='ocrx_word' id='word_1_223' title='bbox 827 2627 974 2690; x_wconf 83' lang='lat' dir='ltr'><strong>obnoxius</strong></span> <span class='ocrx_word' id='word_1_224' title='bbox 996 2627 1201 2692; x_wconf 86' lang='lat' dir='ltr'><strong>allectionibus</strong></span> <span class='ocrx_word' id='word_1_225' title='bbox 1225 2629 1311 2690; x_wconf 85' lang='lat' dir='ltr'><strong>sicuti</strong></span> 
     </span>
     <span class='ocr_line' id='line_1_24' title="bbox 82 2726 1310 2813; baseline -0.003 -19"><span class='ocrx_word' id='word_1_226' title='bbox 82 2743 132 2794; x_wconf 88' lang='lat' dir='ltr'><strong>est</strong></span> <span class='ocrx_word' id='word_1_227' title='bbox 155 2739 320 2813; x_wconf 86' lang='lat' dir='ltr'><strong>permanet,</strong></span> <span class='ocrx_word' id='word_1_228' title='bbox 342 2751 398 2795; x_wconf 89' lang='lat' dir='ltr'><strong>neo</strong></span> <span class='ocrx_word' id='word_1_229' title='bbox 419 2731 455 2794; x_wconf 86' lang='lat' dir='ltr'><strong>ab</strong></span> <span class='ocrx_word' id='word_1_230' title='bbox 478 2733 525 2794; x_wconf 89' lang='lat' dir='ltr'><strong>his</strong></span> <span class='ocrx_word' id='word_1_231' title='bbox 549 2730 683 2805; x_wconf 85' lang='lat' dir='ltr'><strong>laeditur,</strong></span> <span class='ocrx_word' id='word_1_232' title='bbox 706 2732 758 2793; x_wconf 89' lang='lat' dir='ltr'><strong>sed</strong></span> <span class='ocrx_word' id='word_1_233' title='bbox 782 2749 831 2792; x_wconf 85' lang='lat' dir='ltr'><strong>ess</strong></span> <span class='ocrx_word' id='word_1_234' title='bbox 853 2729 954 2810; x_wconf 89' lang='lat' dir='ltr'><strong>potius</strong></span> <span class='ocrx_word' id='word_1_235' title='bbox 977 2726 1055 2790; x_wconf 90' lang='lat' dir='ltr'><strong>delet</strong></span> <span class='ocrx_word' id='word_1_236' title='bbox 1077 2737 1107 2791; x_wconf 90' lang='lat' dir='ltr'><strong>et</strong></span> <span class='ocrx_word' id='word_1_237' title='bbox 1128 2730 1310 2804; x_wconf 80' lang='lat' dir='ltr'><strong>exterminat,</strong></span> 
     </span>
     <span class='ocr_line' id='line_1_25' title="bbox 79 2829 1310 2913; baseline -0.004 -17"><span class='ocrx_word' id='word_1_238' title='bbox 79 2835 226 2898; x_wconf 86' lang='lat' dir='ltr'><strong>homines</strong></span> <span class='ocrx_word' id='word_1_239' title='bbox 255 2842 368 2909; x_wconf 73' lang='lat' dir='ltr'><strong>summ,</strong></span> <span class='ocrx_word' id='word_1_240' title='bbox 400 2833 473 2913; x_wconf 90' lang='lat' dir='ltr'><strong>ipsis</strong></span> <span class='ocrx_word' id='word_1_241' title='bbox 503 2831 709 2895; x_wconf 75' lang='lat' dir='ltr'><strong>affectionibus</strong></span> <span class='ocrx_word' id='word_1_242' title='bbox 731 2832 761 2902; x_wconf 81' lang='lat' dir='ltr'><strong>in</strong></span> <span class='ocrx_word' id='word_1_243' title='bbox 790 2831 889 2904; x_wconf 90' lang='lat' dir='ltr'><strong>illum,</strong></span> <span class='ocrx_word' id='word_1_244' title='bbox 923 2829 972 2910; x_wconf 90' lang='lat' dir='ltr'><strong>qui</strong></span> <span class='ocrx_word' id='word_1_245' title='bbox 1000 2849 1101 2892; x_wconf 87' lang='lat' dir='ltr'><strong>earum</strong></span> <span class='ocrx_word' id='word_1_246' title='bbox 1124 2847 1231 2908; x_wconf 87' lang='lat' dir='ltr'><strong>expers</strong></span> <span class='ocrx_word' id='word_1_247' title='bbox 1254 2839 1310 2904; x_wconf 87' lang='lat' dir='ltr'><strong>est,</strong></span> 
     </span>
     <span class='ocr_line' id='line_1_26' title="bbox 80 2931 1311 3014; baseline -0.002 -17"><span class='ocrx_word' id='word_1_248' title='bbox 80 2935 178 3000; x_wconf 89' lang='lat' dir='ltr'><strong>veluti</strong></span> <span class='ocrx_word' id='word_1_249' title='bbox 200 2934 349 2997; x_wconf 69' lang='lat' dir='ltr'><strong>mansistis</strong></span> <span class='ocrx_word' id='word_1_250' title='bbox 371 2943 401 2996; x_wconf 88' lang='lat' dir='ltr'><strong>et</strong></span> <span class='ocrx_word' id='word_1_251' title='bbox 423 2933 537 3008; x_wconf 86' lang='lat' dir='ltr'><strong>deletis,</strong></span> <span class='ocrx_word' id='word_1_252' title='bbox 561 2933 598 2996; x_wconf 89' lang='lat' dir='ltr'><strong>iis</strong></span> <span class='ocrx_word' id='word_1_253' title='bbox 622 2942 652 2996; x_wconf 84' lang='lat' dir='ltr'><strong>et</strong></span> <span class='ocrx_word' id='word_1_254' title='bbox 672 2932 731 3014; x_wconf 85' lang='lat' dir='ltr'><strong>ipsi</strong></span> <span class='ocrx_word' id='word_1_255' title='bbox 752 2932 838 2996; x_wconf 84' lang='lat' dir='ltr'><strong>liberi</strong></span> <span class='ocrx_word' id='word_1_256' title='bbox 859 2932 970 3013; x_wconf 87' lang='lat' dir='ltr'><strong>puriter</strong></span> <span class='ocrx_word' id='word_1_257' title='bbox 991 2931 1211 3012; x_wconf 88' lang='lat' dir='ltr'><strong>inperpetuum</strong></span> <span class='ocrx_word' id='word_1_258' title='bbox 1228 2933 1311 3006; x_wconf 83' lang='lat' dir='ltr'><strong>dunt,</strong></span> 
     </span>
     <span class='ocr_line' id='line_1_27' title="bbox 79 3031 1311 3119; baseline -0.002 -19"><span class='ocrx_word' id='word_1_259' title='bbox 79 3037 335 3119; x_wconf 85' lang='lat' dir='ltr'><strong>quemadmodum</strong></span> <span class='ocrx_word' id='word_1_260' title='bbox 358 3035 406 3096; x_wconf 89' lang='lat' dir='ltr'><strong>his</strong></span> <span class='ocrx_word' id='word_1_261' title='bbox 427 3035 668 3098; x_wconf 77' lang='lat' dir='ltr'><strong>verbislosnnes</strong></span> <span class='ocrx_word' id='word_1_262' title='bbox 691 3034 794 3098; x_wconf 86' lang='lat' dir='ltr'><strong>docet:</strong></span> <span class='ocrx_word' id='word_1_263' title='bbox 817 3031 856 3097; x_wconf 80' lang='lat' dir='ltr'><strong>n</strong></span> <span class='ocrx_word' id='word_1_264' title='bbox 878 3039 961 3098; x_wconf 81' lang='lat' dir='ltr'><strong>sciris</strong></span> <span class='ocrx_word' id='word_1_265' title='bbox 984 3035 1064 3116; x_wconf 72' lang='lat' dir='ltr'><strong>prod</strong></span> <span class='ocrx_word' id='word_1_266' title='bbox 1084 3033 1136 3096; x_wconf 80' lang='lat' dir='ltr'><strong>ille</strong></span> <span class='ocrx_word' id='word_1_267' title='bbox 1157 3039 1311 3116; x_wconf 79' lang='lat' dir='ltr'><strong>apparuit,</strong></span> 
     </span>
     <span class='ocr_line' id='line_1_28' title="bbox 78 3136 1329 3220; baseline -0.003 -18"><span class='ocrx_word' id='word_1_268' title='bbox 78 3153 117 3202; x_wconf 84' lang='lat' dir='ltr'><strong>nt</strong></span> <span class='ocrx_word' id='word_1_269' title='bbox 149 3149 273 3220; x_wconf 81' lang='lat' dir='ltr'><strong>peccato</strong></span> <span class='ocrx_word' id='word_1_270' title='bbox 300 3145 409 3200; x_wconf 82' lang='lat' dir='ltr'><strong>nostro</strong></span> <span class='ocrx_word' id='word_1_271' title='bbox 437 3137 575 3210; x_wconf 82' lang='lat' dir='ltr'><strong>tolleret,</strong></span> <span class='ocrx_word' id='word_1_272' title='bbox 603 3149 634 3200; x_wconf 86' lang='lat' dir='ltr'><strong>et</strong></span> <span class='ocrx_word' id='word_1_273' title='bbox 655 3149 813 3219; x_wconf 79' lang='lat' dir='ltr'><strong>peceatum</strong></span> <span class='ocrx_word' id='word_1_274' title='bbox 842 3139 875 3198; x_wconf 83' lang='lat' dir='ltr'><strong>in</strong></span> <span class='ocrx_word' id='word_1_275' title='bbox 904 3155 936 3199; x_wconf 88' lang='lat' dir='ltr'><strong>eo</strong></span> <span class='ocrx_word' id='word_1_276' title='bbox 958 3153 1022 3198; x_wconf 80' lang='lat' dir='ltr'><strong>non</strong></span> <span class='ocrx_word' id='word_1_277' title='bbox 1042 3149 1096 3200; x_wconf 79' lang='lat' dir='ltr'><strong>est.</strong></span> <span class='ocrx_word' id='word_1_278' title='bbox 1142 3136 1224 3209; x_wconf 86' lang='lat' dir='ltr'><strong>Quae</strong></span> <span class='ocrx_word' id='word_1_279' title='bbox 1245 3153 1329 3199; x_wconf 85' lang='lat' dir='ltr'><strong>cunt·</strong></span> 
     </span>
     <span class='ocr_line' id='line_1_29' title="bbox 78 3236 1311 3330; baseline -0.002 -28"><span class='ocrx_word' id='word_1_280' title='bbox 78 3241 123 3303; x_wconf 85' lang='lat' dir='ltr'><strong>ita</strong></span> <span class='ocrx_word' id='word_1_281' title='bbox 152 3239 224 3310; x_wconf 86' lang='lat' dir='ltr'><strong>sint,</strong></span> <span class='ocrx_word' id='word_1_282' title='bbox 245 3240 342 3302; x_wconf 88' lang='lat' dir='ltr'><strong>nullus</strong></span> <span class='ocrx_word' id='word_1_283' title='bbox 366 3248 444 3301; x_wconf 88' lang='lat' dir='ltr'><strong>certe</strong></span> <span class='ocrx_word' id='word_1_284' title='bbox 465 3239 550 3330; x_wconf 78' lang='lat' dir='ltr'><strong>locrus</strong></span> <span class='ocrx_word' id='word_1_285' title='bbox 573 3239 722 3302; x_wconf 81' lang='lat' dir='ltr'><strong>haeretico</strong></span> <span class='ocrx_word' id='word_1_286' title='bbox 745 3237 921 3318; x_wconf 87' lang='lat' dir='ltr'><strong>relinquitur</strong></span> <span class='ocrx_word' id='word_1_287' title='bbox 936 3238 994 3298; x_wconf 88' lang='lat' dir='ltr'><strong>hoo</strong></span> <span class='ocrx_word' id='word_1_288' title='bbox 1007 3237 1097 3299; x_wconf 89' lang='lat' dir='ltr'><strong>modo</strong></span> <span class='ocrx_word' id='word_1_289' title='bbox 1113 3236 1311 3301; x_wconf 76' lang='lat' dir='ltr'><strong>obuertandi:</strong></span> 
     </span>
     <span class='ocr_line' id='line_1_30' title="bbox 80 3338 1312 3422; baseline -0.002 -18"><span class='ocrx_word' id='word_1_290' title='bbox 80 3391 100 3416; x_wconf 87' lang='lat'><strong>‚,</strong></span> <span class='ocrx_word' id='word_1_291' title='bbox 113 3343 219 3418; x_wconf 84' lang='lat' dir='ltr'><strong>Quare</strong></span> <span class='ocrx_word' id='word_1_292' title='bbox 240 3360 319 3416; x_wconf 87' lang='lat' dir='ltr'><strong>caro,</strong></span> <span class='ocrx_word' id='word_1_293' title='bbox 342 3359 417 3422; x_wconf 91' lang='lat' dir='ltr'><strong>quae</strong></span> <span class='ocrx_word' id='word_1_294' title='bbox 435 3351 543 3403; x_wconf 86' lang='lat' dir='ltr'><strong>natura</strong></span> <span class='ocrx_word' id='word_1_295' title='bbox 572 3341 707 3402; x_wconf 87' lang='lat' dir='ltr'><strong>mortalis</strong></span> <span class='ocrx_word' id='word_1_296' title='bbox 729 3349 783 3414; x_wconf 85' lang='lat' dir='ltr'><strong>cst,</strong></span> <span class='ocrx_word' id='word_1_297' title='bbox 806 3338 978 3402; x_wconf 78' lang='lat' dir='ltr'><strong>reviviscit?</strong></span> <span class='ocrx_word' id='word_1_298' title='bbox 1002 3339 1088 3414; x_wconf 85' lang='lat' dir='ltr'><strong>Quod</strong></span> <span class='ocrx_word' id='word_1_299' title='bbox 1111 3339 1136 3402; x_wconf 90' lang='lat' dir='ltr'><strong>si</strong></span> <span class='ocrx_word' id='word_1_300' title='bbox 1153 3339 1312 3416; x_wconf 78' lang='lat' dir='ltr'><strong>reviviscit,</strong></span> 
     </span>
     <span class='ocr_line' id='line_1_31' title="bbox 81 3441 1312 3526; baseline -0.002 -20"><span class='ocrx_word' id='word_1_301' title='bbox 81 3462 172 3518; x_wconf 88' lang='lat' dir='ltr'><strong>„cur</strong></span> <span class='ocrx_word' id='word_1_302' title='bbox 194 3461 256 3504; x_wconf 90' lang='lat' dir='ltr'><strong>non</strong></span> <span class='ocrx_word' id='word_1_303' title='bbox 279 3443 385 3506; x_wconf 89' lang='lat' dir='ltr'><strong>iterum</strong></span> <span class='ocrx_word' id='word_1_304' title='bbox 407 3443 501 3526; x_wconf 77' lang='lat' dir='ltr'><strong>esurit</strong></span> <span class='ocrx_word' id='word_1_305' title='bbox 523 3451 553 3504; x_wconf 90' lang='lat' dir='ltr'><strong>et</strong></span> <span class='ocrx_word' id='word_1_306' title='bbox 574 3443 638 3506; x_wconf 89' lang='lat' dir='ltr'><strong>sitit</strong></span> <span class='ocrx_word' id='word_1_307' title='bbox 659 3452 690 3505; x_wconf 89' lang='lat' dir='ltr'><strong>et</strong></span> <span class='ocrx_word' id='word_1_308' title='bbox 707 3442 821 3524; x_wconf 86' lang='lat' dir='ltr'><strong>&#39;patitur</strong></span> <span class='ocrx_word' id='word_1_309' title='bbox 842 3441 1034 3521; x_wconf 85' lang='lat' dir='ltr'><strong>mortalisque</strong></span> <span class='ocrx_word' id='word_1_310' title='bbox 1056 3450 1165 3516; x_wconf 88' lang='lat' dir='ltr'><strong>munet,</strong></span> <span class='ocrx_word' id='word_1_311' title='bbox 1187 3460 1254 3504; x_wconf 89' lang='lat' dir='ltr'><strong>cum</strong></span> <span class='ocrx_word' id='word_1_312' title='bbox 1276 3460 1312 3504; x_wconf 87' lang='lat' dir='ltr'><strong>ex</strong></span> 
     </span>
    </p>
   </div>
   <div class='ocr_carea' id='block_1_3' title="bbox 76 3617 1435 4651">
    <p class='ocr_par' dir='ltr' id='par_1_4' title="bbox 82 3617 1435 4102">
     <span class='ocr_line' id='line_1_32' title="bbox 82 3617 1314 3682; baseline -0.003 -5"><span class='ocrx_word' id='word_1_313' title='bbox 82 3631 157 3680; x_wconf 82' lang='lat' dir='ltr'><strong>‹leest</strong></span> <span class='ocrx_word' id='word_1_314' title='bbox 176 3631 200 3680; x_wconf 88' lang='lat' dir='ltr'><strong>iu</strong></span> <span class='ocrx_word' id='word_1_315' title='bbox 220 3629 275 3680; x_wconf 82' lang='lat' dir='ltr'><strong>aliis</strong></span> <span class='ocrx_word' id='word_1_316' title='bbox 293 3638 317 3680; x_wconf 92' lang='lat' dir='ltr'><strong>et</strong></span> <span class='ocrx_word' id='word_1_317' title='bbox 334 3630 390 3680; x_wconf 93' lang='lat' dir='ltr'><strong>edit.</strong></span> <span class='ocrx_word' id='word_1_318' title='bbox 422 3629 519 3680; x_wconf 83' lang='lat' dir='ltr'><strong>Gobler.</strong></span> <span class='ocrx_word' id='word_1_319' title='bbox 536 3629 679 3682; x_wconf 81' lang='lat' dir='ltr'><strong>etFelclrnv.</strong></span> <span class='ocrx_word' id='word_1_320' title='bbox 727 3629 772 3681; x_wconf 81' lang='lat' dir='ltr'><strong>tttt</strong></span> <span class='ocrx_word' id='word_1_321' title='bbox 796 3637 820 3679; x_wconf 92' lang='lat' dir='ltr'><strong>et</strong></span> <span class='ocrx_word' id='word_1_322' title='bbox 843 3629 916 3679; x_wconf 82' lang='lat' dir='ltr'><strong>editio</strong></span> <span class='ocrx_word' id='word_1_323' title='bbox 943 3627 1060 3678; x_wconf 86' lang='lat' dir='ltr'><strong>Commel.</strong></span> <span class='ocrx_word' id='word_1_324' title='bbox 1085 3619 1132 3674; x_wconf 77' lang='grc' dir='ltr'><strong>διὰ</strong></span> <span class='ocrx_word' id='word_1_325' title='bbox 1158 3625 1238 3674; x_wconf 75' lang='grc' dir='ltr'><em>τοῦτο</em></span> <span class='ocrx_word' id='word_1_326' title='bbox 1265 3617 1314 3674; x_wconf 76' lang='grc' dir='ltr'><strong>οὐκ</strong></span> 
     </span>
     <span class='ocr_line' id='line_1_33' title="bbox 84 3687 1307 3812; baseline -0.007 -64"><span class='ocrx_word' id='word_1_327' title='bbox 84 3700 109 3748; x_wconf 89' lang='grc'><strong>1.</strong></span> <span class='ocrx_word' id='word_1_328' title='bbox 123 3697 241 3748; x_wconf 86' lang='lat' dir='ltr'><strong>omittunt</strong></span> <span class='ocrx_word' id='word_1_329' title='bbox 254 3699 308 3748; x_wconf 88' lang='lat' dir='ltr'><strong>item</strong></span> <span class='ocrx_word' id='word_1_330' title='bbox 322 3693 403 3764; x_wconf 77' lang='grc' dir='ltr'><strong><em>σαρκί</em></strong></span> <span class='ocrx_word' id='word_1_331' title='bbox 417 3706 472 3762; x_wconf 86' lang='lat' dir='ltr'><strong>post</strong></span> <span class='ocrx_word' id='word_1_332' title='bbox 483 3692 678 3765; x_wconf 66' lang='lat' dir='ltr'><strong>apompeus.</strong></span> <span class='ocrx_word' id='word_1_333' title='bbox 728 3689 831 3764; x_wconf 74' lang='grc' dir='ltr'><strong>εἶρηιε·</strong></span> <span class='ocrx_word' id='word_1_334' title='bbox 848 3693 974 3760; x_wconf 77' lang='grc' dir='ltr'><strong><em>Χριστοῦ</em></strong></span> <span class='ocrx_word' id='word_1_335' title='bbox 989 3688 1132 3776; x_wconf 33' lang='grc' dir='ltr'><strong><em>,πιαθόντος</em></strong></span> <span class='ocrx_word' id='word_1_336' title='bbox 1147 3687 1307 3812; x_wconf 46' lang='lat' dir='ltr'><strong>dedcpvvsim</strong></span> 
     </span>
     <span class='ocr_line' id='line_1_34' title="bbox 730 3761 1435 3909; baseline -0.007 -28"><span class='ocrx_word' id='word_1_337' title='bbox 730 3766 787 3909; x_wconf 52' lang='lat' dir='ltr'><strong>noli.</strong></span> <span class='ocrx_word' id='word_1_338' title='bbox 799 3764 941 3882; x_wconf 47' lang='lat' dir='ltr'><strong>liivesgiiiidsi1</strong></span> <span class='ocrx_word' id='word_1_339' title='bbox 948 3761 1315 3896; x_wconf 46' lang='lat' dir='ltr'><strong>podisimnfizimoeerii’sv‘i‘oirrittii</strong></span> <span class='ocrx_word' id='word_1_340' title='bbox 1434 3871 1435 3876; x_wconf 75' lang='grc'>,</span> 
     </span>
     <span class='ocr_line' id='line_1_35' title="bbox 729 3911 1316 4028; baseline -0.007 -11"><span class='ocrx_word' id='word_1_341' title='bbox 729 3911 859 4028; x_wconf 39' lang='lat' dir='ltr'><strong>vafrities.</strong></span> <span class='ocrx_word' id='word_1_342' title='bbox 886 3965 907 4015; x_wconf 89' lang='grc'><strong>1.</strong></span> <span class='ocrx_word' id='word_1_343' title='bbox 926 3966 1025 4028; x_wconf 72' lang='lat' dir='ltr'><strong>Seguer.</strong></span> <span class='ocrx_word' id='word_1_344' title='bbox 1051 3964 1148 4017; x_wconf 84' lang='lat' dir='ltr'><strong>Goblsr.</strong></span> <span class='ocrx_word' id='word_1_345' title='bbox 1166 3962 1272 4013; x_wconf 76' lang='lat' dir='ltr'><strong>Felclm.</strong></span> <span class='ocrx_word' id='word_1_346' title='bbox 1292 3961 1316 4013; x_wconf 98' lang='grc'><strong>1.</strong></span> 
     </span>
     <span class='ocr_line' id='line_1_36' title="bbox 113 4025 980 4102; baseline -0.009 -14"><span class='ocrx_word' id='word_1_347' title='bbox 113 4054 140 4102; x_wconf 78' lang='lat' dir='ltr'><strong>g.</strong></span> <span class='ocrx_word' id='word_1_348' title='bbox 167 4036 310 4097; x_wconf 66' lang='lat' dir='ltr'><strong>Seoueriro.</strong></span> <span class='ocrx_word' id='word_1_349' title='bbox 334 4034 432 4087; x_wconf 77' lang='lat' dir='ltr'><strong>(tollor.</strong></span> <span class='ocrx_word' id='word_1_350' title='bbox 450 4036 555 4086; x_wconf 78' lang='lat' dir='ltr'><strong>l&#39;slctm.</strong></span> <span class='ocrx_word' id='word_1_351' title='bbox 574 4035 596 4084; x_wconf 90' lang='grc'><strong>1.</strong></span> <span class='ocrx_word' id='word_1_352' title='bbox 615 4042 639 4083; x_wconf 86' lang='lat' dir='ltr'><strong>et</strong></span> <span class='ocrx_word' id='word_1_353' title='bbox 655 4033 680 4084; x_wconf 80' lang='lat'><strong>2.</strong></span> <span class='ocrx_word' id='word_1_354' title='bbox 731 4035 843 4086; x_wconf 87' lang='lat' dir='ltr'><strong>omittunt</strong></span> <span class='ocrx_word' id='word_1_355' title='bbox 861 4025 898 4086; x_wconf 82' lang='lat' dir='ltr'><strong>vir</strong></span> <span class='ocrx_word' id='word_1_356' title='bbox 914 4025 980 4081; x_wconf 75' lang='grc' dir='ltr'><strong>ἔστι.</strong></span> 
     </span>
    </p>

    <p class='ocr_par' dir='ltr' id='par_1_5' title="bbox 76 4095 1318 4651">
     <span class='ocr_line' id='line_1_37' title="bbox 78 4095 1316 4165; baseline -0.006 -9"><span class='ocrx_word' id='word_1_357' title='bbox 78 4109 207 4156; x_wconf 82' lang='lat' dir='ltr'><strong>omittunt</strong></span> <span class='ocrx_word' id='word_1_358' title='bbox 228 4097 274 4152; x_wconf 79' lang='grc' dir='ltr'><strong>καὶ</strong></span> <span class='ocrx_word' id='word_1_359' title='bbox 298 4095 366 4159; x_wconf 74' lang='lat' dir='ltr'><strong>dinc</strong></span> <span class='ocrx_word' id='word_1_360' title='bbox 385 4099 477 4152; x_wconf 76' lang='grc' dir='ltr'><em>πάντα</em></span> <span class='ocrx_word' id='word_1_361' title='bbox 502 4095 677 4152; x_wconf 76' lang='grc' dir='ltr'><strong>τὰτοιαῦτα.</strong></span> <span class='ocrx_word' id='word_1_362' title='bbox 765 4103 788 4152; x_wconf 79' lang='lat' dir='ltr'><strong>i.</strong></span> <span class='ocrx_word' id='word_1_363' title='bbox 806 4101 847 4151; x_wconf 87' lang='lat' dir='ltr'><strong>Sic</strong></span> <span class='ocrx_word' id='word_1_364' title='bbox 864 4101 921 4165; x_wconf 69' lang='lat' dir='ltr'><strong>llev.</strong></span> <span class='ocrx_word' id='word_1_365' title='bbox 933 4101 955 4151; x_wconf 93' lang='grc'><strong>1.</strong></span> <span class='ocrx_word' id='word_1_366' title='bbox 966 4108 990 4151; x_wconf 87' lang='lat' dir='ltr'><strong>et</strong></span> <span class='ocrx_word' id='word_1_367' title='bbox 1007 4101 1106 4162; x_wconf 68' lang='lat' dir='ltr'><strong>sepner.</strong></span> <span class='ocrx_word' id='word_1_368' title='bbox 1133 4100 1161 4148; x_wconf 82' lang='lat' dir='ltr'><strong>tt</strong></span> <span class='ocrx_word' id='word_1_369' title='bbox 1179 4099 1202 4148; x_wconf 87' lang='lat' dir='ltr'><strong>iu</strong></span> <span class='ocrx_word' id='word_1_370' title='bbox 1221 4097 1275 4147; x_wconf 87' lang='lat' dir='ltr'><strong>aliis</strong></span> <span class='ocrx_word' id='word_1_371' title='bbox 1293 4105 1316 4148; x_wconf 84' lang='lat' dir='ltr'><strong>st</strong></span> 
     </span>
     <span class='ocr_line' id='line_1_38' title="bbox 76 4157 1318 4236; baseline -0.01 -10"><span class='ocrx_word' id='word_1_372' title='bbox 76 4177 106 4226; x_wconf 80' lang='lat' dir='ltr'><strong>it</strong></span> <span class='ocrx_word' id='word_1_373' title='bbox 126 4176 155 4225; x_wconf 89' lang='lat' dir='ltr'><strong>in</strong></span> <span class='ocrx_word' id='word_1_374' title='bbox 178 4180 282 4235; x_wconf 79' lang='lat' dir='ltr'><strong>utroque</strong></span> <span class='ocrx_word' id='word_1_375' title='bbox 299 4171 357 4236; x_wconf 64' lang='lat' dir='ltr'><strong>llos.</strong></span> <span class='ocrx_word' id='word_1_376' title='bbox 374 4171 500 4223; x_wconf 80' lang='lat' dir='ltr'><strong>Basiliam.</strong></span> <span class='ocrx_word' id='word_1_377' title='bbox 517 4171 638 4234; x_wconf 64' lang='lat' dir='ltr'><strong>tortirac.</strong></span> <span class='ocrx_word' id='word_1_378' title='bbox 657 4177 681 4220; x_wconf 83' lang='lat' dir='ltr'><strong>et</strong></span> <span class='ocrx_word' id='word_1_379' title='bbox 731 4168 806 4236; x_wconf 83' lang='lat' dir='ltr'><strong>edltis¹</strong></span> <span class='ocrx_word' id='word_1_380' title='bbox 825 4169 894 4220; x_wconf 84' lang='lat' dir='ltr'><strong>deest</strong></span> <span class='ocrx_word' id='word_1_381' title='bbox 911 4161 956 4222; x_wconf 78' lang='lat' dir='ltr'><strong>vir.</strong></span> <span class='ocrx_word' id='word_1_382' title='bbox 999 4167 1051 4217; x_wconf 83' lang='lat' dir='ltr'><strong>llox</strong></span> <span class='ocrx_word' id='word_1_383' title='bbox 1073 4165 1164 4228; x_wconf 73' lang='lat' dir='ltr'><strong>Anglie.</strong></span> <span class='ocrx_word' id='word_1_384' title='bbox 1181 4158 1227 4214; x_wconf 72' lang='lat' dir='ltr'><strong>sni</strong></span> <span class='ocrx_word' id='word_1_385' title='bbox 1249 4157 1318 4214; x_wconf 71' lang='lat' dir='ltr'><strong>dno·</strong></span> 
     </span>
     <span class='ocr_line' id='line_1_39' title="bbox 76 4231 1316 4320; baseline -0.006 -27"><span class='ocrx_word' id='word_1_386' title='bbox 76 4241 248 4320; x_wconf 66' lang='lat' dir='ltr'><strong>Felctmanni</strong></span> <span class='ocrx_word' id='word_1_387' title='bbox 267 4240 290 4290; x_wconf 81' lang='lat' dir='ltr'><strong>t.</strong></span> <span class='ocrx_word' id='word_1_388' title='bbox 309 4250 405 4306; x_wconf 87' lang='lat' dir='ltr'><strong>praeter</strong></span> <span class='ocrx_word' id='word_1_389' title='bbox 423 4240 464 4319; x_wconf 72' lang='lat' dir='ltr'><strong>ills</strong></span> <span class='ocrx_word' id='word_1_390' title='bbox 488 4240 558 4318; x_wconf 72' lang='lat' dir='ltr'><strong>vertor</strong></span> <span class='ocrx_word' id='word_1_391' title='bbox 585 4239 681 4318; x_wconf 74' lang='lat' dir='ltr'><strong>rdditur</strong></span> <span class='ocrx_word' id='word_1_392' title='bbox 730 4231 895 4316; x_wconf 57' lang='lat' dir='ltr'><strong>&amp;oppinum</strong></span> <span class='ocrx_word' id='word_1_393' title='bbox 914 4235 1042 4314; x_wconf 36' lang='lat' dir='ltr'><strong>mendose..</strong></span> <span class='ocrx_word' id='word_1_394' title='bbox 1060 4235 1089 4314; x_wconf 62' lang='lat' dir='ltr'><strong>lt</strong></span> <span class='ocrx_word' id='word_1_395' title='bbox 1108 4235 1164 4296; x_wconf 70' lang='lat' dir='ltr'><strong>iles.</strong></span> <span class='ocrx_word' id='word_1_396' title='bbox 1177 4234 1198 4284; x_wconf 95' lang='grc'><strong>1.</strong></span> <span class='ocrx_word' id='word_1_397' title='bbox 1217 4234 1316 4298; x_wconf 71' lang='lat' dir='ltr'><strong>Segoer.</strong></span> 
     </span>
     <span class='ocr_line' id='line_1_40' title="bbox 76 4296 1318 4431; baseline -0.002 -4"><span class='ocrx_word' id='word_1_398' title='bbox 76 4303 154 4377; x_wconf 49' lang='grc' dir='ltr'><strong>ὑπὲρ</strong></span> <span class='ocrx_word' id='word_1_399' title='bbox 176 4309 358 4426; x_wconf 56' lang='lat' dir='ltr'><strong>&#39;&#39;imru“&#39;i‘i</strong></span> <span class='ocrx_word' id='word_1_400' title='bbox 375 4301 592 4426; x_wconf 73' lang='lat' dir='ltr'><strong>tt⁰t&#39;¹:.&#39;tltt</strong></span> <span class='ocrx_word' id='word_1_401' title='bbox 605 4307 681 4422; x_wconf 66' lang='lat' dir='ltr'><strong>iil-‚²2³</strong></span> <span class='ocrx_word' id='word_1_402' title='bbox 731 4296 1318 4431; x_wconf 51' lang='lat' dir='ltr'><strong>“tituil*tlt‘ttt‘itt‘itlt,</strong></span> 
     </span>
     <span class='ocr_line' id='line_1_41' title="bbox 77 4379 1246 4512; baseline -0.007 -16"><span class='ocrx_word' id='word_1_403' title='bbox 77 4379 197 4512; x_wconf 39' lang='lat' dir='ltr'><strong>iiidice·</strong></span> <span class='ocrx_word' id='word_1_404' title='bbox 215 4391 340 4510; x_wconf 58' lang='lat' dir='ltr'><strong>oxxpsoigdri</strong></span> <span class='ocrx_word' id='word_1_405' title='bbox 358 4412 407 4492; x_wconf 71' lang='lat' dir='ltr'><strong>&#39;eir</strong></span> <span class='ocrx_word' id='word_1_406' title='bbox 423 4392 563 4496; x_wconf 49' lang='lat' dir='ltr'><strong>acimum</strong></span> <span class='ocrx_word' id='word_1_407' title='bbox 580 4431 682 4491; x_wconf 74' lang='lat' dir='ltr'><strong>·tcso&#39;-</strong></span> <span class='ocrx_word' id='word_1_408' title='bbox 732 4409 877 4509; x_wconf 65' lang='lat' dir='ltr'><strong>elpodorius,</strong></span> <span class='ocrx_word' id='word_1_409' title='bbox 896 4407 1020 4490; x_wconf 75' lang='lat' dir='ltr'><strong>mendose.</strong></span> <span class='ocrx_word' id='word_1_410' title='bbox 1240 4407 1246 4422; x_wconf 42' lang='grc' dir='ltr'>Ι</span> 
     </span>
     <span class='ocr_line' id='line_1_42' title="bbox 77 4504 1317 4590; baseline -0.007 -26"><span class='ocrx_word' id='word_1_411' title='bbox 77 4529 158 4576; x_wconf 76' lang='grc' dir='ltr'><strong>τητι.</strong></span> <span class='ocrx_word' id='word_1_412' title='bbox 202 4513 299 4566; x_wconf 85' lang='lat' dir='ltr'><strong>Gobler.</strong></span> <span class='ocrx_word' id='word_1_413' title='bbox 323 4521 346 4562; x_wconf 86' lang='lat' dir='ltr'><strong>et</strong></span> <span class='ocrx_word' id='word_1_414' title='bbox 370 4513 474 4563; x_wconf 77' lang='lat' dir='ltr'><strong>l&#39;slclvm.</strong></span> <span class='ocrx_word' id='word_1_415' title='bbox 495 4511 517 4560; x_wconf 93' lang='grc'><strong>1.</strong></span> <span class='ocrx_word' id='word_1_416' title='bbox 534 4504 582 4590; x_wconf 48' lang='grc' dir='ltr'><strong>,διὰ</strong></span> <span class='ocrx_word' id='word_1_417' title='bbox 600 4507 682 4589; x_wconf 57' lang='lat' dir='ltr'><strong>grivo</strong></span> <span class='ocrx_word' id='word_1_418' title='bbox 763 4523 799 4588; x_wconf 76' lang='lat'>.¹¹¹·</span> <span class='ocrx_word' id='word_1_419' title='bbox 817 4509 859 4560; x_wconf 84' lang='lat' dir='ltr'><strong>Sic</strong></span> <span class='ocrx_word' id='word_1_420' title='bbox 875 4509 975 4586; x_wconf 31' lang='lat' dir='ltr'><strong>primus.</strong></span> <span class='ocrx_word' id='word_1_421' title='bbox 987 4505 1161 4588; x_wconf 51' lang='lat' dir='ltr'><strong>codes&#39;ltepiuv</strong></span> <span class='ocrx_word' id='word_1_422' title='bbox 1179 4515 1202 4558; x_wconf 82' lang='lat' dir='ltr'><strong>et</strong></span> <span class='ocrx_word' id='word_1_423' title='bbox 1216 4505 1317 4568; x_wconf 68' lang='lat' dir='ltr'><strong>Serrer.</strong></span> 
     </span>
     <span class='ocr_line' id='line_1_43' title="bbox 77 4575 1238 4651; baseline -0.009 -20"><span class='ocrx_word' id='word_1_424' title='bbox 77 4577 196 4650; x_wconf 76' lang='grc' dir='ltr'><strong>εἴρηκε·</strong></span> <span class='ocrx_word' id='word_1_425' title='bbox 214 4579 339 4651; x_wconf 79' lang='grc' dir='ltr'><strong><em>Χριστοῦ</em></strong></span> <span class='ocrx_word' id='word_1_426' title='bbox 355 4575 495 4634; x_wconf 70' lang='grc' dir='ltr'><strong>παθόντος</strong></span> <span class='ocrx_word' id='word_1_427' title='bbox 513 4591 544 4628; x_wconf 83' lang='grc' dir='ltr'><strong>ου</strong></span> <span class='ocrx_word' id='word_1_428' title='bbox 561 4578 682 4639; x_wconf 73' lang='grc' dir='ltr'><strong>θεοτητι.</strong></span> <span class='ocrx_word' id='word_1_429' title='bbox 732 4577 778 4629; x_wconf 82' lang='lat' dir='ltr'><strong>tlvl</strong></span> <span class='ocrx_word' id='word_1_430' title='bbox 796 4586 875 4628; x_wconf 82' lang='lat' dir='ltr'><strong>sutem</strong></span> <span class='ocrx_word' id='word_1_431' title='bbox 894 4585 918 4628; x_wconf 89' lang='lat' dir='ltr'><strong>et</strong></span> <span class='ocrx_word' id='word_1_432' title='bbox 938 4575 996 4628; x_wconf 85' lang='lat' dir='ltr'><strong>sdrtv</strong></span> <span class='ocrx_word' id='word_1_433' title='bbox 1013 4583 1182 4642; x_wconf 65' lang='lat' dir='ltr'><strong>vnopgwoa.</strong></span> <span class='ocrx_word' id='word_1_434' title='bbox 1228 4617 1238 4638; x_wconf 72' lang='grc'><strong><em>,</em></strong></span> 
     </span>
    </p>
   </div>
   <div class='ocr_carea' id='block_1_4' title="bbox 79 3789 678 4000">
    <p class='ocr_par' dir='ltr' id='par_1_6' title="bbox 79 3789 678 4000">
     <span class='ocr_line' id='line_1_44' title="bbox 116 3789 675 3866; baseline -0.007 -16"><span class='ocrx_word' id='word_1_435' title='bbox 116 3801 136 3850; x_wconf 85' lang='lat' dir='ltr'><strong>l.</strong></span> <span class='ocrx_word' id='word_1_436' title='bbox 164 3789 213 3847; x_wconf 75' lang='grc' dir='ltr'><strong>ἀπ’</strong></span> <span class='ocrx_word' id='word_1_437' title='bbox 232 3791 299 3866; x_wconf 71' lang='grc' dir='ltr'><strong>ἐμοῦ</strong></span> <span class='ocrx_word' id='word_1_438' title='bbox 317 3799 385 3849; x_wconf 85' lang='lat' dir='ltr'><strong>deest</strong></span> <span class='ocrx_word' id='word_1_439' title='bbox 402 3799 425 3848; x_wconf 90' lang='lat' dir='ltr'><strong>in</strong></span> <span class='ocrx_word' id='word_1_440' title='bbox 444 3799 501 3862; x_wconf 79' lang='lat' dir='ltr'><strong>lleg.</strong></span> <span class='ocrx_word' id='word_1_441' title='bbox 522 3799 543 3848; x_wconf 91' lang='lat' dir='ltr'><strong>l.</strong></span> <span class='ocrx_word' id='word_1_442' title='bbox 562 3805 585 3847; x_wconf 86' lang='lat' dir='ltr'><strong>et</strong></span> <span class='ocrx_word' id='word_1_443' title='bbox 603 3797 675 3860; x_wconf 75' lang='lat' dir='ltr'><strong>Sego.</strong></span> 
     </span>
     <span class='ocr_line' id='line_1_45' title="bbox 79 3865 678 3932; baseline 0 -14"><span class='ocrx_word' id='word_1_444' title='bbox 79 3867 215 3932; x_wconf 83' lang='lat' dir='ltr'><strong>iidemque</strong></span> <span class='ocrx_word' id='word_1_445' title='bbox 233 3867 320 3916; x_wconf 86' lang='lat' dir='ltr'><strong>ibidem</strong></span> <span class='ocrx_word' id='word_1_446' title='bbox 339 3877 362 3916; x_wconf 86' lang='lat' dir='ltr'><strong>et</strong></span> <span class='ocrx_word' id='word_1_447' title='bbox 380 3867 477 3918; x_wconf 85' lang='lat' dir='ltr'><strong>Gobler.</strong></span> <span class='ocrx_word' id='word_1_448' title='bbox 495 3882 523 3916; x_wconf 88' lang='lat' dir='ltr'><strong>ue</strong></span> <span class='ocrx_word' id='word_1_449' title='bbox 537 3865 641 3916; x_wconf 81' lang='lat' dir='ltr'><strong>Felclm.</strong></span> <span class='ocrx_word' id='word_1_450' title='bbox 654 3865 678 3918; x_wconf 84' lang='lat' dir='ltr'><strong>i.</strong></span> 
     </span>
     <span class='ocr_line' id='line_1_46' title="bbox 79 3927 576 4000; baseline -0.008 -12"><span class='ocrx_word' id='word_1_451' title='bbox 79 3938 207 3988; x_wconf 83' lang='lat' dir='ltr'><strong>omittunt</strong></span> <span class='ocrx_word' id='word_1_452' title='bbox 226 3930 318 3990; x_wconf 78' lang='grc' dir='ltr'><em>τοῦτο,</em></span> <span class='ocrx_word' id='word_1_453' title='bbox 336 3927 382 3981; x_wconf 83' lang='lat' dir='ltr'><strong>acri</strong></span> <span class='ocrx_word' id='word_1_454' title='bbox 400 3927 576 4000; x_wconf 73' lang='grc' dir='ltr'><strong>τυπτομένου.</strong></span> 
     </span>
    </p>
   </div>
   <div class='ocr_carea' id='block_1_5' title="bbox 0 0 1569 5060">
    <p class='ocr_par' dir='ltr' id='par_1_7' title="bbox 0 0 1569 5060">
     <span class='ocr_line' id='line_1_47' title="bbox 0 0 1569 5060; baseline 0 0"><span class='ocrx_word' id='word_1_455' title='bbox 0 0 1569 5060; x_wconf 95' lang='lat' dir='ltr'><strong> </strong></span> 
     </span>
    </p>
   </div>
  </div>
 </body>
</html>
