3048 5052
458 315 569 360 omnm
584 317 606 361 r.
622 315 737 362 eorem
751 317 887 362 sumnus.
1219 305 1279 370 195

65 470 148 532 mines
168 477 283 544 meant,
306 469 362 532 sed
383 489 486 532 creare
507 477 540 531 nt
559 467 671 540 Deum3
693 467 830 530 similiter
851 487 968 549 quoque
990 469 1101 532 odarum
1124 478 1187 543 est,
1210 491 1368 538 eumuna.

63 572 169 652 gignere
190 589 251 634 non
284 579 317 633 ut
343 569 468 651 gignunt
488 567 643 644 hominos,
677 569 730 631 sed
758 577 791 632 nt
817 569 910 650 gignit
936 569 1025 634 Deus.
1070 572 1171 652 Neque
1199 574 1281 638 enim

63 673 131 734 heus
151 673 301 736 hominem
317 672 459 748 imitatur,
482 671 536 734 sed
551 672 653 752 potius
668 671 807 734 homines
822 679 947 752 propter
961 672 1066 748 Deum,
1089 675 1139 754 qui
1154 677 1279 757 proprie

63 784 88 834 et
106 773 181 836 solus
201 793 273 836 nere
293 775 382 837 Pater
403 775 450 837 sui
471 773 568 854 ipsius
586 773 652 835 Filii
675 782 730 846 est,
752 783 853 854 patres
876 793 994 854 qnoque
1016 791 1141 838 suorum
1163 777 1278 841 lihero-

64 892 118 936 rum
137 884 201 937 sunt
222 875 370 956 appellati.
401 876 474 937 Nam
497 894 533 937 en
555 875 621 954 ipso
646 880 741 938 omnis
755 881 929 956 paternitas
945 880 977 938 ia
993 877 1083 940 ruetis
1099 889 1128 940 et
1141 883 1175 940 tre
1190 889 1278 942 terro

64 981 230 1040 sumuntur.
277 977 318 1038 Ea
340 995 443 1057 porro,
466 994 542 1056 quae
563 976 665 1038 dieunt
686 975 737 1048 iili,
761 977 891 1039 sinemo
910 977 1093 1057 expenderit,
1115 980 1279 1058 prudenter

62 1078 253 1160 sapienterque
283 1079 360 1142 diota
388 1099 458 1142 esse
480 1079 558 1140 torte
580 1077 743 1153 videbitur3
775 1087 805 1141 at
826 1079 853 1141 si
876 1079 942 1160 quis
965 1098 999 1142 ea
1021 1083 1137 1142 ratione
1161 1082 1275 1145 exami-

62 1179 172 1254 naverit,
194 1181 270 1243 nihil
292 1181 360 1242 illos
382 1181 451 1244 inde
473 1181 531 1244 nisi
553 1179 648 1242 risum
670 1179 796 1242 multum
818 1193 848 1242 et
869 1187 1050 1244 contemtum
1073 1181 1131 1244 sihi
1154 1183 1277 1246 oonriti-
1366 1235 1368 1240 .

60 1298 118 1341 asse
136 1281 309 1363 eomperiet.

131 1386 179 1448 24.
221 1383 358 1464 Namque
379 1384 475 1464 prima
496 1383 614 1445 iliorum
638 1383 831 1463 interrogatio
852 1382 941 1446 stulta
955 1383 1090 1463 proiecto
1106 1383 1278 1465 incertaque

61 1491 106 1543 est.
144 1483 201 1546 Neo
222 1483 306 1547 enim
327 1484 458 1548 iudicant
479 1503 537 1565 quo
560 1485 597 1545 de
619 1503 653 1546 re
674 1485 878 1566 interrogent,
910 1494 944 1546 ut
964 1485 1165 1564 interrogatus
1188 1495 1278 1566 queat

59 1586 234 1664 respondere,
261 1587 316 1649 sed
338 1586 474 1650 ahsotnte
495 1586 592 1648 aiunt:
616 1585 778 1666 „Numqui
794 1595 849 1660 est,
872 1605 951 1661 eum,
974 1587 1023 1667 qui
1039 1606 1100 1648 non
1118 1595 1182 1650 erat
1196 1594 1276 1652 eto.“

60 1684 121 1756 Quis
141 1706 209 1768 ergo
230 1689 284 1750 itte
307 1696 363 1763 est,
386 1689 437 1768 qui
460 1697 516 1762 eet,
540 1697 569 1750 et
591 1707 666 1768 quae
689 1697 760 1750 sunt
782 1707 826 1760 ea,
849 1707 925 1767 quae
945 1707 1007 1750 non
1030 1696 1122 1762 erant,
1147 1707 1166 1749 o
1187 1689 1277 1752 Aria·

58 1786 118 1848 nit.
143 1789 213 1864 Quis
236 1791 290 1852 ilie
311 1799 368 1864 est,
392 1791 441 1870 qui
464 1797 520 1864 est,
544 1790 647 1870 quisve
669 1790 728 1865 ilie,
752 1789 802 1869 qni
825 1807 887 1851 non
910 1788 995 1852 erat?
1040 1791 1191 1863 Quaenam
1206 1809 1276 1853 esse

57 1887 176 1954 dicuutur
202 1893 248 1954 ret
285 1909 347 1953 non
369 1889 462 1953 esse?
505 1891 578 1953 Nam
602 1891 651 1972 qui
675 1899 735 1966 est,
768 1891 865 1953 faeere
892 1899 993 1971 potest
1019 1901 1082 1954 tum
1110 1911 1185 1971 quae
1212 1911 1277 1954 non

57 1999 129 2066 sunt,
156 2002 216 2056 tum
239 2013 318 2073 qnae
342 2001 427 2067 sunt,
459 2001 521 2054 tum
550 1993 637 2054 etiam
666 2011 742 2073 quae
763 1993 846 2072 prius
869 2001 962 2055 erant.
1008 1993 1159 2074 Siquidem
1181 1993 1276 2070 taber,

57 2094 153 2155 auritos
174 2105 204 2157 et
226 2095 336 2175 tiguius
357 2115 413 2175 pro
436 2113 490 2156 sua
512 2095 620 2175 singuli
642 2095 763 2174 propria
784 2103 848 2158 arte
870 2095 993 2158 materia
1014 2095 1089 2176 ipsis
1107 2094 1192 2174 prins
1208 2095 1275 2158 exi-1

57 2203 138 2256 sonte
157 2205 286 2258 utuntur
307 2203 338 2258 et
358 2216 433 2277 quae
455 2195 557 2258 roiunt
578 2215 648 2258 nasa
670 2196 785 2275 tingunt
806 2215 841 2258 es
864 2217 907 2260 ea.
941 2197 1010 2278 ipse
1030 2207 1127 2258 autern
1150 2197 1274 2260 univer-

58 2313 145 2358 somm
164 2297 245 2361 Deus
272 2299 411 2378 putrere,
438 2299 488 2379 qui
519 2299 576 2360 iam
600 2306 665 2360 erat
685 2317 832 2378 quemque
854 2299 1053 2378 produxerat,
1082 2308 1199 2360 eterra
1220 2317 1273 2362 as·

58 2407 140 2458 sunto
160 2399 316 2462 hominem
331 2401 479 2473 formarit,
502 2418 605 2461 verum
621 2400 698 2461 hano
711 2399 806 2478 ipsam
823 2408 942 2473 terram,
964 2419 1039 2480 quae
1055 2399 1175 2480 qnidam
1190 2399 1275 2479 prins

57 2513 106 2558 non
126 2509 193 2574 erat,
216 2519 277 2582 per
298 2501 454 2582 proprium
475 2503 540 2581 ipse
560 2500 687 2564 Verbum
710 2510 743 2564 nt
764 2509 845 2563 esset
866 2501 944 2563 tecit.
966 2489 968 2492 ⁵
988 2500 1021 2562 Si
1042 2501 1132 2579 igitur
1153 2500 1209 2566 ista
1232 2499 1276 2562 itii

56 2599 205 2677 inquirunt,
228 2603 413 2684 potensest,
436 2622 486 2666 res
508 2586 621 2665 creatas
644 2621 705 2664 non
729 2603 821 2664 tuisse
844 2612 999 2681 antequam
1021 2602 1143 2674 tierent,
1171 2599 1273 2662 homi-

55 2718 152 2782 nesque
171 2705 215 2766 uti
238 2705 382 2780 materia,
405 2724 480 2785 quae
502 2705 560 2766 iam
582 2705 636 2778 sit3
665 2722 699 2765 ae
719 2703 845 2782 proinde
867 2703 947 2764 nnita
968 2703 1026 2764 erit
1047 2701 1166 2762 ittorum
1186 2701 1274 2774 ratio,

24 2781 33 2802 ⁹
54 2813 156 2866 mmet
176 2807 250 2868 hant
275 2825 326 2879 ea,
349 2825 424 2886 quae
447 2814 532 2880 sunt,
556 2813 586 2868 et
606 2825 641 2867 ea
663 2803 801 2865 similiter
822 2803 909 2873 hant,
932 2821 1007 2882 quae
1028 2819 1089 2862 non
1112 2808 1214 2874 orant,
1236 2821 1274 2864 eo

54 2920 145 2985 nempe
170 2926 230 2988 quo
262 2907 392 2969 dirimus
414 2927 516 2970 sensu.
562 2907 621 2968 Sed
644 2906 670 2967 si
693 2905 730 2968 do
750 2905 813 2967 Deo
836 2905 961 2984 eiusque
983 2903 1080 2966 Verbo
1103 2921 1274 2966 sermonem

55 3004 162 3084 hahent,
189 3009 305 3071 addant
325 3027 401 3089 qnae
422 3011 530 3071 desunt
551 3027 624 3072 suae
644 3007 881 3088 interrogationi,
905 3025 1029 3086 eamque
1051 3006 1081 3066 in
1103 3005 1183 3066 hune
1203 3024 1274 3068 mo-

56 3105 113 3170 dom
134 3113 276 3173 ederant:
300 3111 365 3184 ‚dn
387 3111 437 3192 qui
461 3121 508 3173 est
528 3111 619 3186 Deus,
642 3109 697 3172 tuit
719 3109 877 3190 aliquando
901 3109 967 3170 sine
990 3107 1112 3170 Verbo?
1154 3108 1199 3169 tin
1222 3107 1273 3188 qui

57 3209 120 3279 „lux
140 3223 199 3294 est¹
220 3214 291 3274 sine
313 3211 474 3294 splendore
497 3211 610 3274 erat?“
634 3211 695 3273 vel:
718 3211 783 3286 „hu
806 3229 926 3290 semper
948 3211 1003 3272 iuit
1024 3209 1111 3272 Verbi
1130 3209 1272 3272 Pater?“

54 3319 95 3372 aut
113 3333 212 3377 rursus
236 3315 298 3376 hoo
319 3314 425 3377 modo:
455 3314 552 3388 „Num
576 3315 626 3394 qui
649 3324 696 3376 est
718 3313 819 3388 Pater,
843 3311 989 3386 Verbum,
1013 3331 1079 3374 oum
1102 3319 1188 3376 antea
1210 3331 1273 3374 non

55 3424 157 3490 „esset
178 3413 274 3478 tecit?
318 3417 362 3476 hn
383 3434 443 3476 non
466 3417 566 3496 potius
591 3415 729 3488 Verbum,
752 3415 802 3495 qui
824 3433 897 3476 suae
918 3424 1041 3476 naturae
1061 3415 1202 3494 proprius
1225 3422 1274 3476 est

55 3515 153 3590 rietus,
176 3535 282 3580 seeum
305 3535 425 3597 semper
445 3517 585 3579 haheti“
617 3517 659 3578 lta
681 3518 760 3578 enim
775 3515 967 3597 perspicuum
983 3515 1049 3589 orit,
1072 3515 1141 3576 illos
1157 3515 1193 3577 de
1207 3516 1271 3578 Deo

57 3621 83 3672 et
101 3616 132 3676 de
150 3638 194 3694 eo,
218 3619 273 3699 qui
296 3638 332 3680 ex
353 3619 415 3681 Deo
438 3627 493 3694 est,
516 3619 666 3682 curiosius
688 3637 777 3699 quam
798 3638 853 3699 par
875 3626 922 3680 est
943 3617 1081 3698 indagare
1104 3618 1359 3696 auderequem.

54 3711 242 3793 sophistarum
272 3739 357 3782 more
387 3721 545 3801 disputare.
591 3719 700 3801 Ecquis
730 3721 809 3782 enim
835 3719 903 3782 iilos
930 3719 1022 3782 Deum
1052 3721 1118 3780 sine
1139 3709 1272 3780 'Ratione
1361 3773 1366 3780 .

54 3927 159 3986 δυνατὸν
185 3933 243 4007 γὰρ
270 3934 322 3988 τὸν
348 3932 423 3990 ὄντα.
458 3941 581 4002 dngtiesn.
607 3950 631 3990 et
682 3941 738 4002 aeg.
767 3949 790 3990 et
815 3940 919 3990 Fetciinn.
939 3941 961 3990 5.
981 3930 1047 4000 dirps·
1063 3929 1268 4004 ἐπεργάζονται.
1289 3973 1294 3982 .

55 4001 144 4054 teretia.
161 4009 185 4056 5.
212 4013 303 4058 trahent
327 4023 423 4074 qnoque
441 4004 537 4074 λέγετε.
574 4011 630 4068 tteg.
682 4010 744 4059 Edit.
763 3999 829 4067 ὕλην
847 3999 1056 4073 ἀπεργάζονται

55 4082 99 4119 tero
115 4069 248 4138 λέγονται.
286 4077 337 4125 ttox
362 4083 461 4140 segnior.
480 4076 569 4126 osuiu
584 4071 632 4125 aeui
717 4079 740 4126 h.
766 4077 790 4125 tn
816 4079 916 4138 Segoer.
941 4077 1029 4125 desunt
1052 4067 1210 4137 γινομένων
1224 4066 1272 4120 καὶ

56 4133 82 4182 ¹&
96 4135 130 4204 pig
149 4137 218 4191 ὄντα
236 4136 282 4192 καὶ
300 4137 335 4192 τὰ
351 4138 483 4213 ripoinus.
680 4137 719 4210 pig
740 4135 837 4192 ὄντων.
880 4144 939 4192 thid.
966 4145 1043 4201 idem,
1056 4142 1152 4200 'dragite
1171 4143 1271 4191 Gohter·.

82 4241 95 4288 i.
112 4245 252 4306 sequerian.
274 4241 322 4294 erni
344 4249 440 4297 omittit.
477 4247 551 4296 Ponto
574 4253 632 4312 post
683 4223 706 4290 εὖ
731 4213 866 4260 Μοωη
888 4210 909 4260 ¹⁸
933 4201 1020 4274 ὥςπερ
1044 4199 1164 4273 dmm
1208 4211 1270 4260 ΕΜ

55 4304 365 4443 ξὲἓωῄὅίᾖυῖιωοίηω
388 4307 404 4362 ὅ
427 4307 492 4370 θεὸς
516 4307 563 4365 διὰ
581 4313 630 4363 ὀὔ
683 4291 950 4408 ωῗεξὶοιιέυέςὶἴῖπη.
970 4344 1068 4394 Gotrter.
1087 4351 1110 4394 et
1128 4344 1232 4408 deiciam.
1248 4345 1271 4394 t.

682 4416 744 4465 Editi
763 4429 818 4463 vero
837 4421 858 4461 et
878 4414 918 4462 stri
938 4405 972 4460 nri
989 4406 1124 4461 λείποντα.
1162 4414 1271 4464 ttoss'e-

67 4491 101 4547 ¹t·
125 4479 164 4531 Sic
191 4485 291 4545 Segner.
320 4487 418 4536 Gohter.
441 4495 463 4535 et
482 4486 586 4536 Feta-tim.
608 4486 630 4536 t.
683 4500 749 4548 gaer.
768 4475 814 4529 καὶ
832 4471 919 4534 οὕτως
937 4471 1164 4547 desperatores.

58 4537 105 4592 iteri
122 4563 177 4600 aero
195 4546 262 4618 πρὶν
278 4547 296 4613 ἢ
312 4550 434 4619 γένηται.
467 4554 630 4617 hosseguer.
716 4553 740 4603 h.
758 4553 858 4614 Segner.
876 4543 940 4616 usqi
957 4547 1007 4599 rori
1024 4547 1100 4598 θεοῦ.

1013 4633 1067 4685 13*
