3072 5056
329 1179 520 1254 saltent
552 1161 740 1252 ntrnts'
775 1177 1006 1254 NOSTlll

439 1339 892 1457 ATHANASII

342 1499 672 1553 suculartscnrt
697 1493 995 1556 ALEXANlllllNl

128 1622 184 1688 quui
202 1622 332 1687 Dionysius
353 1621 528 1674 llexuudrinus
544 1623 682 1688 Episcopus
701 1623 827 1674 adversum
845 1621 956 1676 ieiunam
975 1623 1095 1676 haeresim
1112 1624 1224 1686 aensarit,

128 1715 152 1758 nt
172 1715 194 1759 st
214 1708 320 1758 nicaena
338 1707 467 1772 Spnatlns,
490 1716 514 1758 et
537 1708 602 1774 qnod
623 1709 685 1758 laiac
704 1709 773 1759 illum
790 1709 871 1760 arisai
893 1717 920 1761 nt
938 1709 1048 1760 tluctrlnt
1062 1723 1145 1760 seuam
1163 1724 1223 1761 ean-

506 1795 649 1844 sentientem
667 1795 832 1848 criminentur.

151 2101 177 2160 1.
218 2099 296 2160 Seru
329 2095 502 2178 signitlunati
534 2115 595 2158 non
626 2096 668 2160 itu
689 2097 804 2178 pridem
834 2099 912 2179 apntl
940 2117 994 2162 ros
1021 2100 1151 2164 habitam
1179 2111 1365 2166 centnm-

81 2183 174 2262 Cl'risti
202 2200 307 2262 hostes
340 2199 588 2280 disputationem
621 2199 730 2262 etenim
763 2207 919 2282 antequem
953 2210 1003 2264 tua
1030 2201 1061 2265 id
1082 2203 1156 2268 mint
1177 2205 1283 2269 caritas

81 2301 214 2376 tribuet
229 2301 390 2384 diligenter
404 2301 570 2364 sciscitatus
583 2302 656 2364 haec
673 2302 832 2366 didiceram
843 2303 998 2386 libensque
1010 2306 1168 2370 admodum
1179 2307 1283 2372 aniiu-

81 2419 139 2464 rnn.
171 2404 264 2467 'luam
289 2406 388 2486 itaque
409 2403 548 2485 pietatem
570 2423 761 2486 summopere
775 2405 908 2484 probavi,
930 2425 1004 2485 quae
1026 2408 1066 2472 ita
1080 2417 1161 2473 rente
1175 2413 1286 2474 sentiat

82 2503 111 2566 lu
126 2505 214 2570 beatis
238 2507 377 2570 Patribus
399 2505 528 2582 nostris,
562 2506 800 2586 clementiamque
821 2507 997 2570 Ariannanm
1020 2509 1107 2572 etiam
1129 2529 1210 2574 nunc
1230 2531 1284 2576 er·

80 2607 203 2686 pluralem
225 2609 329 2672 habui.
375 2609 447 2672 (lam
481 2609 560 2672 enim
588 2609 700 2671 nullum
723 2627 828 2671 eorum
850 2609 966 2673 haeresi
995 2619 1134 2693 suppetet
1154 2594 1284 2677 consen·

80 2713 179 2773 tuntum
199 2718 422 2791 argumentum,
456 2711 534 2772 nulla
558 2711 686 2791 legitima
715 2729 751 2774 ex
774 2712 934 2790 scripturis
957 2713 1049 2775 sacris
1071 2723 1189 2794 accepta
1210 2733 1284 2796 pru-

79 2807 161 2884 lleio,
171 2812 393 2894 impudentibus
404 2811 444 2874 illi
457 2811 690 2875 cavillationibus
703 2811 994 2893 sophismatibusque
1014 2813 1126 2878 callidis
1141 2817 1285 2880 hactenns

77 2928 180 2994 semper
200 2925 270 2977 sunt
293 2914 359 2990 usi3
381 2933 461 2978 nunc
481 2933 553 2977 reru
576 2933 612 2976 οο
635 2913 775 2977 audaciai
788 2925 1013 2996 processerunt,
1035 2925 1068 2980 ut
1082 2919 1169 2982 οίίοιο
1182 2919 1284 2984 Patras

77 3013 285 3092 calumnientur,
309 3017 388 3096 quod
410 3016 446 3078 ab
469 3035 573 3080 eornm
596 3017 775 3097 malignitate
799 3016 920 3080 minima
942 3019 1079 3095 alienum,
1103 3022 1173 3102 quin
1196 3023 1284 3088 etiam

76 3113 123 3193 ipsi
143 3121 261 3182 omnino
285 3120 439 3200 proprium
462 3127 518 3182 est.
550 3119 609 3192 Qut
631 3121 712 3181 enim
732 3105 881 3183 aduersas
902 3119 1064 3185 Dominam
1085 3135 1115 3187 at
1136 3127 1285 3190 aduersas

78 3217 213 3284 Uirtutem
235 3226 302 3286 eius
322 3222 550 3285 mettamensi
579 3229 665 3295 sunt,
702 3223 774 3304 quid
801 3223 908 3284 mirum
938 3223 964 3284 si
992 3224 1095 3286 beatae
1123 3228 1284 3292 memoriae

76 3318 155 3383 tirum
175 3321 348 3404 Dionysium
369 3323 550 3405 Episcopum
571 3323 799 3386 Menandrinum
823 3332 855 3386 at
875 3324 1007 3386 electrina
1029 3345 1129 3389 seeum
1152 3347 1367 3398 conten-mut.

77 3419 180 3486 timum
202 3423 420 3488 criminentur?
463 3425 560 3499 Quem
582 3427 660 3488 anim
683 3426 741 3506 ipsi
762 3427 799 3488 ad
820 3428 1106 3492 commendationem
1123 3449 1194 3494 suaa
1209 3432 1282 3495 haa-

76 3539 164 3590 ruaens
185 3527 321 3591 laudibus
338 3547 445 3590 ornare
460 3528 608 3603 videntur,
628 3545 803 3610 quamquam
818 3526 900 3592 illum
915 3529 1033 3592 beatum
1049 3532 1206 3612 appellant,
1221 3551 1283 3596 nan

79 3621 126 3684 leti
143 3636 247 3702 umen,
270 3629 326 3690 sed
349 3639 379 3691 et
401 3630 534 3692 amnium
557 3630 732 3711 gravissima
755 3631 899 3694 calumnia
920 3629 1171 3707 vellicant‚'hand
1194 3653 1282 3698 secus

80 3741 153 3801 quum
170 3731 336 3811 pmedoncs
358 3741 389 3794 et
409 3733 533 3794 infames
557 3732 675 3814 quitiam
696 3733 845 3808 homines,
868 3735 918 3814 qui
934 3753 1000 3796 cum
1022 3735 1063 3796 ab
1077 3753 1130 3797 sua
1152 3719 1281 3798 facinora

77 3827 141 3890 male
159 3833 295 3908 οιιοὶιοοο,ι
329 3833 406 3914 lengi
428 3836 566 3898 homines
589 3834 691 3898 socias
714 3835 771 3898 sibi
795 3836 951 3912 simulant,
985 3837 1056 3900 dum
1084 3829 1161 3898 lalsa'
1178 3853 1281 3900 earum

76 3929 199 4004 probitati
220 3935 403 3999 adscribunt.

104 4131 122 4164 c
143 4117 180 4168 Sic
196 4120 362 4184 laurinensis,
382 4123 545 4186 Camertium,
564 4123 645 4176 lenuit
698 4117 712 4172 l
733 4123 816 4178 οῦντες
832 4115 945 4189 εὔλογον
967 4117 1087 4190 ἔχουσαν
1102 4116 1208 4173 inustis·
1231 4118 1283 4188 τὴν

76 4184 253 4240 etlelulmauai
281 4193 321 4256 qui
342 4201 438 4242 notatur
466 4193 502 4242 l’r.
522 4195 540 4243 l.
564 4203 587 4244 et
614 4196 646 4244 ita
698 4205 804 4262 αρεοιν
821 4186 977 4259 προφάσεις
994 4184 1143 4241 ἐπινοοῦσι.

76 4247 125 4310 ltttt
141 4252 251 4307 limatus.
286 4259 334 4310 Setl
354 4261 440 4324 Regias
459 4261 645 4314 atlanteum
731 4265 755 4312 tl.
773 4260 821 4318 τῆς
834 4253 1031 4326 Ἀλεξανδρείας
1054 4261 1151 4312 taneta.
1175 4263 1282 4315 colbert.

76 4321 176 4372 anailas
192 4325 261 4376 uelitis
278 4325 327 4387 tric
344 4322 509 4394 ncmtcme.
538 4331 645 4381 Praestat
696 4331 777 4380 lacuit
798 4329 915 4390 ltcaltug.
934 4331 1032 4378 Tauria.
1050 4327 1156 4381 (lutbart.
1174 4339 1199 4382 at
1216 4333 1280 4384 rut.

77 4399 137 4447 prtar
152 4390 233 4458 tecum
253 4397 521 4460 qnulauaaleturuttarn
533 4399 644 4449 eximiii
697 4390 833 4463 ὁμόδοξον
850 4391 963 4464 ἑαυτῶν.
1000 4398 1209 4451 stannaturae
1227 4402 1280 4451 stli-

77 4461 189 4532 ttntaatia,
201 4477 261 4526 qaae
272 4467 297 4514 in
307 4466 434 4529 superiore
444 4467 547 4530 epistota
559 4461 594 4531 [p.
605 4467 643 4518 tu.
694 4467 725 4516 tis
744 4467 856 4515 amnibus
874 4457 1009 4531 ὁμόδοξον
1026 4458 1125 4516 αὐτῶν.

80 4517 139 4574 tuns
155 4527 202 4592 em]
229 4529 314 4596 legitur
337 4547 403 4584 num.
422 4533 460 4584 2:
485 4523 565 4584 οὐδὲν
588 4527 643 4600 γὰρ
729 4549 750 4582 ο.
769 4535 809 4583 Sic
827 4533 882 4596 ltep.
902 4535 998 4586 Tauria.
1017 4537 1124 4589 Calbert.
1143 4543 1166 4588 at

695 4602 752 4654 aditi
770 4601 987 4670 σοναροθμοῖοιν.
