3122 5060
480 323 590 368 onsrro
605 323 649 368 tu.
666 323 783 368 course
797 325 931 370 munos.
1243 311 1306 376 543

80 475 130 556 qrri
150 474 323 554 interroget,
346 491 471 538 necesso
493 483 540 538 ost
561 474 699 555 ignorare
720 475 759 538 do
780 475 887 554 quibus
910 477 1089 556 interrogem
1111 495 1213 540 verum
1236 478 1391 542 licetnssr.

81 578 168 640 etium
190 575 334 640 ocientem
356 575 393 638 de
415 575 472 649 bis,
494 595 569 656 quoe
593 577 757 657 cognoscit,
780 577 936 640 sciscitari.
980 579 1068 640 Certe
1089 579 1155 660 ipse
1176 580 1307 642 loannes

81 677 231 742 Christum
258 677 507 757 interrogantem:
543 678 627 752 Quot
654 697 752 760 pones
782 677 921 742 bebetis?
952 697 1014 742 non
1042 680 1225 744 nescientem
1253 679 1309 744 sod

81 779 225 844 scientem
247 777 395 859 agnoscit,
418 779 489 842 binc
510 779 589 842 enim
610 780 667 842 nit:
700 779 767 843 Hoc
787 791 888 844 nutent
909 781 1024 844 dicebat
1046 793 1167 845 teutone
1188 781 1307 864 Postu·

76 901 169 965 pum
202 886 266 962 obse
294 885 373 944 enies
400 881 511 946 scotor
538 881 611 964 quid
631 891 710 944 esest
736 883 891 962 secturus.
936 882 1070 955 Quodsi
1092 885 1308 964 norcrntquid

79 987 206 1058 iaceret,
238 1001 299 1046 non
329 982 420 1062 igitur
446 983 584 1046 nesciens
613 983 666 1046 scd
690 983 788 1048 sciens
811 984 1022 1064 interrogabat.
1067 983 1131 1046 Hoc
1151 993 1248 1048 nutu
1271 1003 1307 1050 ex

79 1085 146 1150 loco
168 1085 223 1151 elie
245 1101 407 1165 positurus
429 1083 604 1164 intelligere.
647 1085 709 1148 Nec
736 1085 816 1148 onim
843 1085 984 1165 ignorans
1006 1085 1152 1168 Dominus
1174 1085 1305 1148 interro-

79 1187 184 1268 gabat,
206 1185 326 1257 ubinam
347 1186 457 1250 inuenet
478 1185 624 1260 Lazarus,
656 1205 754 1268 neque
775 1205 862 1267 quem
885 1189 982 1268 ipsum
1004 1187 1142 1250 hominos
1163 1185 1307 1261 timesne,

77 1289 136 1352 sed
157 1289 215 1350 boc
240 1288 354 1368 ipsum,
387 1287 467 1367 quod
494 1287 712 1368 interrogabat,
740 1307 926 1368 cognoscens
954 1289 1110 1368 sciensque
1132 1288 1203 1369 quid
1226 1297 1307 1352 esset

78 1393 231 1464 iacturum
257 1399 345 1470 etque
366 1389 406 1452 ite
428 1389 564 1454 facillime
587 1399 705 1454 acutum
727 1391 846 1452 illorum
869 1391 1022 1471 sophisma
1043 1390 1174 1460 diluitur.
1218 1391 1309 1466 Quod

78 1493 108 1555 si
132 1492 164 1554 iu
184 1511 231 1566 eo,
252 1491 332 1572 quod
353 1490 538 1571 iuterrogoro
560 1492 685 1566 dicium,
708 1492 800 1554 veiint
815 1491 977 1566 insistere,
1000 1491 1123 1556 audient
1142 1491 1252 1554 nulium
1274 1495 1306 1556 in
1342 1525 1346 1539 ·

76 1592 230 1658 dimnitme
250 1593 446 1673 ignoruntium
476 1611 562 1668 esso,
596 1594 651 1656 sed
679 1595 834 1674 proprium
863 1613 931 1658 esse
953 1595 1049 1657 cornis
1077 1594 1230 1674 ignorare,
1261 1596 1308 1658 uti

75 1695 193 1758 dictum
214 1702 270 1758 est.
314 1695 401 1768 Quod
432 1695 552 1775 quidem
579 1714 683 1758 verum
704 1713 773 1758 esse
796 1695 979 1777 comperies,
1010 1695 1035 1758 si
1058 1695 1217 1771 observes,
1246 1714 1306 1778 quo

48 1821 52 1832 ’
74 1797 350 1878 paenitendum,
372 1797 422 1878 qui
444 1797 654 1878 interrogarit,
677 1796 729 1860 ubi
750 1797 861 1860 inoeret
881 1798 1023 1869 Luceres,
1045 1796 1112 1878 ipse
1134 1815 1194 1860 uon
1216 1817 1307 1879 pree·

74 1917 151 1962 sens
173 1898 228 1962 sod
249 1899 353 1979 prouti
374 1899 485 1986 obiens
507 1899 615 1962 dixerit
628 1899 772 1964 Locorum
794 1907 945 1963 mortuum
969 1919 1046 1974 esse,
1068 1917 1165 1980 quove
1186 1901 1217 1962 in
1239 1901 1306 1964 loeo

74 2010 216 2064 mortuus
238 2011 330 2064 esset
373 2001 411 2064 Et
431 2021 502 2064 sero
524 2002 572 2064 ille
594 2003 677 2082 ipsc,
706 2020 794 2082 quem
822 2001 959 2081 ignorum
981 2009 1052 2064 esse'
1071 2002 1255 2077 existiment,
1278 2003 1306 2064 is
1390 2065 1407 2090 ι
1488 1993 1499 2040 ·'

80 2113 148 2176 est,
176 2103 227 2184 qui
249 2102 442 2182 cogitationes
465 2102 635 2184 praenoscit
657 2103 886 2184 discipulorum,
921 2111 951 2166 et
972 2123 1047 2184 qnos
1068 2103 1099 2166 in
1120 2103 1392 2184 singulorumreeo.

73 2205 170 2268 eorde
191 2215 343 2284 geruntur,
366 2205 494 2286 quidque
517 2206 609 2269 sitin
630 2207 761 2280 bomine,
784 2213 919 2268 occurnte
943 2207 1034 2280 novit,
1048 2216 1087 2268 ‘et
1106 2205 1187 2285 quod
1208 2205 1304 2270 moius

10 2321 15 2332 ¹
76 2315 142 2381 est,
171 2307 255 2370 solus
282 2306 349 2386 ipso
370 2307 487 2370 Putrem
509 2307 665 2388 cognoscit
687 2315 717 2368 et
738 2307 822 2369 dicit:
856 2306 918 2386 Euo
941 2309 973 2368 in
995 2305 1088 2370 Putre
1109 2317 1139 2368 et
1159 2307 1252 2370 Potor
1272 2313 1306 2370 iu

74 2429 124 2472 me
147 2419 201 2472 ut.

111 2575 115 2584 ,
164 2511 216 2576 38.
258 2510 361 2590 tuqus
389 2510 527 2574 omnibus
560 2510 751 2590 perspicuum
785 2517 847 2582 est,
880 2509 1097 2588 ignorationem
1127 2508 1164 2570 sd
1187 2525 1306 2571 curnem

74 2611 244 2694 portinere,
278 2612 378 2691 ipsum
406 2621 504 2674 nutem
532 2611 662 2675 Verbum
684 2620 830 2690 quotenus
853 2609 981 2672 Verbum
1004 2619 1051 2694 est
1072 2609 1190 2682 omnia,
1221 2610 1306 2690 prius

75 2713 170 2776 etism
191 2731 278 2794 quem
300 2713 448 2786 orientur,
477 2731 668 2792 cognoscere.
711 2711 773 2774 Nec
800 2711 880 2773 enim
907 2729 959 2784 eo,
994 2712 1072 2790 quod
1099 2708 1191 2770 bomo
1213 2711 1306 2774 inune

74 2815 136 2889 sit,
159 2814 240 2876 licus
263 2833 332 2876 esse
353 2814 457 2890 desiit,
485 2833 583 2895 neque
605 2815 673 2894 quis
693 2811 773 2876 Beue
796 2821 859 2886 est,
889 2810 936 2885 id,
966 2812 1045 2891 qnod
1066 2811 1227 2874 bumnnutn
1249 2820 1306 2886 est,
1394 2895 1396 2902 y

73 2917 171 2997 fugin
203 2913 297 2990 obsim
329 2916 383 2979 sed
411 2916 512 2996 potius
540 2917 621 2980 Deus
643 2933 708 2978 cum
731 2922 831 2987 esset,
860 2931 977 2976 coruom
1001 2909 1159 2985 assumsit,
1188 2922 1220 2992 et
1239 2932 1306 2976 urm

74 3025 166 3080 esset
187 3017 218 3078 in
240 3035 344 3092 cerne,
371 3037 490 3082 curnem
511 3019 607 3098 ipsum
629 3015 758 3078 divinem
780 3015 917 3078 reddidit
961 3015 1035 3076 Nem
1057 3014 1306 3094 quomadmodum

72 3119 108 3181 in
139 3118 209 3198 inse
238 3116 453 3199 interrogem,
485 3120 526 3182 ite
554 3118 585 3182 in
613 3118 716 3181 endem
743 3125 892 3180 mortuum
926 3101 1092 3190 excitavit„
1110 3115 1307 3198 omnibusque

70 3227 186 3302 operte
207 3219 359 3292 indicarit,
391 3239 475 3293 oum,
504 3220 554 3300 qui
576 3219 702 3282 mortuis
724 3218 812 3280 vitem
836 3225 866 3280 et
886 3218 1013 3280 enimam
1036 3217 1183 3291 restituit,
1212 3219 1305 3282 multo
1331 3215 1333 3224 ’

71 3322 178 3402 magis
199 3339 248 3382 res
277 3339 380 3384 omnes
402 3321 532 3384 occultos
555 3321 666 3400 optime
693 3339 796 3383 nosse.
842 3318 961 3383 Sciebat
982 3320 1086 3400 igitur,
1120 3321 1171 3384 ubi
1199 3320 1308 3385 iaceret

71 3425 242 3511 uanus„
257 3424 311 3486 sed
333 3432 431 3486 temen
453 3423 620 3486 sciscitatus
643 3431 699 3486 cst.
743 3421 775 3484 id
798 3431 896 3485 tutem
917 3423 988 3486 iecit
1010 3415 1231 3486 sanctissimum
1252 3422 1307 3500 Dei

73 3525 221 3600 Verbum,
244 3526 323 3606 quod
345 3524 443 3588 omnin
462 3525 561 3588 nostri
583 3524 669 3586 censa
692 3525 845 3598 sustinuit,
868 3543 934 3586 cum
950 3533 983 3586 nt
996 3524 1055 3586 boo
1068 3523 1157 3586 modo
1173 3533 1307 3586 nostrum

73 3626 279 3706 ignoruntium
299 3635 422 3708 uomens
443 3627 532 3690 nobis
555 3625 648 3690 soiius
663 3626 725 3688 reri
740 3627 788 3688 sui
802 3625 898 3688 Petris
915 3625 1115 3704 cognitionem
1129 3609 1304 3704 impertiret,

71 3815 96 3866 1.
136 3813 233 3864 inediis
245 3821 269 3862 et
285 3813 355 3863 editis
372 3803 387 3860 ὁ
406 3814 481 3863 deest.
515 3813 606 3862 ibidem
618 3813 667 3864 Go-
753 3827 777 3874 g.
795 3812 853 3875 Reg.
872 3812 894 3861 1.
913 3810 1052 3873 etSeeuer.
1073 3801 1105 3860 οὗ
1122 3803 1185 3876 γάρ.

68 3883 138 3933 btcr.
159 3889 190 3958 et
203 3881 308 3958 FeJcBm.
321 3880 343 3929 1.
361 3875 486 3947 Λάζαρος
502 3879 598 3936 κεῖται,
615 3893 667 3946 μα-
753 3881 777 3930 Ιι.
801 3881 857 3942 fleg.
884 3880 906 3929 i.
931 3887 956 3928 et
978 3879 1077 3941 Seguer.
1099 3869 1309 3996 πὲπςλιιμβάνει.

67 3963 85 3998 κ
106 3943 148 3997 cir
167 3961 290 4014 ωνιφη.
327 3947 384 4008 beu.
404 3949 425 4000 l.
451 3957 474 3998 et
492 3948 591 4012 Seguer.
611 3948 667 3997 ibid.
717 3947 810 3998 ibidem
829 3947 934 3996 i'etskm.
948 3945 972 3996 2.
991 3955 1015 3996 et
1032 3947 1104 3996 editio
1143 3961 1217 3996 cmm.
1236 3946 1308 3996 omit-

69 3965 144 4066 egnit
158 4009 339 4096 ιιιιιὶ,μιιξιιρι“ιν
357 4009 404 4066 ὧν.
441 4017 486 4068 tttt
499 4025 523 4066 et
536 4017 592 4066 editi
603 4006 669 4063 «tut
720 4024 773 4092 tunt
801 4007 848 4063 καὶ
875 4007 905 4063 ἐν
933 4007 1015 4081 σαρκὶ
1037 4005 1077 4062 ὢν
1100 4005 1236 4063 έθεοποίει
1258 4005 1309 4072 τὴν

65 4084 385 4208 b'ffl'sffltrdmmf
403 4085 467 4204 {toust
481 4085 669 4230 ξιπτξοξιὲθττοιὲἓ.
720 4093 894 4214 Ἤπειον.
918 4141 932 4196 ὅ
956 4141 1064 4216 νεκρός,
1089 4149 1214 4200 mendose.
1255 4147 1309 4198 itur

67 4224 157 4274 Ceteri
184 4227 210 4272 et
227 4221 301 4272 editio
319 4222 412 4276 Coum.
430 4213 445 4269 d
464 4215 494 4270 δὲ
510 4233 580 4270 κατα
598 4213 670 4274 τούς.
719 4219 783 4270 idem
801 4227 826 4268 et
841 4217 983 4280 Seguerieu.
1000 4217 1101 4269 Gobier.
1119 4225 1143 4266 et
1160 4217 1264 4267 deletur.
1285 4217 1308 4266 t.

105 4294 123 4342 t.
152 4290 198 4340 Sic
220 4297 322 4354 uterque
344 4291 401 4352 lieu.
425 4289 523 4351 Seuuer.
542 4289 669 4340 bosittone.
720 4279 833 4334 πάντων
848 4277 983 4350 γινώσκει.
1018 4285 1063 4335 Atii
1081 4293 1105 4334 ot
1123 4284 1178 4335 editi
1195 4277 1308 4334 πάντων

69 4357 221 4411 Gobterinn.
248 4365 272 4407 et
295 4357 400 4408 ietokm.
421 4358 444 4408 l.
479 4358 523 4406 stit
550 4366 574 4408 et
597 4357 669 4408 editio
720 4347 900 4420 ἐπιγινώσκει.

69 4418 380 4494 &marcianistarum
415 4425 506 4476 ibidem
530 4423 587 4488 Iteg.
607 4425 629 4474 1.
648 4431 672 4474 et
756 4425 779 4474 Ιι.
799 4425 902 4486 Uterque
916 4423 972 4483 Res.
991 4412 1306 4491 emendationisque.

67 4496 182 4560 Seguor.
207 4487 295 4542 παντί
316 4507 355 4574 ῳ
373 4487 457 4554 δῆλόν
472 4484 556 4541 ἐστιν.
592 4493 671 4544 Ceteri
722 4491 768 4542 Alii
785 4501 810 4542 et
826 4492 883 4542 editi
900 4483 985 4540 ἐποίει
1002 4483 1039 4539 δέ.

67 4573 95 4616 et
114 4563 181 4615 editi
197 4555 283 4612 nuni
301 4575 381 4611 rouro
400 4555 482 4622 deiide
498 4553 581 4612 ἐστιν.
757 4560 774 4610 Ι.
792 4561 833 4612 Sic
850 4560 907 4622 ties.
927 4560 950 4610 l.
974 4567 998 4610 et
1020 4560 1119 4622 Seruer.
1154 4558 1232 4610 Ceteri
