3128 5052
465 349 610 396 urrerem
625 348 669 393 ur.
683 299 931 394 so'sssssronru.
1065 287 1067 294 >
1251 341 1312 402 777

30 502 169 564 etiam
196 500 298 562 videm
321 509 368 562 est
389 500 420 565 in
442 498 507 582 ipsa
530 507 631 562 sancta
653 498 755 562 tuna.
799 499 927 578 Angelus
950 501 1028 564 enirn
1051 501 1399 581 connumerasset.

33 612 87 666 ut
121 601 333 666 annunciaret
354 601 395 667 illi
417 600 505 664 Verbi
535 601 714 666 descensum
742 600 773 662 in
800 600 878 664 illam
906 601 986 664 lore:
1017 602 1151 685 Spiritus
1179 617 1313 679 enectus,

37 705 119 778 ait,
155 707 359 786 aspernenter
379 706 412 765 in
434 711 473 774 te,
496 700 597 764 seiam
618 700 650 762 in
671 700 769 762 Verbo
792 719 860 763 esse
875 700 1030 780 Spiritum,
1051 705 1235 786 proindeque
1250 715 1314 771 sta-

41 806 124 868 tim
153 805 287 870 addidit:
317 803 355 868 tr
384 807 485 870 virtus
507 803 658 868 ditissimi
679 803 867 867 nlnnlrnlit
889 803 953 867 tili.
998 803 1137 868 Gloriatur
1159 813 1236 872 esim
1257 808 1318 872 liei

44 911 186 969 virtus
211 918 240 970 et
261 906 320 970 Dei
339 908 489 985 snpientia
510 914 565 971 cst.
610 903 683 968 Cum
705 909 804 966 numm
826 902 955 982 Spiritus
976 904 1015 966 sit
1035 905 1067 968 in
1088 906 1196 983 Verbo,
1217 911 1314 991 palam

48 1015 118 1070 est
155 1007 251 1072 edam
279 1007 309 1068 in
331 1005 393 1068 lleo
421 1023 477 1086 per
498 1003 626 1070 Verbum
649 1023 719 1068 esse
741 1004 895 1088 Spiritum.
938 1004 976 1070 Et
1003 1006 1043 1068 ita
1064 1006 1177 1088 Spiritu
1198 1013 1235 1073 ad
1255 1031 1314 1076 nos

51 1107 225 1170 veniente
248 1105 366 1170 venient
385 1105 477 1168 Filius
499 1113 530 1168 et
549 1105 638 1168 Pater
659 1113 691 1166 et
711 1104 899 1170 munionem
923 1106 1001 1188 apud
1021 1125 1078 1171 nos
1100 1109 1216 1200 lauant.
1261 1113 1313 1174 ln-

55 1209 179 1272 divisa
202 1225 330 1287 namque
352 1215 398 1270 est
419 1206 560 1284 Trinitas,
583 1214 614 1271 et
634 1225 693 1272 uua
715 1207 780 1270 eius
801 1206 954 1282 Divinitas,
977 1215 1007 1272 et
1027 1227 1105 1274 unus
1122 1209 1203 1274 llous
1224 1230 1317 1292 super

57 1309 197 1383 omnia,
220 1327 275 1390 per
296 1309 397 1372 omnia
418 1317 447 1372 ot
468 1308 500 1372 in
522 1307 672 1372 omuibus.
716 1308 797 1374 llaec
818 1315 865 1372 est
879 1308 1045 1374 &tholicao
1058 1311 1207 1375 Ecclesiae
1228 1313 1314 1376 fides.

59 1411 106 1472 ln
138 1408 291 1474 Trinitate
313 1410 392 1474 enim
415 1409 509 1490 ipsam
531 1409 664 1476 lundarit
686 1418 717 1472 et
737 1409 879 1474 radicavit
899 1409 1059 1486 Dominus,
1081 1413 1132 1492 qui
1154 1413 1195 1475 sit
1215 1414 1314 1476 llisoi-

60 1510 179 1592 pulis:
203 1509 319 1604 Tanites
342 1512 443 1578 docete
464 1531 564 1576 onnes
586 1523 705 1592 pentes,
728 1512 921 1592 inminenter
943 1531 994 1576 eor
1016 1515 1049 1576 in
1071 1519 1190 1578 nonnos
1212 1516 1315 1580 Petris

64 1623 103 1676 et
134 1609 213 1674 Filii
232 1621 260 1672 et
282 1609 419 1693 Spiritus
442 1616 551 1678 rnnnt.
595 1612 683 1684 Quod
706 1611 733 1674 si
749 1611 879 1692 Spiritus
902 1623 1035 1678 meaturi
1057 1624 1148 1690 esset,
1171 1635 1232 1679 non
1248 1637 1316 1680 eum

65 1731 152 1776 cerm
176 1712 264 1776 Patre
286 1711 475 1792 copulasset,
497 1730 535 1774 ne
557 1712 688 1776 Trinitas
711 1712 768 1775 sibi
789 1713 849 1793 ipsi
870 1713 1023 1778 dissimilis
1046 1725 1143 1790 esset,
1166 1718 1193 1779 si
1216 1728 1314 1780 exua-

69 1832 175 1876 ncum
199 1813 351 1894 quidpiam
374 1821 404 1876 et
424 1813 552 1878 adeoum
574 1814 633 1894 ipsi
655 1813 873 1894 adiungeretur.
918 1814 997 1888 Quid
1019 1816 1099 1878 enim
1120 1816 1183 1880 lien
1205 1819 1315 1892 deerat,

72 1923 114 1978 ut
140 1915 300 1996 qucquam,
322 1914 456 1979 diversae
478 1914 660 1982 subsannas
681 1925 847 1978 assumeret
869 1925 899 1977 ct
919 1935 987 1978 eum
1008 1916 1058 1978 isso
1078 1918 1316 1998 glorificaretur?

73 2015 183 2078 Absit
228 2014 295 2078 Non
322 2016 362 2078 ita
390 2035 423 2078 se
452 2034 502 2079 res
519 2015 629 2083 ,habet
674 2015 786 2080 Plenas
815 2036 897 2092 sam,
927 2017 968 2080 ait
995 2017 1071 2098 ipse.
1114 2020 1228 2082 Idcirco
1250 2021 1329 2102 ipse·

73 2115 232 2180 Dominus
255 2121 321 2179 cum
343 2118 465 2182 nomine
485 2117 584 2184 Patris
606 2118 653 2182 sui
677 2117 759 2182 illum
781 2119 944 2200 copularit,
977 2128 1010 2182 ut
1037 2121 1225 2197 ostenderet,
1253 2142 1316 2187 non

78 2237 119 2280 ex
146 2216 273 2282 dirersis
296 2218 325 2280 id
348 2227 395 2284 est
417 2237 453 2280 ex
474 2227 609 2282 creatore
630 2217 668 2282 et'
681 2227 815 2283 creatura
829 2230 961 2284 sannam
976 2221 1151 2286 Trinitatem
1166 2232 1315 2300 constare,

79 2317 141 2382 sed
164 2337 254 2382 uuam
277 2307 547 2384 eius'diviniutem
569 2339 647 2384 esse.
691 2321 757 2382 Hoc
778 2339 844 2384 cum
868 2321 1023 2386 didicisset
1042 2324 1169 2398 Paulus,
1192 2325 1318 2388 damnat
1343 2377 1347 2384 .

82 2439 180 2482 unam
201 2438 270 2482 esse
292 2439 366 2500 quae
388 2422 419 2484 in
441 2422 507 2500 ipsa
525 2420 693 2499 (Trinitate)
716 2421 837 2484 daretur
851 2423 984 2501 manem,
1005 2423 1125 2486 dicens:
1151 2425 1235 2490 Unns
1250 2426 1317 2489 llo·-

84 2525 203 2596 minas,
225 2541 288 2586 ann
310 2522 403 2603 fides,
426 2540 523 2584 marn
544 2523 701 2603 loptientn.
744 2521 783 2582 Ut
803 2529 906 2585 autem·
923 2541 1015 2584 unum
1035 2524 1199 2604 baptisma,
1222 2527 1267 2589 sic
1287 2536 1318 2589 et

89 2641 152 2684 una
172 2621 257 2684 tides.
302 2621 361 2695 Qui
384 2623 463 2684 enim
485 2621 579 2684 credit
600 2621 630 2682 in
651 2621 780 2694 Patrem,
801 2622 885 2684 novit
906 2622 937 2684 io
959 2623 1045 2685 Patre
1066 2624 1172 2686 Filium
1195 2635 1225 2688 et
1245 2625 1315 2705 8ρί-

88 2723 181 2785 ritum
203 2741 262 2786 uon
285 2734 367 2786 entra
388 2722 511 2795 Filium,
545 2730 575 2784 ct
601 2722 669 2797 ideo
698 2722 793 2784 credit
819 2730 849 2784 et
877 2724 906 2784 in
928 2723 1034 2785 Filium
1063 2733 1092 2785 et
1119 2725 1150 2784 in
1172 2725 1315 2804 Spiritum

91 2833 242 2899 sanctum
266 2823 505 2904 quandoquidem
529 2840 586 2884 una
610 2831 657 2886 cst
672 2821 826 2886 Trinitatis
842 2822 989 2899 divinitas,
1012 2843 1086 2904 quae
1104 2843 1139 2887 ex
1154 2843 1214 2886 uno
1230 2826 1316 2890 Patra

92 2925 289 3003 cognoscitur.

180 3333 208 3396 i.
252 3329 333 3394 llaec
354 3338 401 3392 cst
422 3329 584 3394 catholicae
605 3329 673 3392 ddei
695 3331 802 3394 lorma.
846 3330 905 3404 Qut
932 3337 1028 3392 nutem
1059 3329 1265 3411 luiponem
1287 3331 1318 3392 in

100 3429 237 3510 Spiritum
259 3441 289 3494 nt
309 3430 411 3508 dicunt
432 3430 532 3511 ipsum
555 3449 624 3494 esse
645 3439 827 3506 creaturam,
849 3431 876 3492 si
899 3450 934 3494 er
956 3431 1010 3505 iis,
1041 3451 1120 3524 quaa
1137 3432 1217 3497 dina
1237 3439 1317 3503 sant,

99 3550 159 3594 non
178 3531 364 3611 resipiscunt,
387 3531 434 3596 rel
455 3551 492 3594 ex
512 3531 560 3608 iis,
583 3551 659 3612 quas
679 3533 803 3596 macodo
825 3540 911 3608 sunt,
933 3532 1048 3612 pudore
1069 3532 1241 3600 omnam.
1285 3531 1318 3592 Si

102 3631 224 3696 Trinitas
247 3640 293 3695 est
313 3641 344 3694 et
364 3633 396 3696 in
418 3632 563 3698 Trinitnte
583 3636 642 3696 sita
664 3643 711 3696 est
730 3635 816 3707 fides,
838 3634 936 3696 dimnt
955 3651 1027 3694 num
1048 3649 1167 3712 semper
1187 3632 1318 3694 Trinitas

104 3732 194 3804 luerit,
216 3733 261 3794 rel
282 3751 320 3796 an
342 3733 431 3798 luerit
451 3753 519 3798 nrm
539 3753 602 3798 non
623 3743 705 3798 esset
719 3735 861 3797 Trinitas.
903 3734 935 3796 Si
958 3733 1257 3814 itrqsenenpitsrna
1272 3741 1321 3793 est

105 3832 236 3908 Trinitas,
258 3851 319 3896 non
342 3853 413 3914 ergo
436 3844 534 3901 creato
554 3853 606 3898 res
628 3844 676 3898 est
695 3835 837 3916 Spiritus,
860 3835 909 3916 qni
931 3852 1052 3914 semper
1065 3833 1169 3930 Verac-
1184 3831 1320 3899 coexistit

20 4135 26 4145 ,
106 4079 187 4134 πάντα
203 4079 237 4133 τὰ
254 4075 320 4144 ἔθνη
345 4085 435 4136 desunt
451 4085 475 4136 in
494 4088 642 4139 Gobleriano
661 4097 684 4138 et
735 4087 777 4137 sed
802 4086 916 4138 articulus
940 4086 1007 4136 deest
1031 4087 1054 4136 in
1073 4085 1160 4147 liegio,
1178 4085 1277 4145 Sequar.
1296 4092 1319 4132 et

106 4152 233 4204 adstat.
734 4155 807 4204 lircil.
847 4154 939 4206 ibidem
961 4149 1319 4205 ministrationes

137 4221 158 4270 d.
175 4221 228 4280 llep.
245 4229 269 4269 et
287 4219 386 4282 Segner.
411 4212 450 4273 sis
473 4211 562 4286 ὄνομα
579 4215 685 4287 πατρὸς
735 4220 880 4271 Polemi.

108 4281 147 4334 καὶ
161 4279 215 4334 nini
233 4281 279 4334 καὶ
297 4281 378 4352 ἁγίου
395 4280 556 4354 πνεύματος.
769 4303 791 4366 q.
809 4289 850 4338 Sic
867 4289 924 4350 tlon.
942 4295 967 4336 et
984 4287 1055 4350 Sego.
1091 4287 1117 4336 ln
1135 4285 1206 4336 ediis
1225 4283 1319 4334 statiis

140 4368 158 4402 a.
174 4355 227 4419 lien.
246 4365 269 4404 et
286 4355 387 4417 Sequor.
404 4347 498 4403 ἔλειπε.
526 4347 680 4405 Editis'isne.
733 4367 779 4402 stne
796 4355 872 4405 deest.
908 4354 958 4404 tlon
977 4355 1033 4418 llep.
1056 4361 1080 4404 et
1098 4356 1197 4416 sepner.
1215 4343 1317 4410 ἐπειδή,

138 4421 198 4470 tlte
222 4423 279 4484 lien.
303 4423 404 4485 Sequar.
423 4430 447 4472 et
464 4421 590 4472 Basilicas.
608 4431 682 4474 reete.
735 4423 792 4473 editi
811 4431 834 4472 et
851 4421 893 4471 alii
911 4413 976 4470 inei.

111 4485 164 4537 Elin
179 4503 230 4538 nero
249 4480 341 4537 αὐτοῦ.
380 4488 455 4538 Panlo
473 4497 535 4566 port
552 4489 608 4538 editi
628 4504 682 4538 eoru
769 4491 792 4538 h.
812 4473 860 4536 nair
878 4489 946 4539 deest
964 4491 987 4538 in
998 4487 1070 4539 Basil.
1089 4497 1113 4538 et
1130 4501 1186 4539 mox
1203 4485 1319 4538 anictiua

113 4554 238 4616 quibudam
257 4570 316 4606 mss·
335 4556 425 4608 tabent
438 4567 485 4604 ron
494 4561 549 4606 ante
558 4550 679 4611 κτίστου,
733 4548 748 4602 ὁ
767 4557 790 4606 in
810 4557 865 4618 fleg.
