<?xml version="1.0" encoding="UTF-8"?>
<!DOCTYPE html PUBLIC "-//W3C//DTD XHTML 1.0 Transitional//EN"
    "http://www.w3.org/TR/xhtml1/DTD/xhtml1-transitional.dtd">
<html xmlns="http://www.w3.org/1999/xhtml" xml:lang="en" lang="en">
 <head>
  <title>
</title>
<meta http-equiv="Content-Type" content="text/html;charset=utf-8" />
  <meta name='ocr-system' content='tesseract 3.04.00' />
  <meta name='ocr-capabilities' content='ocr_page ocr_carea ocr_par ocr_line ocrx_word'/>
</head>
<body>
  <div class='ocr_page' id='page_1' title='image "./sanctiathanasii01athagoog_0101.png"; bbox 0 0 3072 5056; ppageno 0'>
   <div class='ocr_carea' id='block_1_1' title="bbox 227 347 1057 414">
    <p class='ocr_par' dir='ltr' id='par_1_1' title="bbox 227 347 1057 414">
     <span class='ocr_line' id='line_1_1' title="bbox 227 347 1057 414; baseline -0.006 -10"><span class='ocrx_word' id='word_1_1' title='bbox 227 347 270 414; x_wconf 75' lang='lat'><strong><em>52</em></strong></span> <span class='ocrx_word' id='word_1_2' title='bbox 629 357 1057 404; x_wconf 69' lang='grc' dir='ltr'><strong><em>ειταιειειιιεοειενιεοονι</em></strong></span> 
     </span>
    </p>
   </div>
   <div class='ocr_carea' id='block_1_2' title="bbox 139 499 1461 2496">
    <p class='ocr_par' dir='ltr' id='par_1_2' title="bbox 139 499 1456 999">
     <span class='ocr_line' id='line_1_2' title="bbox 139 499 1455 598; baseline -0.009 -20"><span class='ocrx_word' id='word_1_3' title='bbox 139 501 287 582; x_wconf 68' lang='grc' dir='ltr'><strong><em>Μνλοῦν</em></strong></span> <span class='ocrx_word' id='word_1_4' title='bbox 309 513 532 597; x_wconf 73' lang='grc' dir='ltr'><strong><em>προειρημένα</em></strong></span> <span class='ocrx_word' id='word_1_5' title='bbox 553 509 619 574; x_wconf 90' lang='grc' dir='ltr'><strong><em>τῶν</em></strong></span> <span class='ocrx_word' id='word_1_6' title='bbox 638 503 867 590; x_wconf 83' lang='grc' dir='ltr'><strong><em>χριστομάχων</em></strong></span> <span class='ocrx_word' id='word_1_7' title='bbox 887 502 1072 589; x_wconf 85' lang='grc' dir='ltr'><strong><em>χαμαίζηλα</em></strong></span> <span class='ocrx_word' id='word_1_8' title='bbox 1094 501 1238 588; x_wconf 78' lang='grc' dir='ltr'><strong><em>ῥημάτια</em></strong></span> <span class='ocrx_word' id='word_1_9' title='bbox 1248 499 1455 598; x_wconf 83' lang='grc' dir='ltr'><strong><em>προαπέδει-</em></strong></span> 
     </span>
     <span class='ocr_line' id='line_1_3' title="bbox 228 600 1454 697; baseline -0.011 -17"><span class='ocrx_word' id='word_1_10' title='bbox 228 613 281 693; x_wconf 89' lang='grc' dir='ltr'><strong><em>ξεν</em></strong></span> <span class='ocrx_word' id='word_1_11' title='bbox 309 606 327 678; x_wconf 87' lang='grc' dir='ltr'><strong><em>ό</em></strong></span> <span class='ocrx_word' id='word_1_12' title='bbox 350 609 446 697; x_wconf 92' lang='grc' dir='ltr'><strong><em>λόγος</em></strong></span> <span class='ocrx_word' id='word_1_13' title='bbox 466 611 520 676; x_wconf 84' lang='grc' dir='ltr'><strong><em>καί</em></strong></span> <span class='ocrx_word' id='word_1_14' title='bbox 542 607 618 676; x_wconf 89' lang='grc' dir='ltr'><strong><em>τότε</em></strong></span> <span class='ocrx_word' id='word_1_15' title='bbox 637 607 694 676; x_wconf 84' lang='grc' dir='ltr'><strong><em>καὶ</em></strong></span> <span class='ocrx_word' id='word_1_16' title='bbox 715 612 771 676; x_wconf 88' lang='grc' dir='ltr'><strong><em>νῦν</em></strong></span> <span class='ocrx_word' id='word_1_17' title='bbox 794 604 906 693; x_wconf 85' lang='grc' dir='ltr'><strong><em>π’άσης</em></strong></span> <span class='ocrx_word' id='word_1_18' title='bbox 927 601 1082 691; x_wconf 78' lang='grc' dir='ltr'><strong><em>ἀσεβείας</em></strong></span> <span class='ocrx_word' id='word_1_19' title='bbox 1104 601 1184 672; x_wconf 80' lang='grc' dir='ltr'><strong><em>ὄντα</em></strong></span> <span class='ocrx_word' id='word_1_20' title='bbox 1204 601 1325 688; x_wconf 88' lang='grc' dir='ltr'><strong><em>μεστά·</em></strong></span> <span class='ocrx_word' id='word_1_21' title='bbox 1353 600 1400 668; x_wconf 86' lang='grc' dir='ltr'><strong><em>τά</em></strong></span> <span class='ocrx_word' id='word_1_22' title='bbox 1421 602 1454 668; x_wconf 82' lang='grc' dir='ltr'><strong><em>δὲ</em></strong></span> 
     </span>
     <span class='ocr_line' id='line_1_4' title="bbox 229 699 1453 799; baseline -0.011 -17"><span class='ocrx_word' id='word_1_23' title='bbox 229 711 325 798; x_wconf 81' lang='grc' dir='ltr'><strong><em>παρά</em></strong></span> <span class='ocrx_word' id='word_1_24' title='bbox 356 714 415 799; x_wconf 84' lang='grc' dir='ltr'><strong><em>τῆς</em></strong></span> <span class='ocrx_word' id='word_1_25' title='bbox 436 709 576 779; x_wconf 82' lang='grc' dir='ltr'><strong><em>συνόδου</em></strong></span> <span class='ocrx_word' id='word_1_26' title='bbox 597 715 764 798; x_wconf 75' lang='grc' dir='ltr'><strong><em>γραφέντα</em></strong></span> <span class='ocrx_word' id='word_1_27' title='bbox 785 710 839 776; x_wconf 83' lang='grc' dir='ltr'><strong><em>καί</em></strong></span> <span class='ocrx_word' id='word_1_28' title='bbox 863 704 1044 793; x_wconf 77' lang='grc' dir='ltr'><strong><em>ὁρισθέντα</em></strong></span> <span class='ocrx_word' id='word_1_29' title='bbox 1065 699 1132 773; x_wconf 85' lang='grc' dir='ltr'><strong><em>κατ’</em></strong></span> <span class='ocrx_word' id='word_1_30' title='bbox 1157 699 1266 772; x_wconf 87' lang='grc' dir='ltr'><strong><em>αύτῶν</em></strong></span> <span class='ocrx_word' id='word_1_31' title='bbox 1286 701 1343 770; x_wconf 84' lang='grc' dir='ltr'><strong><em>ε’άν</em></strong></span> <span class='ocrx_word' id='word_1_32' title='bbox 1367 702 1453 787; x_wconf 79' lang='grc' dir='ltr'><strong><em>ἐρευ-</em></strong></span> 
     </span>
     <span class='ocr_line' id='line_1_5' title="bbox 227 800 1454 900; baseline -0.007 -21"><span class='ocrx_word' id='word_1_33' title='bbox 227 811 309 900; x_wconf 85' lang='grc' dir='ltr'><strong><em>νήση</em></strong></span> <span class='ocrx_word' id='word_1_34' title='bbox 337 837 390 891; x_wconf 87' lang='grc' dir='ltr'><strong><em>τις</em></strong></span> <span class='ocrx_word' id='word_1_35' title='bbox 419 807 576 899; x_wconf 86' lang='grc' dir='ltr'><strong><em>άκριβῶς,</em></strong></span> <span class='ocrx_word' id='word_1_36' title='bbox 606 807 736 898; x_wconf 78' lang='grc' dir='ltr'><strong><em>εὑρήσει</em></strong></span> <span class='ocrx_word' id='word_1_37' title='bbox 763 808 899 888; x_wconf 87' lang='grc' dir='ltr'><strong><em>πάντας</em></strong></span> <span class='ocrx_word' id='word_1_38' title='bbox 927 807 961 876; x_wconf 82' lang='grc' dir='ltr'><strong><em>ἐν</em></strong></span> <span class='ocrx_word' id='word_1_39' title='bbox 990 803 1105 886; x_wconf 88' lang='grc' dir='ltr'><strong><em>αύτοῒς</em></strong></span> <span class='ocrx_word' id='word_1_40' title='bbox 1132 806 1190 873; x_wconf 88' lang='grc' dir='ltr'><strong><em>τὸν</em></strong></span> <span class='ocrx_word' id='word_1_41' title='bbox 1210 809 1269 894; x_wconf 82' lang='grc' dir='ltr'><strong><em>τῆς</em></strong></span> <span class='ocrx_word' id='word_1_42' title='bbox 1290 800 1454 892; x_wconf 75' lang='grc' dir='ltr'><strong><em>ἀληθείας</em></strong></span> 
     </span>
     <span class='ocr_line' id='line_1_6' title="bbox 227 904 1456 999; baseline -0.007 -19"><span class='ocrx_word' id='word_1_43' title='bbox 227 915 305 980; x_wconf 82' lang='grc' dir='ltr'><strong><em>νοῦν</em></strong></span> <span class='ocrx_word' id='word_1_44' title='bbox 332 911 581 999; x_wconf 83' lang='grc' dir='ltr'><strong><em>περιεχόμενον,</em></strong></span> <span class='ocrx_word' id='word_1_45' title='bbox 611 907 656 980; x_wconf 76' lang='grc' dir='ltr'><strong><em>δι’</em></strong></span> <span class='ocrx_word' id='word_1_46' title='bbox 680 911 827 996; x_wconf 87' lang='grc' dir='ltr'><strong><em>μάλιστα</em></strong></span> <span class='ocrx_word' id='word_1_47' title='bbox 853 914 908 977; x_wconf 85' lang='grc' dir='ltr'><strong><em>καί</em></strong></span> <span class='ocrx_word' id='word_1_48' title='bbox 929 909 989 996; x_wconf 87' lang='grc' dir='ltr'><strong><em>τήν</em></strong></span> <span class='ocrx_word' id='word_1_49' title='bbox 1010 907 1184 998; x_wconf 88' lang='grc' dir='ltr'><strong><em>πρόφασιν</em></strong></span> <span class='ocrx_word' id='word_1_50' title='bbox 1206 904 1456 973; x_wconf 84' lang='grc' dir='ltr'><strong><em>τῶντοιούτων</em></strong></span> 
     </span>
    </p>

    <p class='ocr_par' dir='ltr' id='par_1_3' title="bbox 158 1004 1461 2496">
     <span class='ocr_line' id='line_1_7' title="bbox 197 1004 1456 1101; baseline -0.007 -20"><span class='ocrx_word' id='word_1_51' title='bbox 197 1014 346 1094; x_wconf 85' lang='grc' dir='ltr'><strong><em>·λέξειυν</em></strong></span> <span class='ocrx_word' id='word_1_52' title='bbox 375 1013 511 1098; x_wconf 74' lang='grc' dir='ltr'><strong><em>’ἔχουσαν</em></strong></span> <span class='ocrx_word' id='word_1_53' title='bbox 539 1013 579 1082; x_wconf 87' lang='grc' dir='ltr'><strong><em>τὸ</em></strong></span> <span class='ocrx_word' id='word_1_54' title='bbox 606 1011 756 1101; x_wconf 86' lang='grc' dir='ltr'><strong><em>εύλογον,</em></strong></span> <span class='ocrx_word' id='word_1_55' title='bbox 787 1013 990 1099; x_wconf 76' lang='grc' dir='ltr'><strong><em>φιλομαθοῦς</em></strong></span> <span class='ocrx_word' id='word_1_56' title='bbox 1012 1009 1189 1096; x_wconf 79' lang='grc' dir='ltr'><strong><em>ἐρωτήσας,</em></strong></span> <span class='ocrx_word' id='word_1_57' title='bbox 1213 1004 1352 1095; x_wconf 82' lang='grc' dir='ltr'><strong><em>ἀκούσῃ·</em></strong></span> <span class='ocrx_word' id='word_1_58' title='bbox 1386 1007 1456 1074; x_wconf 80' lang='grc' dir='ltr'><strong><em>ἔστι</em></strong></span> 
     </span>
     <span class='ocr_line' id='line_1_8' title="bbox 158 1141 401 1186; baseline -0.021 0"><span class='ocrx_word' id='word_1_59' title='bbox 158 1181 161 1186; x_wconf 87' lang='grc'><strong><em>,</em></strong></span> <span class='ocrx_word' id='word_1_60' title='bbox 248 1141 269 1182; x_wconf 95' lang='grc' dir='ltr'><strong><em>α</em></strong></span> <span class='ocrx_word' id='word_1_61' title='bbox 311 1141 351 1182; x_wconf 93' lang='grc' dir='ltr'><strong><em>αυ</em></strong></span> <span class='ocrx_word' id='word_1_62' title='bbox 394 1167 401 1181; x_wconf 93' lang='grc'><strong>.</strong></span> 
     </span>
     <span class='ocr_line' id='line_1_9' title="bbox 226 1139 1457 1289; baseline -0.007 -22"><span class='ocrx_word' id='word_1_63' title='bbox 226 1139 247 1202; x_wconf 65' lang='lat' dir='ltr'><em>y</em></span> <span class='ocrx_word' id='word_1_64' title='bbox 269 1140 288 1201; x_wconf 73' lang='lat' dir='ltr'><em>Q</em></span> <span class='ocrx_word' id='word_1_65' title='bbox 315 1141 392 1268; x_wconf 67' lang='lat' dir='ltr'><strong><em>19.m</em></strong></span> <span class='ocrx_word' id='word_1_66' title='bbox 407 1203 495 1289; x_wconf 71' lang='grc' dir='ltr'><strong><em>·Ίῆς</em></strong></span> <span class='ocrx_word' id='word_1_67' title='bbox 517 1197 657 1268; x_wconf 81' lang='grc' dir='ltr'><strong><em>συνόδου</em></strong></span> <span class='ocrx_word' id='word_1_68' title='bbox 678 1200 880 1285; x_wconf 71' lang='grc' dir='ltr'><strong><em>βουλομένης</em></strong></span> <span class='ocrx_word' id='word_1_69' title='bbox 901 1195 961 1275; x_wconf 87' lang='grc' dir='ltr'><strong><em>τὰς</em></strong></span> <span class='ocrx_word' id='word_1_70' title='bbox 970 1197 1031 1281; x_wconf 81' lang='grc' dir='ltr'><strong><em>μὲν</em></strong></span> <span class='ocrx_word' id='word_1_71' title='bbox 1041 1199 1108 1263; x_wconf 88' lang='grc' dir='ltr'><strong><em>τῶν</em></strong></span> <span class='ocrx_word' id='word_1_72' title='bbox 1116 1188 1297 1282; x_wconf 84' lang='grc' dir='ltr'><strong><em>Ἀρειανῶν</em></strong></span> <span class='ocrx_word' id='word_1_73' title='bbox 1307 1194 1367 1278; x_wconf 79' lang='grc' dir='ltr'><strong><em>τῆς</em></strong></span> <span class='ocrx_word' id='word_1_74' title='bbox 1380 1185 1457 1258; x_wconf 86' lang='grc' dir='ltr'><strong><em>άοε-</em></strong></span> 
     </span>
     <span class='ocr_line' id='line_1_10' title="bbox 226 1292 1457 1386; baseline -0.006 -19"><span class='ocrx_word' id='word_1_75' title='bbox 226 1305 320 1386; x_wconf 86' lang='grc' dir='ltr'><strong><em>βείας</em></strong></span> <span class='ocrx_word' id='word_1_76' title='bbox 347 1303 451 1381; x_wconf 82' lang='grc' dir='ltr'><strong><em>λέξεις</em></strong></span> <span class='ocrx_word' id='word_1_77' title='bbox 480 1297 624 1381; x_wconf 79' lang='grc' dir='ltr'><strong><em>ἀνελεῖν,</em></strong></span> <span class='ocrx_word' id='word_1_78' title='bbox 652 1299 712 1378; x_wconf 85' lang='grc' dir='ltr'><strong><em>τάς</em></strong></span> <span class='ocrx_word' id='word_1_79' title='bbox 740 1301 776 1367; x_wconf 80' lang='grc' dir='ltr'><strong><em>δὲ</em></strong></span> <span class='ocrx_word' id='word_1_80' title='bbox 805 1303 871 1365; x_wconf 87' lang='grc' dir='ltr'><strong><em>τῶν</em></strong></span> <span class='ocrx_word' id='word_1_81' title='bbox 894 1302 1031 1386; x_wconf 86' lang='grc' dir='ltr'><strong><em>γραφῶν</em></strong></span> <span class='ocrx_word' id='word_1_82' title='bbox 1054 1293 1318 1382; x_wconf 81' lang='grc' dir='ltr'><strong><em>ὁμολογουμένας</em></strong></span> <span class='ocrx_word' id='word_1_83' title='bbox 1340 1292 1457 1380; x_wconf 85' lang='grc' dir='ltr'><strong><em>φωνὰς</em></strong></span> 
     </span>
     <span class='ocr_line' id='line_1_11' title="bbox 225 1393 1456 1490; baseline -0.007 -21"><span class='ocrx_word' id='word_1_84' title='bbox 225 1401 371 1490; x_wconf 78' lang='grc' dir='ltr'><strong><em>γράψαι,</em></strong></span> <span class='ocrx_word' id='word_1_85' title='bbox 401 1397 455 1469; x_wconf 80' lang='grc' dir='ltr'><strong><em>ὅτι</em></strong></span> <span class='ocrx_word' id='word_1_86' title='bbox 482 1427 519 1470; x_wconf 85' lang='grc' dir='ltr'><strong><em>τε</em></strong></span> <span class='ocrx_word' id='word_1_87' title='bbox 546 1401 619 1481; x_wconf 81' lang='grc' dir='ltr'><strong><em>υἱός</em></strong></span> <span class='ocrx_word' id='word_1_88' title='bbox 641 1399 731 1468; x_wconf 77' lang='grc' dir='ltr'><strong><em>ἐστιν</em></strong></span> <span class='ocrx_word' id='word_1_89' title='bbox 760 1396 818 1466; x_wconf 88' lang='grc' dir='ltr'><strong><em>υύκ</em></strong></span> <span class='ocrx_word' id='word_1_90' title='bbox 840 1397 876 1480; x_wconf 77' lang='grc' dir='ltr'><strong><em>ἐξ</em></strong></span> <span class='ocrx_word' id='word_1_91' title='bbox 897 1395 955 1466; x_wconf 87' lang='grc' dir='ltr'><strong><em>ούκ</em></strong></span> <span class='ocrx_word' id='word_1_92' title='bbox 977 1397 1096 1479; x_wconf 85' lang='grc' dir='ltr'><strong><em>όντων,</em></strong></span> <span class='ocrx_word' id='word_1_93' title='bbox 1128 1393 1197 1465; x_wconf 78' lang='grc' dir='ltr'><strong><em>ἀλλ’</em></strong></span> <span class='ocrx_word' id='word_1_94' title='bbox 1222 1397 1256 1464; x_wconf 76' lang='grc' dir='ltr'><strong><em>ἐκ</em></strong></span> <span class='ocrx_word' id='word_1_95' title='bbox 1277 1398 1336 1462; x_wconf 86' lang='grc' dir='ltr'><strong><em>τοῦ</em></strong></span> <span class='ocrx_word' id='word_1_96' title='bbox 1358 1399 1456 1474; x_wconf 77' lang='grc' dir='ltr'><strong><em>θεοῦ,</em></strong></span> 
     </span>
     <span class='ocr_line' id='line_1_12' title="bbox 226 1494 1457 1589; baseline -0.006 -19"><span class='ocrx_word' id='word_1_97' title='bbox 226 1505 281 1570; x_wconf 82' lang='grc' dir='ltr'><strong><em>καί</em></strong></span> <span class='ocrx_word' id='word_1_98' title='bbox 303 1501 400 1588; x_wconf 88' lang='grc' dir='ltr'><strong><em>λόγος</em></strong></span> <span class='ocrx_word' id='word_1_99' title='bbox 422 1502 492 1570; x_wconf 77' lang='grc' dir='ltr'><strong><em>ἐστὶ</em></strong></span> <span class='ocrx_word' id='word_1_100' title='bbox 514 1505 568 1569; x_wconf 82' lang='grc' dir='ltr'><strong><em>καί</em></strong></span> <span class='ocrx_word' id='word_1_101' title='bbox 591 1509 712 1589; x_wconf 88' lang='grc' dir='ltr'><strong><em>σοφία,</em></strong></span> <span class='ocrx_word' id='word_1_102' title='bbox 737 1495 806 1568; x_wconf 74' lang='grc' dir='ltr'><strong><em>ἀλλ’</em></strong></span> <span class='ocrx_word' id='word_1_103' title='bbox 830 1496 869 1569; x_wconf 85' lang='grc' dir='ltr'><strong><em>ού</em></strong></span> <span class='ocrx_word' id='word_1_104' title='bbox 891 1508 1012 1585; x_wconf 84' lang='grc' dir='ltr'><strong><em>κτίσμα</em></strong></span> <span class='ocrx_word' id='word_1_105' title='bbox 1034 1494 1111 1567; x_wconf 79' lang='grc' dir='ltr'><strong><em>οὐδὲ</em></strong></span> <span class='ocrx_word' id='word_1_106' title='bbox 1133 1505 1278 1586; x_wconf 87' lang='grc' dir='ltr'><strong><em>ποίημα,</em></strong></span> <span class='ocrx_word' id='word_1_107' title='bbox 1307 1497 1400 1564; x_wconf 81' lang='grc' dir='ltr'><strong><em>ἰ’διον</em></strong></span> <span class='ocrx_word' id='word_1_108' title='bbox 1423 1497 1457 1563; x_wconf 82' lang='grc' dir='ltr'><strong><em>δὲ</em></strong></span> 
     </span>
     <span class='ocr_line' id='line_1_13' title="bbox 228 1596 1458 1690; baseline -0.007 -20"><span class='ocrx_word' id='word_1_109' title='bbox 228 1602 264 1670; x_wconf 74' lang='grc' dir='ltr'><strong><em>ἐκ</em></strong></span> <span class='ocrx_word' id='word_1_110' title='bbox 291 1606 351 1670; x_wconf 88' lang='grc' dir='ltr'><strong><em>τοῦ</em></strong></span> <span class='ocrx_word' id='word_1_111' title='bbox 377 1603 506 1690; x_wconf 84' lang='grc' dir='ltr'><strong><em>πατρὸς</em></strong></span> <span class='ocrx_word' id='word_1_112' title='bbox 532 1608 689 1690; x_wconf 81' lang='grc' dir='ltr'><strong><em>γέννημα·</em></strong></span> <span class='ocrx_word' id='word_1_113' title='bbox 720 1603 753 1670; x_wconf 84' lang='grc' dir='ltr'><strong><em>οί</em></strong></span> <span class='ocrx_word' id='word_1_114' title='bbox 782 1605 859 1690; x_wconf 78' lang='grc' dir='ltr'><strong><em>περὶ</em></strong></span> <span class='ocrx_word' id='word_1_115' title='bbox 882 1597 1043 1688; x_wconf 84' lang='grc' dir='ltr'><strong><em>Εύσέβιον</em></strong></span> <span class='ocrx_word' id='word_1_116' title='bbox 1065 1596 1133 1666; x_wconf 88' lang='grc' dir='ltr'><strong><em>ύπὸ</em></strong></span> <span class='ocrx_word' id='word_1_117' title='bbox 1155 1601 1214 1684; x_wconf 85' lang='grc' dir='ltr'><strong><em>τῆς</em></strong></span> <span class='ocrx_word' id='word_1_118' title='bbox 1234 1600 1458 1682; x_wconf 79' lang='grc' dir='ltr'><strong><em>πολυχρονίου</em></strong></span> 
     </span>
     <span class='ocr_line' id='line_1_14' title="bbox 227 1692 1458 1791; baseline -0.006 -19"><span class='ocrx_word' id='word_1_119' title='bbox 227 1706 422 1784; x_wconf 79' lang='grc' dir='ltr'><strong><em>κακοδοξίας</em></strong></span> <span class='ocrx_word' id='word_1_120' title='bbox 445 1705 570 1773; x_wconf 78' lang='grc' dir='ltr'><strong><em>ἑαυτῶν</em></strong></span> <span class='ocrx_word' id='word_1_121' title='bbox 592 1704 763 1790; x_wconf 81' lang='grc' dir='ltr'><strong><em>ἑλκόμενοι</em></strong></span> <span class='ocrx_word' id='word_1_122' title='bbox 785 1702 961 1791; x_wconf 80' lang='grc' dir='ltr'><strong><em>ἐβούλοντο</em></strong></span> <span class='ocrx_word' id='word_1_123' title='bbox 983 1701 1022 1769; x_wconf 89' lang='grc' dir='ltr'><strong><em>τὸ</em></strong></span> <span class='ocrx_word' id='word_1_124' title='bbox 1045 1702 1079 1768; x_wconf 84' lang='grc' dir='ltr'><strong><em>έκ</em></strong></span> <span class='ocrx_word' id='word_1_125' title='bbox 1101 1703 1160 1768; x_wconf 90' lang='grc' dir='ltr'><strong><em>τοῦ</em></strong></span> <span class='ocrx_word' id='word_1_126' title='bbox 1182 1703 1266 1768; x_wconf 83' lang='grc' dir='ltr'><strong><em>θεοῦ</em></strong></span> <span class='ocrx_word' id='word_1_127' title='bbox 1281 1696 1396 1766; x_wconf 87' lang='grc' dir='ltr'><strong><em>κοινὸν</em></strong></span> <span class='ocrx_word' id='word_1_128' title='bbox 1412 1692 1458 1765; x_wconf 80' lang='grc' dir='ltr'><strong><em>ελ-</em></strong></span> 
     </span>
     <span class='ocr_line' id='line_1_15' title="bbox 227 1799 1459 1892; baseline -0.01 -15"><span class='ocrx_word' id='word_1_129' title='bbox 227 1831 284 1877; x_wconf 82' lang='grc' dir='ltr'><strong><em>ναι</em></strong></span> <span class='ocrx_word' id='word_1_130' title='bbox 305 1804 391 1892; x_wconf 85' lang='grc' dir='ltr'><strong><em>πρὸς</em></strong></span> <span class='ocrx_word' id='word_1_131' title='bbox 412 1802 498 1891; x_wconf 79' lang='grc' dir='ltr'><strong><em>ἡμᾶς</em></strong></span> <span class='ocrx_word' id='word_1_132' title='bbox 520 1809 574 1873; x_wconf 84' lang='grc' dir='ltr'><strong><em>καί</em></strong></span> <span class='ocrx_word' id='word_1_133' title='bbox 596 1803 653 1872; x_wconf 90' lang='grc' dir='ltr'><strong><em>τὸν</em></strong></span> <span class='ocrx_word' id='word_1_134' title='bbox 675 1808 734 1872; x_wconf 91' lang='grc' dir='ltr'><strong><em>τοῦ</em></strong></span> <span class='ocrx_word' id='word_1_135' title='bbox 756 1807 840 1872; x_wconf 89' lang='grc' dir='ltr'><strong><em>θεοῦ</em></strong></span> <span class='ocrx_word' id='word_1_136' title='bbox 869 1803 982 1889; x_wconf 87' lang='grc' dir='ltr'><strong><em>λόγον,</em></strong></span> <span class='ocrx_word' id='word_1_137' title='bbox 1014 1803 1116 1890; x_wconf 86' lang='grc' dir='ltr'><strong><em>μηδέν</em></strong></span> <span class='ocrx_word' id='word_1_138' title='bbox 1138 1828 1174 1871; x_wconf 90' lang='grc' dir='ltr'><strong><em>τε</em></strong></span> <span class='ocrx_word' id='word_1_139' title='bbox 1196 1801 1230 1868; x_wconf 73' lang='grc' dir='ltr'><strong><em>ἓν</em></strong></span> <span class='ocrx_word' id='word_1_140' title='bbox 1252 1799 1358 1886; x_wconf 88' lang='grc' dir='ltr'><strong><em>τούτῳ</em></strong></span> <span class='ocrx_word' id='word_1_141' title='bbox 1383 1801 1459 1866; x_wconf 90' lang='grc' dir='ltr'><strong><em>δια-</em></strong></span> 
     </span>
     <span class='ocr_line' id='line_1_16' title="bbox 228 1892 1458 1994; baseline -0.006 -22"><span class='ocrx_word' id='word_1_142' title='bbox 228 1912 341 1993; x_wconf 82' lang='grc' dir='ltr'><strong><em>φέρειν</em></strong></span> <span class='ocrx_word' id='word_1_143' title='bbox 362 1903 455 1992; x_wconf 88' lang='grc' dir='ltr'><strong><em>ήμῶν</em></strong></span> <span class='ocrx_word' id='word_1_144' title='bbox 478 1905 587 1986; x_wconf 90' lang='grc' dir='ltr'><strong><em>αύτόν,</em></strong></span> <span class='ocrx_word' id='word_1_145' title='bbox 611 1904 727 1973; x_wconf 85' lang='grc' dir='ltr'><strong><em>διὰτὸ</em></strong></span> <span class='ocrx_word' id='word_1_146' title='bbox 749 1903 956 1994; x_wconf 84' lang='grc' dir='ltr'><strong><em>γεγράφθαι·</em></strong></span> <span class='ocrx_word' id='word_1_147' title='bbox 980 1900 1027 1983; x_wconf 78' lang='grc' dir='ltr'><strong><em>εἷς</em></strong></span> <span class='ocrx_word' id='word_1_148' title='bbox 1048 1903 1130 1982; x_wconf 82' lang='grc' dir='ltr'><strong><em>θεὸς</em></strong></span> <span class='ocrx_word' id='word_1_149' title='bbox 1153 1903 1189 1983; x_wconf 87' lang='grc' dir='ltr'><strong><em>έξ</em></strong></span> <span class='ocrx_word' id='word_1_150' title='bbox 1203 1892 1241 1969; x_wconf 84' lang='grc' dir='ltr'><strong><em>οῦ</em></strong></span> <span class='ocrx_word' id='word_1_151' title='bbox 1251 1900 1293 1968; x_wconf 87' lang='grc' dir='ltr'><strong><em>τά</em></strong></span> <span class='ocrx_word' id='word_1_152' title='bbox 1303 1899 1419 1968; x_wconf 85' lang='grc' dir='ltr'><strong><em>πάντα</em></strong></span> <span class='ocrx_word' id='word_1_153' title='bbox 1428 1907 1458 1981; x_wconf 77' lang='lat'><strong><em>¹).</em></strong></span> 
     </span>
     <span class='ocr_line' id='line_1_17' title="bbox 226 2001 1458 2094; baseline -0.004 -22"><span class='ocrx_word' id='word_1_154' title='bbox 226 2008 282 2074; x_wconf 81' lang='grc' dir='ltr'><strong><em>καί</em></strong></span> <span class='ocrx_word' id='word_1_155' title='bbox 303 2007 422 2075; x_wconf 87' lang='grc' dir='ltr'><strong><em>πάλιν·</em></strong></span> <span class='ocrx_word' id='word_1_156' title='bbox 445 2008 487 2074; x_wconf 89' lang='grc' dir='ltr'><strong><em>τὰ</em></strong></span> <span class='ocrx_word' id='word_1_157' title='bbox 509 2002 629 2092; x_wconf 86' lang='grc' dir='ltr'><strong><em>άρχαῖα</em></strong></span> <span class='ocrx_word' id='word_1_158' title='bbox 651 2009 835 2094; x_wconf 81' lang='grc' dir='ltr'><strong><em>παρῆλθεν,</em></strong></span> <span class='ocrx_word' id='word_1_159' title='bbox 861 2005 933 2072; x_wconf 89' lang='grc' dir='ltr'><strong><em>ίδοὺ</em></strong></span> <span class='ocrx_word' id='word_1_160' title='bbox 955 2011 1066 2091; x_wconf 83' lang='grc' dir='ltr'><strong><em>γέγονε</em></strong></span> <span class='ocrx_word' id='word_1_161' title='bbox 1087 2005 1128 2071; x_wconf 88' lang='grc' dir='ltr'><strong><em>τὰ</em></strong></span> <span class='ocrx_word' id='word_1_162' title='bbox 1151 2003 1262 2071; x_wconf 89' lang='grc' dir='ltr'><strong><em>πάντα</em></strong></span> <span class='ocrx_word' id='word_1_163' title='bbox 1275 2001 1391 2070; x_wconf 88' lang='grc' dir='ltr'><strong><em>καινά·</em></strong></span> <span class='ocrx_word' id='word_1_164' title='bbox 1416 2001 1458 2068; x_wconf 82' lang='grc' dir='ltr'><strong><em>τά</em></strong></span> 
     </span>
     <span class='ocr_line' id='line_1_18' title="bbox 228 2103 1459 2193; baseline -0.003 -19"><span class='ocrx_word' id='word_1_165' title='bbox 228 2107 265 2174; x_wconf 80' lang='grc' dir='ltr'><strong><em>δὲ</em></strong></span> <span class='ocrx_word' id='word_1_166' title='bbox 294 2105 405 2174; x_wconf 86' lang='grc' dir='ltr'><strong><em>πάντα</em></strong></span> <span class='ocrx_word' id='word_1_167' title='bbox 433 2107 467 2175; x_wconf 76' lang='grc' dir='ltr'><strong><em>ἐκ</em></strong></span> <span class='ocrx_word' id='word_1_168' title='bbox 494 2111 553 2174; x_wconf 92' lang='grc' dir='ltr'><strong><em>τοῦ</em></strong></span> <span class='ocrx_word' id='word_1_169' title='bbox 575 2111 659 2176; x_wconf 89' lang='grc' dir='ltr'><strong><em>θεοῦ</em></strong></span> <span class='ocrx_word' id='word_1_170' title='bbox 667 2111 699 2189; x_wconf 81' lang='lat'><strong><em>²).</em></strong></span> <span class='ocrx_word' id='word_1_171' title='bbox 745 2103 815 2175; x_wconf 78' lang='grc' dir='ltr'><strong><em>ἀλλ’</em></strong></span> <span class='ocrx_word' id='word_1_172' title='bbox 840 2107 873 2173; x_wconf 84' lang='grc' dir='ltr'><strong><em>ολ</em></strong></span> <span class='ocrx_word' id='word_1_173' title='bbox 902 2113 1043 2193; x_wconf 84' lang='grc' dir='ltr'><strong><em>πατέρες</em></strong></span> <span class='ocrx_word' id='word_1_174' title='bbox 1069 2104 1300 2193; x_wconf 83' lang='grc' dir='ltr'><strong><em>θεωρήσαντες</em></strong></span> <span class='ocrx_word' id='word_1_175' title='bbox 1323 2103 1459 2172; x_wconf 74' lang='grc' dir='ltr'><strong><em>ἐκείνων</em></strong></span> 
     </span>
     <span class='ocr_line' id='line_1_19' title="bbox 226 2202 1459 2297; baseline -0.002 -24"><span class='ocrx_word' id='word_1_176' title='bbox 226 2206 285 2292; x_wconf 85' lang='grc' dir='ltr'><strong><em>τήν</em></strong></span> <span class='ocrx_word' id='word_1_177' title='bbox 307 2206 510 2294; x_wconf 82' lang='grc' dir='ltr'><strong><em>πανουργίαν</em></strong></span> <span class='ocrx_word' id='word_1_178' title='bbox 532 2212 585 2276; x_wconf 88' lang='grc' dir='ltr'><strong><em>καί</em></strong></span> <span class='ocrx_word' id='word_1_179' title='bbox 608 2209 666 2295; x_wconf 84' lang='grc' dir='ltr'><strong><em>τήν</em></strong></span> <span class='ocrx_word' id='word_1_180' title='bbox 688 2213 746 2297; x_wconf 84' lang='grc' dir='ltr'><strong><em>τῆς</em></strong></span> <span class='ocrx_word' id='word_1_181' title='bbox 768 2203 922 2294; x_wconf 85' lang='grc' dir='ltr'><strong><em>ἆσεβείας</em></strong></span> <span class='ocrx_word' id='word_1_182' title='bbox 943 2214 1168 2290; x_wconf 88' lang='grc' dir='ltr'><strong><em>κακοτεχνίαν,</em></strong></span> <span class='ocrx_word' id='word_1_183' title='bbox 1197 2202 1459 2294; x_wconf 82' lang='grc' dir='ltr'><strong><em>ἠναγκάσθησαν</em></strong></span> 
     </span>
     <span class='ocr_line' id='line_1_20' title="bbox 227 2301 1461 2398; baseline -0.002 -24"><span class='ocrx_word' id='word_1_184' title='bbox 227 2307 349 2376; x_wconf 87' lang='grc' dir='ltr'><strong><em>λοιπόν</em></strong></span> <span class='ocrx_word' id='word_1_185' title='bbox 371 2308 560 2398; x_wconf 87' lang='grc' dir='ltr'><strong><em>λευκότερον</em></strong></span> <span class='ocrx_word' id='word_1_186' title='bbox 583 2311 689 2376; x_wconf 83' lang='grc' dir='ltr'><strong><em>εἰπεῖν</em></strong></span> <span class='ocrx_word' id='word_1_187' title='bbox 711 2309 750 2375; x_wconf 87' lang='grc' dir='ltr'><strong><em>τὸ</em></strong></span> <span class='ocrx_word' id='word_1_188' title='bbox 773 2309 808 2376; x_wconf 84' lang='grc' dir='ltr'><strong><em>ἐκ</em></strong></span> <span class='ocrx_word' id='word_1_189' title='bbox 828 2313 887 2376; x_wconf 91' lang='grc' dir='ltr'><strong><em>τοῦ</em></strong></span> <span class='ocrx_word' id='word_1_190' title='bbox 909 2312 993 2376; x_wconf 85' lang='grc' dir='ltr'><strong><em>θεοῦ</em></strong></span> <span class='ocrx_word' id='word_1_191' title='bbox 1015 2311 1070 2375; x_wconf 85' lang='grc' dir='ltr'><strong><em>καί</em></strong></span> <span class='ocrx_word' id='word_1_192' title='bbox 1085 2301 1461 2395; x_wconf 82' lang='grc' dir='ltr'><strong><em>γράψαιέκτήςούσίας</em></strong></span> 
     </span>
     <span class='ocr_line' id='line_1_21' title="bbox 226 2404 1458 2496; baseline -0.002 -22"><span class='ocrx_word' id='word_1_193' title='bbox 226 2412 285 2475; x_wconf 91' lang='grc' dir='ltr'><strong><em>τοῦ</em></strong></span> <span class='ocrx_word' id='word_1_194' title='bbox 308 2413 392 2477; x_wconf 84' lang='grc' dir='ltr'><strong><em>θεοῦ</em></strong></span> <span class='ocrx_word' id='word_1_195' title='bbox 416 2405 501 2478; x_wconf 79' lang='grc' dir='ltr'><strong><em>εἶναι</em></strong></span> <span class='ocrx_word' id='word_1_196' title='bbox 521 2412 580 2477; x_wconf 89' lang='grc' dir='ltr'><strong><em>τόν</em></strong></span> <span class='ocrx_word' id='word_1_197' title='bbox 602 2409 683 2492; x_wconf 81' lang='grc' dir='ltr'><strong><em>υἱόν,</em></strong></span> <span class='ocrx_word' id='word_1_198' title='bbox 706 2407 791 2496; x_wconf 77' lang='grc' dir='ltr'><strong><em>ῦπδρ</em></strong></span> <span class='ocrx_word' id='word_1_199' title='bbox 814 2414 873 2476; x_wconf 90' lang='grc' dir='ltr'><strong><em>τοῦ</em></strong></span> <span class='ocrx_word' id='word_1_200' title='bbox 894 2410 939 2496; x_wconf 86' lang='grc' dir='ltr'><strong><em>μή</em></strong></span> <span class='ocrx_word' id='word_1_201' title='bbox 962 2409 1001 2476; x_wconf 89' lang='grc' dir='ltr'><strong><em>τό</em></strong></span> <span class='ocrx_word' id='word_1_202' title='bbox 1024 2409 1059 2478; x_wconf 82' lang='grc' dir='ltr'><strong><em>ίκ</em></strong></span> <span class='ocrx_word' id='word_1_203' title='bbox 1079 2412 1138 2475; x_wconf 91' lang='grc' dir='ltr'><strong><em>τοῦ</em></strong></span> <span class='ocrx_word' id='word_1_204' title='bbox 1160 2411 1244 2476; x_wconf 89' lang='grc' dir='ltr'><strong><em>θεοῦ</em></strong></span> <span class='ocrx_word' id='word_1_205' title='bbox 1267 2404 1379 2473; x_wconf 87' lang='grc' dir='ltr'><strong><em>κοινὸν</em></strong></span> <span class='ocrx_word' id='word_1_206' title='bbox 1404 2411 1458 2474; x_wconf 81' lang='grc' dir='ltr'><strong><em>καί</em></strong></span> 
     </span>
    </p>
   </div>
   <div class='ocr_carea' id='block_1_3' title="bbox 141 2606 1464 4209">
    <p class='ocr_par' dir='ltr' id='par_1_4' title="bbox 141 2606 1464 4209">
     <span class='ocr_line' id='line_1_22' title="bbox 225 2606 1459 2699; baseline -0.003 -21"><span class='ocrx_word' id='word_1_207' title='bbox 225 2609 338 2678; x_wconf 83' lang='grc' dir='ltr'><strong><em>πάντα</em></strong></span> <span class='ocrx_word' id='word_1_208' title='bbox 366 2618 502 2698; x_wconf 87' lang='grc' dir='ltr'><strong><em>κτίσμα,</em></strong></span> <span class='ocrx_word' id='word_1_209' title='bbox 531 2610 589 2679; x_wconf 88' lang='grc' dir='ltr'><strong><em>τὸν</em></strong></span> <span class='ocrx_word' id='word_1_210' title='bbox 618 2614 654 2680; x_wconf 81' lang='grc' dir='ltr'><strong><em>δὲ</em></strong></span> <span class='ocrx_word' id='word_1_211' title='bbox 683 2610 780 2699; x_wconf 90' lang='grc' dir='ltr'><strong><em>λόγον</em></strong></span> <span class='ocrx_word' id='word_1_212' title='bbox 807 2611 910 2697; x_wconf 88' lang='grc' dir='ltr'><strong><em>μόνον</em></strong></span> <span class='ocrx_word' id='word_1_213' title='bbox 932 2611 967 2679; x_wconf 82' lang='grc' dir='ltr'><strong><em>έκ</em></strong></span> <span class='ocrx_word' id='word_1_214' title='bbox 988 2615 1046 2678; x_wconf 88' lang='grc' dir='ltr'><strong><em>τοῦ</em></strong></span> <span class='ocrx_word' id='word_1_215' title='bbox 1069 2609 1197 2696; x_wconf 89' lang='grc' dir='ltr'><strong><em>πατρὸς</em></strong></span> <span class='ocrx_word' id='word_1_216' title='bbox 1218 2606 1459 2676; x_wconf 78' lang='grc' dir='ltr'><strong><em>πιστεύεσθαι.</em></strong></span> 
     </span>
     <span class='ocr_line' id='line_1_23' title="bbox 225 2704 1461 2801; baseline -0.003 -22"><span class='ocrx_word' id='word_1_217' title='bbox 225 2705 285 2800; x_wconf 65' lang='grc' dir='ltr'><strong><em>κάν</em></strong></span> <span class='ocrx_word' id='word_1_218' title='bbox 307 2712 369 2801; x_wconf 86' lang='grc' dir='ltr'><strong><em>γάρ</em></strong></span> <span class='ocrx_word' id='word_1_219' title='bbox 391 2713 426 2782; x_wconf 85' lang='grc' dir='ltr'><strong><em>ίκ</em></strong></span> <span class='ocrx_word' id='word_1_220' title='bbox 446 2717 506 2782; x_wconf 89' lang='grc' dir='ltr'><strong><em>τοῦ</em></strong></span> <span class='ocrx_word' id='word_1_221' title='bbox 528 2716 613 2781; x_wconf 88' lang='grc' dir='ltr'><strong><em>θεοῦ</em></strong></span> <span class='ocrx_word' id='word_1_222' title='bbox 635 2713 677 2780; x_wconf 87' lang='grc' dir='ltr'><strong><em>τά</em></strong></span> <span class='ocrx_word' id='word_1_223' title='bbox 699 2713 809 2781; x_wconf 90' lang='grc' dir='ltr'><strong><em>πάντα</em></strong></span> <span class='ocrx_word' id='word_1_224' title='bbox 831 2716 993 2801; x_wconf 66' lang='grc' dir='ltr'><strong><em>1λέγηται,</em></strong></span> <span class='ocrx_word' id='word_1_225' title='bbox 1017 2707 1086 2779; x_wconf 77' lang='grc' dir='ltr'><strong><em>ἄλλ’</em></strong></span> <span class='ocrx_word' id='word_1_226' title='bbox 1113 2710 1230 2791; x_wconf 83' lang='grc' dir='ltr'><strong><em>άλλως,</em></strong></span> <span class='ocrx_word' id='word_1_227' title='bbox 1254 2704 1275 2797; x_wconf 84' lang='grc' dir='ltr'><strong><em>ή</em></strong></span> <span class='ocrx_word' id='word_1_228' title='bbox 1297 2705 1343 2787; x_wconf 85' lang='grc' dir='ltr'><strong><em>ῶς</em></strong></span> <span class='ocrx_word' id='word_1_229' title='bbox 1365 2710 1461 2776; x_wconf 70' lang='grc' dir='ltr'><strong><em>ἔστιν</em></strong></span> 
     </span>
     <span class='ocr_line' id='line_1_24' title="bbox 227 2806 1461 2902; baseline -0.002 -24"><span class='ocrx_word' id='word_1_230' title='bbox 227 2808 349 2894; x_wconf 86' lang='grc' dir='ltr'><strong><em>όυίός,</em></strong></span> <span class='ocrx_word' id='word_1_231' title='bbox 374 2817 511 2902; x_wconf 81' lang='grc' dir='ltr'><strong><em>ε’ίρηται.</em></strong></span> <span class='ocrx_word' id='word_1_232' title='bbox 556 2813 680 2898; x_wconf 78' lang='grc' dir='ltr'><strong><em>τὰμὲν</em></strong></span> <span class='ocrx_word' id='word_1_233' title='bbox 701 2815 763 2901; x_wconf 84' lang='grc' dir='ltr'><strong><em>γάρ</em></strong></span> <span class='ocrx_word' id='word_1_234' title='bbox 785 2821 964 2899; x_wconf 91' lang='grc' dir='ltr'><strong><em>κτίσματα,</em></strong></span> <span class='ocrx_word' id='word_1_235' title='bbox 996 2812 1112 2881; x_wconf 84' lang='grc' dir='ltr'><strong><em>διὰτὸ</em></strong></span> <span class='ocrx_word' id='word_1_236' title='bbox 1134 2811 1178 2898; x_wconf 84' lang='grc' dir='ltr'><strong><em>μὴ</em></strong></span> <span class='ocrx_word' id='word_1_237' title='bbox 1202 2806 1287 2878; x_wconf 84' lang='grc' dir='ltr'><strong><em>εἶναι</em></strong></span> <span class='ocrx_word' id='word_1_238' title='bbox 1309 2810 1377 2896; x_wconf 76' lang='grc' dir='ltr'><strong><em>εἰκῆ</em></strong></span> <span class='ocrx_word' id='word_1_239' title='bbox 1403 2811 1461 2877; x_wconf 82' lang='grc' dir='ltr'><strong><em>καὶ</em></strong></span> 
     </span>
     <span class='ocr_line' id='line_1_25' title="bbox 228 2910 1463 3001; baseline 0 -23"><span class='ocrx_word' id='word_1_240' title='bbox 228 2912 262 2978; x_wconf 76' lang='grc' dir='ltr'><strong><em>ἐκ</em></strong></span> <span class='ocrx_word' id='word_1_241' title='bbox 283 2914 501 2997; x_wconf 88' lang='grc' dir='ltr'><strong><em>ταυτομάτου,</em></strong></span> <span class='ocrx_word' id='word_1_242' title='bbox 524 2916 608 3001; x_wconf 83' lang='grc' dir='ltr'><strong><em>μηδὲ</em></strong></span> <span class='ocrx_word' id='word_1_243' title='bbox 629 2915 713 2982; x_wconf 83' lang='grc' dir='ltr'><strong><em>κατὰ</em></strong></span> <span class='ocrx_word' id='word_1_244' title='bbox 734 2913 831 3001; x_wconf 83' lang='grc' dir='ltr'><strong><em>τύχην</em></strong></span> <span class='ocrx_word' id='word_1_245' title='bbox 854 2915 938 2996; x_wconf 80' lang='grc' dir='ltr'><strong><em>’έχειν</em></strong></span> <span class='ocrx_word' id='word_1_246' title='bbox 959 2913 1018 3001; x_wconf 87' lang='grc' dir='ltr'><strong><em>τήν</em></strong></span> <span class='ocrx_word' id='word_1_247' title='bbox 1032 2920 1168 2999; x_wconf 90' lang='grc' dir='ltr'><strong><em>γένεσιν,</em></strong></span> <span class='ocrx_word' id='word_1_248' title='bbox 1192 2911 1294 2979; x_wconf 75' lang='grc' dir='ltr'><strong><em>’κατὰ</em></strong></span> <span class='ocrx_word' id='word_1_249' title='bbox 1307 2910 1388 2989; x_wconf 88' lang='grc' dir='ltr'><strong><em>τοὺς</em></strong></span> <span class='ocrx_word' id='word_1_250' title='bbox 1406 2913 1463 2978; x_wconf 81' lang='grc' dir='ltr'><strong><em>λέ-</em></strong></span> 
     </span>
     <span class='ocr_line' id='line_1_26' title="bbox 227 3009 1462 3101; baseline 0.002 -25"><span class='ocrx_word' id='word_1_251' title='bbox 227 3033 347 3096; x_wconf 90' lang='grc' dir='ltr'><strong><em>γοντας</em></strong></span> <span class='ocrx_word' id='word_1_252' title='bbox 375 3012 411 3091; x_wconf 84' lang='grc' dir='ltr'><strong><em>έξ</em></strong></span> <span class='ocrx_word' id='word_1_253' title='bbox 438 3011 571 3099; x_wconf 86' lang='grc' dir='ltr'><strong><em>άτάμων</em></strong></span> <span class='ocrx_word' id='word_1_254' title='bbox 599 3017 792 3101; x_wconf 86' lang='grc' dir='ltr'><strong><em>συμπλοκῆς</em></strong></span> <span class='ocrx_word' id='word_1_255' title='bbox 819 3016 873 3080; x_wconf 84' lang='grc' dir='ltr'><strong><em>καί</em></strong></span> <span class='ocrx_word' id='word_1_256' title='bbox 903 3009 1126 3100; x_wconf 83' lang='grc' dir='ltr'><strong><em>ὁμοιομερῶν,</em></strong></span> <span class='ocrx_word' id='word_1_257' title='bbox 1150 3009 1190 3100; x_wconf 68' lang='grc' dir='ltr'><strong><em>’ἢ</em></strong></span> <span class='ocrx_word' id='word_1_258' title='bbox 1213 3009 1259 3092; x_wconf 82' lang='grc' dir='ltr'><strong><em>ῶς</em></strong></span> <span class='ocrx_word' id='word_1_259' title='bbox 1280 3037 1368 3090; x_wconf 89' lang='grc' dir='ltr'><strong><em>τινες</em></strong></span> <span class='ocrx_word' id='word_1_260' title='bbox 1389 3018 1462 3079; x_wconf 89' lang='grc' dir='ltr'><strong><em>τῶν</em></strong></span> 
     </span>
     <span class='ocr_line' id='line_1_27' title="bbox 229 3107 1463 3201; baseline 0.004 -26"><span class='ocrx_word' id='word_1_261' title='bbox 229 3110 402 3196; x_wconf 79' lang='grc' dir='ltr'><strong><em>αἱρετικῶν</em></strong></span> <span class='ocrx_word' id='word_1_262' title='bbox 424 3111 525 3181; x_wconf 87' lang='grc' dir='ltr'><strong><em>άλλον</em></strong></span> <span class='ocrx_word' id='word_1_263' title='bbox 548 3114 745 3201; x_wconf 86' lang='grc' dir='ltr'><strong><em>δημιουργὸν</em></strong></span> <span class='ocrx_word' id='word_1_264' title='bbox 761 3115 921 3198; x_wconf 85' lang='grc' dir='ltr'><strong><em>λέγουσιν,</em></strong></span> <span class='ocrx_word' id='word_1_265' title='bbox 945 3107 965 3198; x_wconf 84' lang='grc' dir='ltr'><strong><em>ή</em></strong></span> <span class='ocrx_word' id='word_1_266' title='bbox 981 3109 1026 3192; x_wconf 83' lang='grc' dir='ltr'><strong><em>ὡς</em></strong></span> <span class='ocrx_word' id='word_1_267' title='bbox 1040 3115 1143 3182; x_wconf 90' lang='grc' dir='ltr'><strong><em>πάλιν</em></strong></span> <span class='ocrx_word' id='word_1_268' title='bbox 1157 3111 1254 3181; x_wconf 77' lang='grc' dir='ltr'><strong><em>ἄλλοι</em></strong></span> <span class='ocrx_word' id='word_1_269' title='bbox 1270 3109 1338 3180; x_wconf 87' lang='grc' dir='ltr'><strong><em>ύπό</em></strong></span> <span class='ocrx_word' id='word_1_270' title='bbox 1356 3138 1463 3182; x_wconf 88' lang='grc' dir='ltr'><strong><em>τινων</em></strong></span> 
     </span>
     <span class='ocr_line' id='line_1_28' title="bbox 141 3204 1462 3300; baseline 0.005 -24"><span class='ocrx_word' id='word_1_271' title='bbox 141 3204 373 3296; x_wconf 72' lang='grc' dir='ltr'><strong><em>αεικάγγέλων</em></strong></span> <span class='ocrx_word' id='word_1_272' title='bbox 402 3213 552 3298; x_wconf 85' lang='grc' dir='ltr'><strong><em>λέγουσιν</em></strong></span> <span class='ocrx_word' id='word_1_273' title='bbox 581 3207 667 3280; x_wconf 79' lang='grc' dir='ltr'><strong><em>εἶναι</em></strong></span> <span class='ocrx_word' id='word_1_274' title='bbox 694 3215 752 3300; x_wconf 86' lang='grc' dir='ltr'><strong><em>τὴν</em></strong></span> <span class='ocrx_word' id='word_1_275' title='bbox 774 3217 841 3280; x_wconf 88' lang='grc' dir='ltr'><strong><em>τῶν</em></strong></span> <span class='ocrx_word' id='word_1_276' title='bbox 863 3213 999 3282; x_wconf 86' lang='grc' dir='ltr'><strong><em>πάντων</em></strong></span> <span class='ocrx_word' id='word_1_277' title='bbox 1021 3214 1197 3295; x_wconf 89' lang='grc' dir='ltr'><strong><em>σύστασιν,</em></strong></span> <span class='ocrx_word' id='word_1_278' title='bbox 1226 3210 1295 3282; x_wconf 78' lang='grc' dir='ltr'><strong><em>ἄλλ’</em></strong></span> <span class='ocrx_word' id='word_1_279' title='bbox 1321 3209 1376 3280; x_wconf 83' lang='grc' dir='ltr'><strong><em>ότι</em></strong></span> <span class='ocrx_word' id='word_1_280' title='bbox 1398 3219 1462 3283; x_wconf 88' lang='grc' dir='ltr'><strong><em>τοῦ</em></strong></span> 
     </span>
     <span class='ocr_line' id='line_1_29' title="bbox 227 3309 1462 3403; baseline 0.006 -27"><span class='ocrx_word' id='word_1_281' title='bbox 227 3313 313 3378; x_wconf 88' lang='grc' dir='ltr'><strong><em>θεοῦ</em></strong></span> <span class='ocrx_word' id='word_1_282' title='bbox 337 3309 433 3392; x_wconf 80' lang='grc' dir='ltr'><strong><em>ὄντος</em></strong></span> <span class='ocrx_word' id='word_1_283' title='bbox 453 3313 496 3382; x_wconf 90' lang='grc' dir='ltr'><strong><em>τδι</em></strong></span> <span class='ocrx_word' id='word_1_284' title='bbox 516 3313 628 3382; x_wconf 86' lang='grc' dir='ltr'><strong><em>πάντα</em></strong></span> <span class='ocrx_word' id='word_1_285' title='bbox 649 3309 727 3402; x_wconf 76' lang='grc' dir='ltr'><strong><em>παρ’</em></strong></span> <span class='ocrx_word' id='word_1_286' title='bbox 752 3309 852 3381; x_wconf 83' lang='grc' dir='ltr'><strong><em>αὐτοῦ</em></strong></span> <span class='ocrx_word' id='word_1_287' title='bbox 876 3315 932 3382; x_wconf 87' lang='grc' dir='ltr'><strong><em>διὰ</em></strong></span> <span class='ocrx_word' id='word_1_288' title='bbox 953 3319 1012 3382; x_wconf 89' lang='grc' dir='ltr'><strong><em>τοῦ</em></strong></span> <span class='ocrx_word' id='word_1_289' title='bbox 1035 3315 1133 3403; x_wconf 86' lang='grc' dir='ltr'><strong><em>λόγου</em></strong></span> <span class='ocrx_word' id='word_1_290' title='bbox 1157 3311 1214 3382; x_wconf 91' lang='grc' dir='ltr'><strong><em>υύκ</em></strong></span> <span class='ocrx_word' id='word_1_291' title='bbox 1237 3311 1318 3383; x_wconf 79' lang='grc' dir='ltr'><strong><em>ὄντα</em></strong></span> <span class='ocrx_word' id='word_1_292' title='bbox 1331 3315 1462 3399; x_wconf 87' lang='grc' dir='ltr'><strong><em>πρότε-</em></strong></span> 
     </span>
     <span class='ocr_line' id='line_1_30' title="bbox 228 3409 1462 3503; baseline 0.006 -26"><span class='ocrx_word' id='word_1_293' title='bbox 228 3433 286 3498; x_wconf 89' lang='grc' dir='ltr'><strong><em>ρον</em></strong></span> <span class='ocrx_word' id='word_1_294' title='bbox 309 3410 356 3490; x_wconf 84' lang='grc' dir='ltr'><strong><em>είς</em></strong></span> <span class='ocrx_word' id='word_1_295' title='bbox 376 3412 416 3479; x_wconf 88' lang='grc' dir='ltr'><strong><em>τὸ</em></strong></span> <span class='ocrx_word' id='word_1_296' title='bbox 438 3409 524 3482; x_wconf 80' lang='grc' dir='ltr'><strong><em>εἶναι</em></strong></span> <span class='ocrx_word' id='word_1_297' title='bbox 545 3419 664 3500; x_wconf 83' lang='grc' dir='ltr'><strong><em>γέγονε,</em></strong></span> <span class='ocrx_word' id='word_1_298' title='bbox 689 3415 746 3484; x_wconf 87' lang='grc' dir='ltr'><strong><em>διά</em></strong></span> <span class='ocrx_word' id='word_1_299' title='bbox 766 3419 864 3484; x_wconf 88' lang='grc' dir='ltr'><strong><em>τοῦτο</em></strong></span> <span class='ocrx_word' id='word_1_300' title='bbox 888 3418 1016 3503; x_wconf 80' lang='grc' dir='ltr'><strong><em>εἴρηται</em></strong></span> <span class='ocrx_word' id='word_1_301' title='bbox 1037 3417 1076 3484; x_wconf 88' lang='grc' dir='ltr'><strong><em>τὸ</em></strong></span> <span class='ocrx_word' id='word_1_302' title='bbox 1099 3417 1134 3484; x_wconf 80' lang='grc' dir='ltr'><strong><em>ἐκ</em></strong></span> <span class='ocrx_word' id='word_1_303' title='bbox 1155 3419 1214 3484; x_wconf 88' lang='grc' dir='ltr'><strong><em>τοῦ</em></strong></span> <span class='ocrx_word' id='word_1_304' title='bbox 1236 3420 1331 3484; x_wconf 84' lang='grc' dir='ltr'><strong><em>θεοῦ.</em></strong></span> <span class='ocrx_word' id='word_1_305' title='bbox 1378 3411 1397 3481; x_wconf 88' lang='grc' dir='ltr'><strong><em>ό</em></strong></span> <span class='ocrx_word' id='word_1_306' title='bbox 1423 3419 1462 3484; x_wconf 82' lang='grc' dir='ltr'><strong><em>δὲ</em></strong></span> 
     </span>
     <span class='ocr_line' id='line_1_31' title="bbox 227 3511 1463 3606; baseline 0.004 -27"><span class='ocrx_word' id='word_1_307' title='bbox 227 3511 340 3599; x_wconf 89' lang='grc' dir='ltr'><strong><em>λόγος,</em></strong></span> <span class='ocrx_word' id='word_1_308' title='bbox 368 3511 445 3580; x_wconf 79' lang='grc' dir='ltr'><strong><em>ἐπεὶ</em></strong></span> <span class='ocrx_word' id='word_1_309' title='bbox 465 3513 509 3600; x_wconf 84' lang='grc' dir='ltr'><strong><em>μή</em></strong></span> <span class='ocrx_word' id='word_1_310' title='bbox 531 3521 653 3600; x_wconf 88' lang='grc' dir='ltr'><strong><em>κτίσμα</em></strong></span> <span class='ocrx_word' id='word_1_311' title='bbox 674 3516 779 3597; x_wconf 76' lang='grc' dir='ltr'><strong><em>ἐστίν,</em></strong></span> <span class='ocrx_word' id='word_1_312' title='bbox 809 3517 1012 3606; x_wconf 78' lang='grc' dir='ltr'><strong><em>εἴρηταικαὶ</em></strong></span> <span class='ocrx_word' id='word_1_313' title='bbox 1035 3519 1107 3586; x_wconf 70' lang='grc' dir='ltr'><strong><em>ἔστι</em></strong></span> <span class='ocrx_word' id='word_1_314' title='bbox 1127 3517 1230 3604; x_wconf 91' lang='grc' dir='ltr'><strong><em>μόνος</em></strong></span> <span class='ocrx_word' id='word_1_315' title='bbox 1252 3517 1287 3584; x_wconf 81' lang='grc' dir='ltr'><strong><em>ἐκ</em></strong></span> <span class='ocrx_word' id='word_1_316' title='bbox 1307 3519 1366 3583; x_wconf 91' lang='grc' dir='ltr'><strong><em>τοῦ</em></strong></span> <span class='ocrx_word' id='word_1_317' title='bbox 1388 3542 1463 3584; x_wconf 85' lang='grc' dir='ltr'><strong><em>πα-</em></strong></span> 
     </span>
     <span class='ocr_line' id='line_1_32' title="bbox 226 3611 1464 3706; baseline 0.002 -24"><span class='ocrx_word' id='word_1_318' title='bbox 226 3611 317 3700; x_wconf 89' lang='grc' dir='ltr'><strong><em>τρός,</em></strong></span> <span class='ocrx_word' id='word_1_319' title='bbox 341 3616 417 3700; x_wconf 77' lang='grc' dir='ltr'><strong><em>’τῆς</em></strong></span> <span class='ocrx_word' id='word_1_320' title='bbox 445 3614 481 3682; x_wconf 75' lang='grc' dir='ltr'><strong><em>δέ</em></strong></span> <span class='ocrx_word' id='word_1_321' title='bbox 507 3613 662 3703; x_wconf 87' lang='grc' dir='ltr'><strong><em>τοιαύτης</em></strong></span> <span class='ocrx_word' id='word_1_322' title='bbox 689 3619 838 3696; x_wconf 80' lang='grc' dir='ltr'><strong><em>διανοίας</em></strong></span> <span class='ocrx_word' id='word_1_323' title='bbox 859 3619 1044 3706; x_wconf 85' lang='grc' dir='ltr'><strong><em>γνώρισμα,</em></strong></span> <span class='ocrx_word' id='word_1_324' title='bbox 1073 3619 1113 3686; x_wconf 89' lang='grc' dir='ltr'><strong><em>τὸ</em></strong></span> <span class='ocrx_word' id='word_1_325' title='bbox 1137 3615 1223 3686; x_wconf 85' lang='grc' dir='ltr'><strong><em>εἶναι</em></strong></span> <span class='ocrx_word' id='word_1_326' title='bbox 1244 3618 1302 3685; x_wconf 90' lang='grc' dir='ltr'><strong><em>τὸν</em></strong></span> <span class='ocrx_word' id='word_1_327' title='bbox 1324 3615 1399 3683; x_wconf 82' lang='grc' dir='ltr'><strong><em>υίὸν</em></strong></span> <span class='ocrx_word' id='word_1_328' title='bbox 1425 3618 1464 3684; x_wconf 81' lang='grc' dir='ltr'><strong><em>έκ</em></strong></span> 
     </span>
     <span class='ocr_line' id='line_1_33' title="bbox 226 3709 1460 3808; baseline 0 -26"><span class='ocrx_word' id='word_1_329' title='bbox 226 3718 285 3802; x_wconf 84' lang='grc' dir='ltr'><strong><em>τῆς</em></strong></span> <span class='ocrx_word' id='word_1_330' title='bbox 313 3709 429 3794; x_wconf 86' lang='grc' dir='ltr'><strong><em>οῦσίας</em></strong></span> <span class='ocrx_word' id='word_1_331' title='bbox 455 3719 515 3783; x_wconf 89' lang='grc' dir='ltr'><strong><em>τοῦ</em></strong></span> <span class='ocrx_word' id='word_1_332' title='bbox 544 3718 688 3804; x_wconf 87' lang='grc' dir='ltr'><strong><em>πατρός·</em></strong></span> <span class='ocrx_word' id='word_1_333' title='bbox 716 3711 824 3786; x_wconf 82' lang='grc' dir='ltr'><strong><em>ούδενί</em></strong></span> <span class='ocrx_word' id='word_1_334' title='bbox 846 3716 908 3806; x_wconf 86' lang='grc' dir='ltr'><strong><em>γὰρ</em></strong></span> <span class='ocrx_word' id='word_1_335' title='bbox 929 3723 996 3786; x_wconf 87' lang='grc' dir='ltr'><strong><em>τῶν</em></strong></span> <span class='ocrx_word' id='word_1_336' title='bbox 1018 3723 1160 3808; x_wconf 85' lang='grc' dir='ltr'><strong><em>γενητῶν</em></strong></span> <span class='ocrx_word' id='word_1_337' title='bbox 1182 3716 1324 3804; x_wconf 86' lang='grc' dir='ltr'><strong><em>ύττάρχει</em></strong></span> <span class='ocrx_word' id='word_1_338' title='bbox 1344 3720 1460 3786; x_wconf 86' lang='grc' dir='ltr'><strong><em>τοῦτο.</em></strong></span> 
     </span>
     <span class='ocr_line' id='line_1_34' title="bbox 228 3811 1462 3906; baseline 0.002 -22"><span class='ocrx_word' id='word_1_339' title='bbox 228 3811 343 3903; x_wconf 85' lang='grc' dir='ltr'><strong><em>άμέλει</em></strong></span> <span class='ocrx_word' id='word_1_340' title='bbox 367 3816 410 3884; x_wconf 86' lang='grc' dir='ltr'><strong><em>τὰ</em></strong></span> <span class='ocrx_word' id='word_1_341' title='bbox 436 3816 548 3886; x_wconf 86' lang='grc' dir='ltr'><strong><em>πάντα</em></strong></span> <span class='ocrx_word' id='word_1_342' title='bbox 575 3819 677 3905; x_wconf 82' lang='grc' dir='ltr'><strong><em>λέγων</em></strong></span> <span class='ocrx_word' id='word_1_343' title='bbox 706 3815 724 3887; x_wconf 87' lang='grc' dir='ltr'><strong><em>ὁ</em></strong></span> <span class='ocrx_word' id='word_1_344' title='bbox 745 3819 882 3898; x_wconf 87' lang='grc' dir='ltr'><strong><em>Παῦλος</em></strong></span> <span class='ocrx_word' id='word_1_345' title='bbox 904 3820 939 3886; x_wconf 89' lang='grc' dir='ltr'><strong><em>έκ</em></strong></span> <span class='ocrx_word' id='word_1_346' title='bbox 960 3823 1019 3886; x_wconf 90' lang='grc' dir='ltr'><strong><em>τοῦ</em></strong></span> <span class='ocrx_word' id='word_1_347' title='bbox 1041 3824 1142 3902; x_wconf 87' lang='grc' dir='ltr'><strong><em>θεοῦ,</em></strong></span> <span class='ocrx_word' id='word_1_348' title='bbox 1172 3815 1273 3900; x_wconf 79' lang='grc' dir='ltr'><strong><em>εὐθὺς</em></strong></span> <span class='ocrx_word' id='word_1_349' title='bbox 1295 3818 1462 3906; x_wconf 82' lang='grc' dir='ltr'><strong><em>ἐπήγαγε·</em></strong></span> 
     </span>
     <span class='ocr_line' id='line_1_35' title="bbox 226 3909 1459 4008; baseline 0 -22"><span class='ocrx_word' id='word_1_350' title='bbox 226 3921 281 3986; x_wconf 82' lang='grc' dir='ltr'><strong><em>καί</em></strong></span> <span class='ocrx_word' id='word_1_351' title='bbox 305 3913 353 3998; x_wconf 79' lang='grc' dir='ltr'><strong><em>είς</em></strong></span> <span class='ocrx_word' id='word_1_352' title='bbox 373 3917 485 4004; x_wconf 90' lang='grc' dir='ltr'><strong><em>κύριος</em></strong></span> <span class='ocrx_word' id='word_1_353' title='bbox 502 3913 625 4008; x_wconf 78' lang='grc' dir='ltr'><strong><em>Ἰησοῦς</em></strong></span> <span class='ocrx_word' id='word_1_354' title='bbox 646 3919 802 4008; x_wconf 87' lang='grc' dir='ltr'><strong><em>Χριστός,</em></strong></span> <span class='ocrx_word' id='word_1_355' title='bbox 826 3915 874 3988; x_wconf 81' lang='grc' dir='ltr'><strong><em>δι’</em></strong></span> <span class='ocrx_word' id='word_1_356' title='bbox 899 3909 939 3987; x_wconf 87' lang='grc' dir='ltr'><strong><em>οῦ</em></strong></span> <span class='ocrx_word' id='word_1_357' title='bbox 953 3921 995 3986; x_wconf 88' lang='grc' dir='ltr'><strong><em>τὰ</em></strong></span> <span class='ocrx_word' id='word_1_358' title='bbox 1010 3919 1139 4002; x_wconf 89' lang='grc' dir='ltr'><strong><em>πάντα,</em></strong></span> <span class='ocrx_word' id='word_1_359' title='bbox 1160 3922 1217 3988; x_wconf 80' lang='grc' dir='ltr'><strong><em>ίνα</em></strong></span> <span class='ocrx_word' id='word_1_360' title='bbox 1232 3921 1320 4007; x_wconf 76' lang='grc' dir='ltr'><strong><em>δείξῃ</em></strong></span> <span class='ocrx_word' id='word_1_361' title='bbox 1336 3922 1459 4000; x_wconf 84' lang='grc' dir='ltr'><strong><em>πᾶσιν,</em></strong></span> 
     </span>
     <span class='ocr_line' id='line_1_36' title="bbox 228 4014 1462 4106; baseline -0.001 -18"><span class='ocrx_word' id='word_1_362' title='bbox 228 4014 283 4088; x_wconf 84' lang='grc' dir='ltr'><strong><em>ότι</em></strong></span> <span class='ocrx_word' id='word_1_363' title='bbox 303 4018 403 4100; x_wconf 78' lang='grc' dir='ltr'><strong><em>ἄλλος</em></strong></span> <span class='ocrx_word' id='word_1_364' title='bbox 423 4025 483 4104; x_wconf 87' lang='grc' dir='ltr'><strong><em>μέν</em></strong></span> <span class='ocrx_word' id='word_1_365' title='bbox 506 4019 596 4088; x_wconf 70' lang='grc' dir='ltr'><strong><em>ἐστιν</em></strong></span> <span class='ocrx_word' id='word_1_366' title='bbox 619 4015 637 4086; x_wconf 87' lang='grc' dir='ltr'><strong><em>ό</em></strong></span> <span class='ocrx_word' id='word_1_367' title='bbox 659 4021 730 4101; x_wconf 87' lang='grc' dir='ltr'><strong><em>υίὸς</em></strong></span> <span class='ocrx_word' id='word_1_368' title='bbox 750 4025 817 4088; x_wconf 89' lang='grc' dir='ltr'><strong><em>τῶν</em></strong></span> <span class='ocrx_word' id='word_1_369' title='bbox 838 4021 974 4090; x_wconf 82' lang='grc' dir='ltr'><strong><em>πάντων</em></strong></span> <span class='ocrx_word' id='word_1_370' title='bbox 996 4024 1063 4088; x_wconf 90' lang='grc' dir='ltr'><strong><em>τῶν</em></strong></span> <span class='ocrx_word' id='word_1_371' title='bbox 1085 4021 1120 4089; x_wconf 75' lang='grc' dir='ltr'><strong><em>ἐκ</em></strong></span> <span class='ocrx_word' id='word_1_372' title='bbox 1140 4025 1199 4088; x_wconf 87' lang='grc' dir='ltr'><strong><em>τοῦ</em></strong></span> <span class='ocrx_word' id='word_1_373' title='bbox 1221 4024 1306 4088; x_wconf 89' lang='grc' dir='ltr'><strong><em>θεοῦ</em></strong></span> <span class='ocrx_word' id='word_1_374' title='bbox 1321 4027 1462 4106; x_wconf 84' lang='grc' dir='ltr'><strong><em>γενομέ-</em></strong></span> 
     </span>
     <span class='ocr_line' id='line_1_37' title="bbox 226 4120 1464 4209; baseline 0.002 -23"><span class='ocrx_word' id='word_1_375' title='bbox 226 4142 309 4186; x_wconf 88' lang='grc' dir='ltr'><strong><em>νων·</em></strong></span> <span class='ocrx_word' id='word_1_376' title='bbox 331 4120 374 4188; x_wconf 82' lang='grc' dir='ltr'><strong><em>τὰ</em></strong></span> <span class='ocrx_word' id='word_1_377' title='bbox 394 4121 456 4207; x_wconf 88' lang='grc' dir='ltr'><strong><em>γάρ</em></strong></span> <span class='ocrx_word' id='word_1_378' title='bbox 478 4120 513 4190; x_wconf 84' lang='grc' dir='ltr'><strong><em>έκ</em></strong></span> <span class='ocrx_word' id='word_1_379' title='bbox 533 4123 593 4188; x_wconf 90' lang='grc' dir='ltr'><strong><em>τοῦ</em></strong></span> <span class='ocrx_word' id='word_1_380' title='bbox 615 4124 700 4188; x_wconf 86' lang='grc' dir='ltr'><strong><em>θεοῦ</em></strong></span> <span class='ocrx_word' id='word_1_381' title='bbox 721 4120 880 4206; x_wconf 88' lang='grc' dir='ltr'><strong><em>γενόμενα</em></strong></span> <span class='ocrx_word' id='word_1_382' title='bbox 902 4121 959 4188; x_wconf 84' lang='grc' dir='ltr'><strong><em>διὰ</em></strong></span> <span class='ocrx_word' id='word_1_383' title='bbox 981 4122 1053 4189; x_wconf 86' lang='grc' dir='ltr'><strong><em>υίοῦ</em></strong></span> <span class='ocrx_word' id='word_1_384' title='bbox 1074 4128 1203 4209; x_wconf 80' lang='grc' dir='ltr'><strong><em>γέγονε·</em></strong></span> <span class='ocrx_word' id='word_1_385' title='bbox 1225 4123 1284 4207; x_wconf 84' lang='grc' dir='ltr'><strong><em>τῆς</em></strong></span> <span class='ocrx_word' id='word_1_386' title='bbox 1306 4120 1343 4187; x_wconf 74' lang='grc' dir='ltr'><strong><em>δὲ</em></strong></span> <span class='ocrx_word' id='word_1_387' title='bbox 1358 4120 1464 4207; x_wconf 87' lang='grc' dir='ltr'><strong><em>δημι-</em></strong></span> 
     </span>
    </p>
   </div>
   <div class='ocr_carea' id='block_1_4' title="bbox 232 4291 894 4355">
    <p class='ocr_par' dir='ltr' id='par_1_5' title="bbox 232 4291 894 4355">
     <span class='ocr_line' id='line_1_38' title="bbox 232 4291 894 4355; baseline 0.008 -16"><span class='ocrx_word' id='word_1_388' title='bbox 232 4322 236 4332; x_wconf 94' lang='grc'>.</span> <span class='ocrx_word' id='word_1_389' title='bbox 298 4291 322 4352; x_wconf 84' lang='grc' dir='ltr'><strong><em>η</em></strong></span> <span class='ocrx_word' id='word_1_390' title='bbox 343 4291 364 4344; x_wconf 85' lang='grc' dir='ltr'><strong><em>ι.</em></strong></span> <span class='ocrx_word' id='word_1_391' title='bbox 382 4293 439 4344; x_wconf 63' lang='grc' dir='ltr'><strong><em>σοι.</em></strong></span> <span class='ocrx_word' id='word_1_392' title='bbox 457 4293 482 4355; x_wconf 86' lang='grc' dir='ltr'><strong><em>ε,</em></strong></span> <span class='ocrx_word' id='word_1_393' title='bbox 500 4293 525 4344; x_wconf 87' lang='grc' dir='ltr'><strong><em>ε.</em></strong></span> <span class='ocrx_word' id='word_1_394' title='bbox 594 4293 620 4354; x_wconf 84' lang='grc' dir='ltr'><strong><em>ν)</em></strong></span> <span class='ocrx_word' id='word_1_395' title='bbox 639 4291 662 4342; x_wconf 83' lang='grc' dir='ltr'><strong><em>ν.</em></strong></span> <span class='ocrx_word' id='word_1_396' title='bbox 680 4293 736 4343; x_wconf 76' lang='lat' dir='ltr'>cor.</span> <span class='ocrx_word' id='word_1_397' title='bbox 755 4294 780 4353; x_wconf 81' lang='grc' dir='ltr'><strong><em>ε,</em></strong></span> <span class='ocrx_word' id='word_1_398' title='bbox 801 4293 838 4343; x_wconf 82' lang='grc' dir='ltr'><strong><em>ιτ.</em></strong></span> <span class='ocrx_word' id='word_1_399' title='bbox 855 4291 894 4344; x_wconf 85' lang='grc' dir='ltr'><strong><em>ιε.</em></strong></span> 
     </span>
    </p>
   </div>
   <div class='ocr_carea' id='block_1_5' title="bbox 229 4403 1460 4596">
    <p class='ocr_par' dir='ltr' id='par_1_6' title="bbox 229 4403 1460 4596">
     <span class='ocr_line' id='line_1_39' title="bbox 263 4403 1460 4475; baseline 0 -17"><span class='ocrx_word' id='word_1_400' title='bbox 263 4423 285 4458; x_wconf 84' lang='grc' dir='ltr'><strong><em>ι.</em></strong></span> <span class='ocrx_word' id='word_1_401' title='bbox 308 4407 400 4459; x_wconf 67' lang='lat' dir='ltr'>Videtis</span> <span class='ocrx_word' id='word_1_402' title='bbox 423 4410 500 4475; x_wconf 72' lang='lat' dir='ltr'>Epist.</span> <span class='ocrx_word' id='word_1_403' title='bbox 525 4411 554 4462; x_wconf 82' lang='grc' dir='ltr'><strong><em>εδ</em></strong></span> <span class='ocrx_word' id='word_1_404' title='bbox 572 4413 697 4462; x_wconf 74' lang='lat' dir='ltr'><strong>Africanos</strong></span> <span class='ocrx_word' id='word_1_405' title='bbox 722 4407 770 4472; x_wconf 82' lang='lat' dir='ltr'>[nr.</span> <span class='ocrx_word' id='word_1_406' title='bbox 790 4410 813 4460; x_wconf 81' lang='lat'><strong><em>5.</em></strong></span> <span class='ocrx_word' id='word_1_407' title='bbox 901 4411 924 4459; x_wconf 82' lang='lat' dir='ltr'><strong><em>b.</em></strong></span> <span class='ocrx_word' id='word_1_408' title='bbox 943 4409 983 4460; x_wconf 85' lang='lat' dir='ltr'><strong><em>Sic</em></strong></span> <span class='ocrx_word' id='word_1_409' title='bbox 1000 4411 1057 4474; x_wconf 72' lang='grc' dir='ltr'><strong><em>λος.</em></strong></span> <span class='ocrx_word' id='word_1_410' title='bbox 1085 4409 1130 4460; x_wconf 78' lang='lat' dir='ltr'><strong>Alii</strong></span> <span class='ocrx_word' id='word_1_411' title='bbox 1150 4423 1204 4460; x_wconf 80' lang='grc' dir='ltr'><strong><em>νειο</em></strong></span> <span class='ocrx_word' id='word_1_412' title='bbox 1223 4417 1246 4460; x_wconf 82' lang='grc' dir='ltr'><strong><em>ιι</em></strong></span> <span class='ocrx_word' id='word_1_413' title='bbox 1263 4409 1320 4460; x_wconf 70' lang='lat' dir='ltr'>editi</span> <span class='ocrx_word' id='word_1_414' title='bbox 1337 4403 1460 4474; x_wconf 82' lang='grc' dir='ltr'><strong><em>λέγεται.</em></strong></span> 
     </span>
     <span class='ocr_line' id='line_1_40' title="bbox 229 4473 1249 4596; baseline 0 -70"><span class='ocrx_word' id='word_1_415' title='bbox 229 4475 471 4596; x_wconf 48' lang='grc' dir='ltr'><strong><em>ξηρωεήώδοεῃηωίζ</em></strong></span> <span class='ocrx_word' id='word_1_416' title='bbox 490 4479 509 4527; x_wconf 93' lang='grc' dir='ltr'><strong><em>Ι.</em></strong></span> <span class='ocrx_word' id='word_1_417' title='bbox 534 4479 560 4528; x_wconf 86' lang='lat' dir='ltr'><strong><em>P.</em></strong></span> <span class='ocrx_word' id='word_1_418' title='bbox 580 4479 609 4529; x_wconf 87' lang='grc' dir='ltr'><strong><em>ΙΙ.</em></strong></span> <span class='ocrx_word' id='word_1_419' title='bbox 627 4495 652 4544; x_wconf 82' lang='lat' dir='ltr'><strong><em>p.</em></strong></span> <span class='ocrx_word' id='word_1_420' title='bbox 664 4473 751 4542; x_wconf 56' lang='lat'><strong>89⁵4,</strong></span> <span class='ocrx_word' id='word_1_421' title='bbox 774 4478 814 4527; x_wconf 82' lang='lat' dir='ltr'><strong><em>ubi</em></strong></span> <span class='ocrx_word' id='word_1_422' title='bbox 902 4493 922 4527; x_wconf 84' lang='grc' dir='ltr'><strong><em>ο.</em></strong></span> <span class='ocrx_word' id='word_1_423' title='bbox 942 4477 1070 4542; x_wconf 83' lang='lat' dir='ltr'><strong>Epicurus,</strong></span> <span class='ocrx_word' id='word_1_424' title='bbox 1089 4479 1249 4581; x_wconf 77' lang='grc' dir='ltr'><strong><em>ληεινςοιιε.</em></strong></span> 
     </span>
    </p>
   </div>
   <div class='ocr_carea' id='block_1_6' title="bbox 0 0 1540 5056">
    <p class='ocr_par' dir='ltr' id='par_1_7' title="bbox 0 0 1540 5056">
     <span class='ocr_line' id='line_1_41' title="bbox 0 0 1540 5056; baseline 0 0"><span class='ocrx_word' id='word_1_425' title='bbox 0 0 1540 5056; x_wconf 95' lang='lat' dir='ltr'><strong><em> </em></strong></span> 
     </span>
    </p>
   </div>
  </div>
 </body>
</html>
