3072 5056
232 349 273 412 62
632 365 658 409 s.
674 365 827 409 ιυεεαιειι
841 365 1066 410 ιεεειεειειουι

145 514 324 591 amm&
348 505 417 577 ἀλλ’
442 505 487 590 ὥς
508 507 646 599 όργανον
669 511 844 601 ἕτεροφυές
857 515 912 580 καλ
927 507 1135 600 έτεροδόσιον
1150 513 1323 594 δείκνυται,
1344 515 1452 592 καλῶς

220 609 296 698 -ἀρα
317 607 337 700 ή
360 610 497 691 σύνοδος
519 613 644 699 ἔγραψε
664 616 717 680 καὶ
741 613 888 702 νενόηκεν
911 609 1033 700 ὀρθῶς.

316 719 367 780 24.
407 707 596 800 Ἑξηρήσθω
620 715 655 781 δὲ
677 713 780 782 πόλιν
802 715 836 782 έν
858 714 989 793 τούτοις
1009 717 1096 793 ΙΙπᾶς
1123 715 1281 800 λογισμὸς
1306 739 1453 800 σωματι-

230 811 295 893 κός,
320 820 506 901 φαντασίαν
527 839 564 882 τε
585 814 696 902 πόσης
718 814 909 904 αἰσθήσεως
931 812 1143 901 ὑπερβάντες,
1165 818 1300 904 καθαρᾷ
1321 815 1452 904 τῇνοή-

232 937 286 981 σει
311 917 365 982 καὶ
392 913 484 1002 μόνῳ
512 917 559 1002 τῷ
588 919 634 1002 νῷ
657 921 783 1001 νοοῦμεν
805 918 879 984 υἱοῦ
901 915 987 1003 πρὸς
1008 922 1138 1003 πατέρα
1159 916 1198 982 τὸ
1220 915 1369 1006 γνήσιον,
1399 919 1451 984 καί

231 1013 329 1101 λόγου
350 1015 408 1103 τὴν
430 1016 516 1101 πρὸς
536 1016 594 1084 τὸν
615 1018 699 1086 θεὸν
722 1017 880 1107 ἰδιότητα,
903 1020 958 1085 καὶ
981 1017 1039 1105 τὴν
1061 1013 1316 1105 ἀπαράλλακτον
1340 1013 1453 1103 ὁμοιό-

229 1139 312 1204 τητα
327 1119 391 1183 τοῦ
414 1113 674 1205 ἀπαυγάσματος
695 1119 781 1207 πρὸς
802 1119 841 1186 τὸ
863 1123 951 1207 φῶς·
975 1115 1020 1198 ὥς
1041 1119 1102 1206 γὰρ
1125 1118 1165 1185 τό
1185 1125 1327 1208 γέννημα
1347 1117 1454 1187 καὶτὸ

230 1217 302 1298 υίὸς
323 1214 381 1285 σύκ
404 1214 630 1307 ἀνθρώπινον,
655 1214 723 1286 ἀλλ’
749 1217 794 1300 ως
815 1224 888 1308 θεῷ
911 1225 1042 1306 πρέπον
1065 1218 1169 1301 ἐστίν,
1194 1221 1321 1309 ε’ίρηταί
1343 1223 1452 1289 τεκαὶ

230 1320 315 1401 έστι,
345 1319 403 1385 τὸν
431 1316 531 1389 αύτὸν
552 1320 678 1407 τρόπον
701 1320 779 1410 λτὴν
801 1323 889 1402 λέξιν
910 1325 968 1388 τοῦ
991 1317 1170 1407 όμοουσίου
1194 1317 1382 1402 ἀκούοντες,
1412 1321 1454 1410 μὴ

230 1421 278 1500 είς
298 1420 358 1499 τὰς
380 1415 599 1508 ἀνθρωπίνας
621 1421 797 1507 αἰσθήσεις
818 1419 1000 1502 πίπτοντες
1014 1422 1194 1508 μερισμοὺς
1208 1429 1262 1491 καί
1278 1425 1455 1510 διαιρέσεις

228 1525 287 1608 τῆς
314 1521 476 1608 θεότητος
502 1520 729 1608 λογιζώμεθα·
758 1519 826 1589 ἀλλ’
852 1520 897 1602 ὥς
926 1523 983 1591 ἐπὶ
1006 1517 1191 1609 ἀσωμάτων
1214 1525 1454 1610 διανοούμενοι,

154 1631 158 1640 ’
229 1623 288 1710 τὴν
317 1621 454 1709 ἑνότητα
481 1625 540 1710 τῆς
567 1621 699 1712 φύσεως
720 1628 775 1691 καί
796 1623 855 1711 τήν
877 1624 1061 1712 ταυτότητα
1082 1629 1141 1692 τοῦ
1165 1627 1278 1715 φωτὸς
1297 1625 1344 1712 μὴ
1367 1627 1455 1693 διαι·

230 1729 347 1814 ρῶμεν.
392 1727 491 1792 τοῦτο
519 1723 580 1811 γὰρ
609 1725 697 1793 λ’διον
727 1726 799 1792 υἱοῦ
827 1725 913 1811 πρὸς
940 1732 1085 1812 πατέρα,
1113 1729 1168 1793 καί
1190 1731 1288 1794 τοῦτο
1311 1728 1457 1795 δείκνυσι

230 1827 288 1894 τὸν
314 1826 399 1894 θεὸν
429 1821 566 1914 ἀληθῶς
588 1823 669 1894 ύντα
690 1832 820 1914 πατέρα
841 1830 900 1894 τοῦ
923 1825 1030 1912 λόγου.
1075 1827 1178 1894 πάλιν
1200 1828 1261 1914 γὰρ
1284 1829 1322 1894 τὸ
1345 1829 1456 1915 παρά-

231 1928 348 2014 δειγμα
368 1929 426 1993 τού
450 1927 562 2014 φωτὸς
583 1931 637 1995 καὶ
658 1930 718 1994 τοῦ
741 1921 1002 2014 ἀπαυγάσματος
1018 1921 1194 2013 ἀναγκαῖον
1210 1928 1257 2008 είς
1272 1932 1383 1996 τοῦτο.
1407 1935 1456 2008 τίς

229 2027 388 2113 τολμήσει
409 2028 513 2113 λέγειν
535 2027 574 2094 τὸ
598 2023 802 2114 ἀπαύγασμα
817 2031 909 2109 ξένον
923 2032 977 2095 καὶ
994 2022 1151 2113 ἀνόμοιον
1167 2024 1253 2097 εἶναι
1267 2034 1326 2098 τοῦ
1342 2026 1455 2118 ἡλίου,Ι

229 2123 251 2215 ἢ
272 2133 323 2206 τίς
343 2129 470 2211 μᾶλλον
492 2128 614 2215 ένορῶν
636 2126 741 2209 ούτως
762 2129 800 2196 τὸ
824 2125 1026 2216 ἀπαύγασμα
1048 2129 1134 2216 πρὸς
1148 2129 1206 2197 τὸν
1219 2127 1314 2217 ἥλιον
1328 2134 1384 2197 καὶ
1400 2131 1457 2217 τήν

229 2229 414 2317 ταυτότητα
434 2232 494 2295 τοῦ
518 2228 638 2317 φιοτύς,
662 2225 720 2297 ούκ
742 2225 782 2297 ἀν
805 2232 899 2298 ε’ίποι
919 2229 1109 2316 θαῤῥήσας·
1133 2227 1237 2309 όντως
1257 2229 1296 2296 τὸ
1313 2235 1389 2320 φῶς
1403 2233 1455 2298 καὶ

146 2319 152 2331 ’
229 2329 270 2396 τὸ
292 2326 495 2416 ἀπαύγασμα
517 2331 551 2398 έν
574 2329 648 2410 εἰσι,
671 2333 838 2398 καὶτοῦτο
855 2331 1010 2419 ένέκείνηι
1027 2332 1200 2412 δείκνυται,
1222 2335 1276 2398 καί
1292 2331 1331 2398 τὸ
1347 2327 1458 2399 ἀπαύ-

216 2455 341 2520 γασμα
369 2430 403 2498 ἐν
430 2433 477 2517 τῷ
500 2426 583 2518 ἡλίῳ
605 2431 755 2515 τυγχάνει
779 2431 831 2514 όν,
864 2429 945 2512 ύίςτε
966 2431 1024 2498 τὸν
1047 2427 1176 2518 ὁρῶντα
1197 2435 1296 2500 τούτο
1317 2433 1456 2518 βλέπειν
1476 2465 1484 2500 ι

228 2531 377 2622 κάκεῖνος
410 2530 468 2618 τήν
498 2533 534 2598 δέ
561 2532 715 2619 τοιαύτην
746 2533 883 2622 ἑνότητα
905 2537 957 2600 καλ
982 2533 1123 2622 φυσικὴν
1147 2533 1296 2620 ἰδιότητα
1318 2537 1395 2612 πῶς
1418 2529 1456 2600 ἀν

230 2637 262 2704 ολ
291 2633 505 2712 πιστεύοντες
531 2635 586 2700 καὶ
608 2636 788 2720 βλέποντες
811 2631 924 2724 ὀρθῶς
945 2635 1116 2701 καλέσαιεν
1138 2628 1160 2721 ἢ
1182 2629 1361 2718 όμοσόσισν
1383 2641 1458 2720 γέν-

228 2738 341 2826 νημα,·“
364 2734 409 2826 τὸ,
433 2737 469 2803 δέ
490 2738 549 2803 τοῦ
571 2739 656 2804 θεοῦ
678 2743 820 2826 γέννημα
840 2743 874 2804 τί
895 2734 935 2803 ἀν
957 2759 1009 2815 τις
1030 2735 1159 2814 οἰκείως
1179 2734 1236 2802 καί
1256 2734 1458 2819 πρεπόντως

228 2840 391 2925 νοήσειεν,
414 2832 436 2923 ἢ
457 2837 629 2922 λόγονκαὶ
654 2845 778 2926 σοφίαν
800 2841 855 2904 καί
878 2837 1030 2921 δύναμιν,
1064 2831 1169 2923 ήνπερ
1192 2833 1284 2904 “ούτε
1306 2839 1365 2903 τοῦ
1387 2861 1458 2903 πα-

112 2961 115 2968 ’
228 2939 306 3023 τρὸς
327 2940 431 3022 λέγειν
454 2940 545 3024 ξένην
569 2935 662 3003 ὅσιόν
685 2938 784 3017 ἐστιν,
808 2937 884 3002 ούτε
904 2937 949 3022 μὴ
972 2933 1089 3015 ἀϊδίως
1110 2931 1196 3002 εἶναι
1217 2936 1312 3024 παρὰ
1325 2939 1371 3024 τῷ
1388 2963 1459 3004 πα-

228 3040 280 3123 τρὶ
313 3031 373 3124 κᾷν
406 3036 637 3124 φαντάζεσθαι
664 3042 766 3122 θέμις
794 3035 882 3116 ἐστί,·
915 3035 1021 3122 τούτῳ
1050 3036 1112 3124 γάρ
1141 3041 1188 3124 τῷ
1216 3037 1394 3126 γεννήματι
1416 3038 1458 3104 τὰ

228 3136 341 3204 πάντα
362 3141 543 3223 πεποίηκεν
566 3132 585 3201 ὅ
607 3137 733 3225 πατήρ,
761 3139 815 3203 καί
837 3135 895 3224 τήν
919 3136 966 3214 είς
987 3137 1098 3204 πάντα
1120 3135 1282 3223 πρόνοιαν
1305 3139 1458 3206 ἐκτείνων

230 3232 276 3304 δι’
302 3231 403 3304 αύτοῦ
427 3238 760 3324 φιλανθρωπεύεται·
782 3237 837 3306 καὶ
859 3234 964 3317 ούτως
986 3241 1020 3305 ἐν
1043 3235 1142 3318 αύτός
1162 3242 1217 3305 καί
1242 3235 1259 3304 ό
1282 3238 1392 3326 πατήρ
1411 3240 1458 3306 εί-

230 3360 284 3405 σιν
292 3343 322 3419 “),
348 3333 458 3423 ὥςπερ
481 3339 618 3426 είρηται,
642 3337 671 3406 εί
692 3339 736 3427 μὴ
760 3337 825 3426 ἀρα
847 3341 879 3407 οί
900 3339 1102 3428 κακόφρονες
1115 3339 1338 3428 τολμήσαντες
1351 3339 1458 3406 πόλιν

231 3439 375 3520 ε’ίποιεν,
405 3436 507 3526 ἀλλην
536 3435 621 3506 εἶναι
648 3439 707 3528 τήν
735 3444 794 3508 τοῦ
818 3442 915 3528 λόγου
939 3439 1070 3522 ούσίαν,
1093 3443 1147 3508 καί
1172 3429 1254 3508 ἀλλο
1276 3439 1316 3506 τὸ
1339 3440 1457 3530 έκ.ὗ

229 3539 358 3627 πατρὸς
386 3538 420 3606 έν
448 3535 537 3627 αύτῷ
560 3543 648 3628 φῶς,
677 3537 717 3607 ἵν’
741 3532 762 3630 ᾗ
784 3541 904 3628 τὸμὲν
927 3543 960 3610 ἐν
983 3546 1029 3629 τῷ
1052 3543 1113 3628 υἱῷ
1137 3545 1211 3630 φῶς
1233 3545 1266 3609 ἓν
1289 3541 1376 3634 πρὸς
1396 3541 1457 3608 τὸν

230 3647 373 3727 πατέρα,
403 3635 503 3720 αὐτὸς
524 3642 561 3708 δέ
583 3643 673 3721 ξένος
694 3638 762 3710 κατ’
788 3638 904 3710 ούσίαν
927 3638 972 3722 ὡς
992 3649 1122 3725 κτίσμα.
1168 3638 1254 3710 ἀλλά
1274 3646 1374 3709 τοῦτο
1394 3645 1458 3710 τοῦ

229 3741 371 3830 Καϊάφα
391 3743 445 3807 καί
468 3745 527 3808 τοῦ
549 3747 771 3828 Σαμοσατέως
792 3738 955 3828 ίάτεχνῶς
978 3743 1050 3811 ἐστι
1070 3742 1110 3809 τὸ
1133 3742 1286 3832 φρόνημα
1292 3793 1301 3826 ,
1327 3740 1413 3830 ὅπερ
1437 3739 1457 3828 ἡ

227 3845 288 3929 μέν
311 3842 463 3930 ἐκκλησία
485 3842 649 3927 ἐξέβαλεν,
673 3833 766 3911 οὗτοι
788 3845 825 3912 δέ
847 3849 903 3914 νῦν
925 3841 1174 3931 ἀποκρίνονται,
1208 3846 1337 3913 διὸκαὶ
1360 3840 1458 3912 αύτοί

228 3948 287 4033 τῆς
315 3939 477 4032 ἀληθείας
504 3942 697 4023 ἐκπεσόντες
730 3939 977 4033 ἀπεδείχθησαν
1006 3946 1173 4031 αίρετικοί.
1219 3947 1248 4014 εί
1278 3946 1339 4033 γὰρ
1370 3943 1458 4024 ὅλως

228 4051 357 4129 μετέχει
377 4048 436 4112 τοῦ
459 4045 493 4112 ἐκ
514 4047 572 4111 τού
595 4045 723 4130 πατρὸς
745 4047 865 4134 φωτός,
890 4049 980 4113 διατί
1000 4045 1044 4132 μὴ
1066 4048 1192 4130 μᾶλλον
1214 4043 1314 4126 αύτύς
1329 4045 1402 4114 έστι
1415 4045 1456 4112 τὸ

228 4145 458 4230 μετεχύμενον,
487 4147 543 4214 ἵνα
569 4145 615 4233 μὴ
636 4151 738 4231 μέσον
760 4143 860 4213 αὐτοῦ
883 4149 991 4212 τεκαὶ
1013 4149 1073 4214 τοῦ
1095 4145 1222 4233 πατρὸς
1246 4143 1458 4234 εὖρίσκηταις

230 4246 260 4312 εί
281 4245 341 4332 γὰρ
362 4247 407 4334 μὴ
430 4245 537 4328 οὕτως
558 4248 656 4329 έστίν,
682 4242 790 4314 ούκέτι
813 4249 977 4318 δείκνυται
999 4247 1056 4314 διὰ
1078 4251 1136 4314 τοῦ
1159 4248 1232 4314 υίού
1254 4251 1459 4334 γεγενῆσθαι

229 4345 271 4413 τὰ
297 4345 426 4428 πάντα,
461 4345 545 4416 ἀλλὰ
566 4344 614 4417 δι’
640 4347 779 4430 ἐκείνου,
809 4338 849 4415 οὗ
867 4351 923 4416 καλ
946 4345 1045 4428 αύτὸς
1065 4353 1202 4436 μετέχει.
1248 4347 1277 4416 εί
1300 4349 1337 4416 δέ
1358 4337 1459 4426 οὗτός

299 4570 323 4632 1)
342 4569 408 4623 Ῑοειι.
429 4571 469 4632 1⁰,
487 4571 528 4621 ³⁰.
