<?xml version="1.0" encoding="UTF-8"?>
<!DOCTYPE html PUBLIC "-//W3C//DTD XHTML 1.0 Transitional//EN"
    "http://www.w3.org/TR/xhtml1/DTD/xhtml1-transitional.dtd">
<html xmlns="http://www.w3.org/1999/xhtml" xml:lang="en" lang="en">
 <head>
  <title>
</title>
<meta http-equiv="Content-Type" content="text/html;charset=utf-8" />
  <meta name='ocr-system' content='tesseract 3.04.00' />
  <meta name='ocr-capabilities' content='ocr_page ocr_carea ocr_par ocr_line ocrx_word'/>
</head>
<body>
  <div class='ocr_page' id='page_1' title='image "./sanctiathanasii01athagoog_0044.png"; bbox 0 0 3110 5064; ppageno 0'>
   <div class='ocr_carea' id='block_1_1' title="bbox 618 347 1308 411">
    <p class='ocr_par' dir='ltr' id='par_1_1' title="bbox 618 347 1308 411">
     <span class='ocr_line' id='line_1_1' title="bbox 618 347 1308 411; baseline 0.007 -5"><span class='ocrx_word' id='word_1_1' title='bbox 618 361 790 407; x_wconf 74' lang='lat' dir='ltr'><strong>insertato.</strong></span> <span class='ocrx_word' id='word_1_2' title='bbox 1268 347 1308 411; x_wconf 80' lang='grc'><strong>39</strong></span> 
     </span>
    </p>
   </div>
   <div class='ocr_carea' id='block_1_2' title="bbox 115 510 1353 1808">
    <p class='ocr_par' dir='ltr' id='par_1_2' title="bbox 119 510 1309 1408">
     <span class='ocr_line' id='line_1_2' title="bbox 119 510 1309 593; baseline 0.003 -21"><span class='ocrx_word' id='word_1_3' title='bbox 119 510 194 572; x_wconf 81' lang='lat' dir='ltr'><strong>ttulit</strong></span> <span class='ocrx_word' id='word_1_4' title='bbox 212 511 421 591; x_wconf 73' lang='lat' dir='ltr'><strong>disputationis</strong></span> <span class='ocrx_word' id='word_1_5' title='bbox 443 511 499 574; x_wconf 91' lang='lat' dir='ltr'><strong>bac</strong></span> <span class='ocrx_word' id='word_1_6' title='bbox 519 514 632 576; x_wconf 87' lang='lat' dir='ltr'><strong>ratione</strong></span> <span class='ocrx_word' id='word_1_7' title='bbox 654 513 890 593; x_wconf 87' lang='lat' dir='ltr'><strong>dmplilioandae,</strong></span> <span class='ocrx_word' id='word_1_8' title='bbox 913 531 1013 575; x_wconf 84' lang='lat' dir='ltr'><strong>uerum</strong></span> <span class='ocrx_word' id='word_1_9' title='bbox 1037 514 1124 575; x_wconf 85' lang='lat' dir='ltr'><strong>etiam</strong></span> <span class='ocrx_word' id='word_1_10' title='bbox 1147 514 1309 576; x_wconf 87' lang='lat' dir='ltr'><strong>necessita-</strong></span> 
     </span>
     <span class='ocr_line' id='line_1_3' title="bbox 120 612 1308 694; baseline 0.003 -20"><span class='ocrx_word' id='word_1_11' title='bbox 120 621 162 674; x_wconf 89' lang='lat' dir='ltr'><strong>len</strong></span> <span class='ocrx_word' id='word_1_12' title='bbox 180 612 326 692; x_wconf 86' lang='lat' dir='ltr'><strong>imposuit</strong></span> <span class='ocrx_word' id='word_1_13' title='bbox 371 613 496 676; x_wconf 87' lang='lat' dir='ltr'><strong>Constat</strong></span> <span class='ocrx_word' id='word_1_14' title='bbox 517 614 595 676; x_wconf 84' lang='lat' dir='ltr'><strong>enim</strong></span> <span class='ocrx_word' id='word_1_15' title='bbox 618 615 783 678; x_wconf 83' lang='lat' dir='ltr'><strong>haereticos</strong></span> <span class='ocrx_word' id='word_1_16' title='bbox 799 614 876 687; x_wconf 89' lang='lat' dir='ltr'><strong>illos,</strong></span> <span class='ocrx_word' id='word_1_17' title='bbox 899 615 1024 676; x_wconf 80' lang='lat' dir='ltr'><strong>maxime</strong></span> <span class='ocrx_word' id='word_1_18' title='bbox 1038 615 1176 689; x_wconf 78' lang='lat' dir='ltr'><strong>brianus,</strong></span> <span class='ocrx_word' id='word_1_19' title='bbox 1192 625 1308 694; x_wconf 86' lang='lat' dir='ltr'><strong>praeter</strong></span> 
     </span>
     <span class='ocr_line' id='line_1_4' title="bbox 121 715 1308 796; baseline 0.002 -20"><span class='ocrx_word' id='word_1_20' title='bbox 121 733 213 776; x_wconf 80' lang='lat' dir='ltr'><strong>errores</strong></span> <span class='ocrx_word' id='word_1_21' title='bbox 240 715 416 796; x_wconf 89' lang='lat' dir='ltr'><strong>primarios,</strong></span> <span class='ocrx_word' id='word_1_22' title='bbox 445 715 481 777; x_wconf 92' lang='lat' dir='ltr'><strong>de</strong></span> <span class='ocrx_word' id='word_1_23' title='bbox 504 715 610 794; x_wconf 89' lang='lat' dir='ltr'><strong>quibus</strong></span> <span class='ocrx_word' id='word_1_24' title='bbox 633 715 837 778; x_wconf 83' lang='lat' dir='ltr'><strong>controuersia</strong></span> <span class='ocrx_word' id='word_1_25' title='bbox 858 726 961 778; x_wconf 85' lang='lat' dir='ltr'><strong>exorta</strong></span> <span class='ocrx_word' id='word_1_26' title='bbox 982 725 1079 791; x_wconf 86' lang='lat' dir='ltr'><strong>esset,</strong></span> <span class='ocrx_word' id='word_1_27' title='bbox 1108 715 1179 778; x_wconf 93' lang='lat' dir='ltr'><strong>alias</strong></span> <span class='ocrx_word' id='word_1_28' title='bbox 1201 727 1308 796; x_wconf 86' lang='lat' dir='ltr'><strong>protu-</strong></span> 
     </span>
     <span class='ocr_line' id='line_1_5' title="bbox 119 815 1306 897; baseline 0.002 -19"><span class='ocrx_word' id='word_1_29' title='bbox 119 817 172 879; x_wconf 80' lang='lat' dir='ltr'><strong>hsse</strong></span> <span class='ocrx_word' id='word_1_30' title='bbox 190 816 233 877; x_wconf 84' lang='lat' dir='ltr'><strong>vel</strong></span> <span class='ocrx_word' id='word_1_31' title='bbox 254 825 334 878; x_wconf 87' lang='lat' dir='ltr'><strong>certo</strong></span> <span class='ocrx_word' id='word_1_32' title='bbox 356 817 464 879; x_wconf 80' lang='lat' dir='ltr'><strong>lusisse</strong></span> <span class='ocrx_word' id='word_1_33' title='bbox 486 817 643 897; x_wconf 80' lang='lat' dir='ltr'><strong>opiniones</strong></span> <span class='ocrx_word' id='word_1_34' title='bbox 666 817 850 897; x_wconf 86' lang='lat' dir='ltr'><strong>lalsas,quao</strong></span> <span class='ocrx_word' id='word_1_35' title='bbox 872 815 917 878; x_wconf 86' lang='lat' dir='ltr'><strong>rel</strong></span> <span class='ocrx_word' id='word_1_36' title='bbox 940 817 1110 896; x_wconf 77' lang='lat' dir='ltr'><strong>genuissent</strong></span> <span class='ocrx_word' id='word_1_37' title='bbox 1131 818 1198 879; x_wconf 89' lang='lat' dir='ltr'><strong>illos</strong></span> <span class='ocrx_word' id='word_1_38' title='bbox 1221 835 1306 880; x_wconf 89' lang='lat' dir='ltr'><strong>erro·</strong></span> 
     </span>
     <span class='ocr_line' id='line_1_6' title="bbox 120 917 1309 1000; baseline -0.001 -19"><span class='ocrx_word' id='word_1_39' title='bbox 120 938 155 981; x_wconf 84' lang='lat' dir='ltr'><strong>ns</strong></span> <span class='ocrx_word' id='word_1_40' title='bbox 179 918 221 980; x_wconf 80' lang='lat' dir='ltr'><strong>sel</strong></span> <span class='ocrx_word' id='word_1_41' title='bbox 252 937 288 981; x_wconf 86' lang='lat' dir='ltr'><strong>ex</strong></span> <span class='ocrx_word' id='word_1_42' title='bbox 316 917 424 980; x_wconf 90' lang='lat' dir='ltr'><strong>iisdem</strong></span> <span class='ocrx_word' id='word_1_43' title='bbox 451 926 535 980; x_wconf 72' lang='lat' dir='ltr'><strong>name</strong></span> <span class='ocrx_word' id='word_1_44' title='bbox 563 927 678 981; x_wconf 84' lang='lat' dir='ltr'><strong>essent:</strong></span> <span class='ocrx_word' id='word_1_45' title='bbox 715 920 744 980; x_wconf 92' lang='lat' dir='ltr'><strong>id</strong></span> <span class='ocrx_word' id='word_1_46' title='bbox 772 917 851 1000; x_wconf 87' lang='lat' dir='ltr'><strong>quod</strong></span> <span class='ocrx_word' id='word_1_47' title='bbox 875 917 980 1000; x_wconf 82' lang='lat' dir='ltr'><strong>mirum</strong></span> <span class='ocrx_word' id='word_1_48' title='bbox 1003 918 1093 979; x_wconf 81' lang='lat' dir='ltr'><strong>rideri</strong></span> <span class='ocrx_word' id='word_1_49' title='bbox 1116 937 1175 980; x_wconf 93' lang='lat' dir='ltr'><strong>non</strong></span> <span class='ocrx_word' id='word_1_50' title='bbox 1197 927 1309 999; x_wconf 88' lang='lat' dir='ltr'><strong>potest,</strong></span> 
     </span>
     <span class='ocr_line' id='line_1_7' title="bbox 123 1018 1307 1102; baseline 0.001 -20"><span class='ocrx_word' id='word_1_51' title='bbox 123 1039 188 1102; x_wconf 79' lang='lat' dir='ltr'><strong>pun</strong></span> <span class='ocrx_word' id='word_1_52' title='bbox 213 1021 349 1099; x_wconf 89' lang='lat' dir='ltr'><strong>dogmata</strong></span> <span class='ocrx_word' id='word_1_53' title='bbox 376 1020 431 1083; x_wconf 90' lang='lat' dir='ltr'><strong>alia</strong></span> <span class='ocrx_word' id='word_1_54' title='bbox 459 1037 495 1082; x_wconf 84' lang='lat' dir='ltr'><strong>ox</strong></span> <span class='ocrx_word' id='word_1_55' title='bbox 524 1019 589 1082; x_wconf 86' lang='lat' dir='ltr'><strong>aliis</strong></span> <span class='ocrx_word' id='word_1_56' title='bbox 610 1028 678 1100; x_wconf 92' lang='lat' dir='ltr'><strong>apta</strong></span> <span class='ocrx_word' id='word_1_57' title='bbox 701 1029 730 1082; x_wconf 90' lang='lat' dir='ltr'><strong>et</strong></span> <span class='ocrx_word' id='word_1_58' title='bbox 751 1039 825 1082; x_wconf 84' lang='lat' dir='ltr'><strong>nexa</strong></span> <span class='ocrx_word' id='word_1_59' title='bbox 847 1018 908 1081; x_wconf 89' lang='lat' dir='ltr'><strong>siut</strong></span> <span class='ocrx_word' id='word_1_60' title='bbox 929 1027 959 1080; x_wconf 89' lang='lat' dir='ltr'><strong>et</strong></span> <span class='ocrx_word' id='word_1_61' title='bbox 980 1018 1024 1080; x_wconf 92' lang='lat' dir='ltr'><strong>sic</strong></span> <span class='ocrx_word' id='word_1_62' title='bbox 1046 1019 1121 1081; x_wconf 88' lang='lat' dir='ltr'><strong>inter</strong></span> <span class='ocrx_word' id='word_1_63' title='bbox 1144 1039 1177 1082; x_wconf 87' lang='lat' dir='ltr'><strong>se</strong></span> <span class='ocrx_word' id='word_1_64' title='bbox 1199 1021 1307 1082; x_wconf 89' lang='lat' dir='ltr'><strong>cohae-</strong></span> 
     </span>
     <span class='ocr_line' id='line_1_8' title="bbox 122 1118 1307 1216; baseline -0.002 -32"><span class='ocrx_word' id='word_1_65' title='bbox 122 1123 190 1184; x_wconf 85' lang='lat' dir='ltr'><strong>rentia</strong></span> <span class='ocrx_word' id='word_1_66' title='bbox 216 1140 308 1216; x_wconf 82' lang='lat' dir='ltr'><strong>unum</strong></span> <span class='ocrx_word' id='word_1_67' title='bbox 336 1121 424 1184; x_wconf 87' lang='lat' dir='ltr'><strong>ueluti</strong></span> <span class='ocrx_word' id='word_1_68' title='bbox 444 1140 553 1201; x_wconf 90' lang='lat' dir='ltr'><strong>corpus</strong></span> <span class='ocrx_word' id='word_1_69' title='bbox 576 1121 717 1196; x_wconf 85' lang='lat' dir='ltr'><strong>alliciant,</strong></span> <span class='ocrx_word' id='word_1_70' title='bbox 746 1119 849 1201; x_wconf 86' lang='lat' dir='ltr'><strong>utqui</strong></span> <span class='ocrx_word' id='word_1_71' title='bbox 872 1121 910 1182; x_wconf 89' lang='lat' dir='ltr'><strong>de</strong></span> <span class='ocrx_word' id='word_1_72' title='bbox 933 1138 992 1181; x_wconf 90' lang='lat' dir='ltr'><strong>uno</strong></span> <span class='ocrx_word' id='word_1_73' title='bbox 1014 1118 1111 1198; x_wconf 90' lang='lat' dir='ltr'><strong>aliquo</strong></span> <span class='ocrx_word' id='word_1_74' title='bbox 1134 1121 1307 1199; x_wconf 87' lang='lat' dir='ltr'><strong>praesertim</strong></span> 
     </span>
     <span class='ocr_line' id='line_1_9' title="bbox 121 1221 1308 1304; baseline -0.002 -18"><span class='ocrx_word' id='word_1_75' title='bbox 121 1223 246 1304; x_wconf 87' lang='lat' dir='ltr'><strong>principali</strong></span> <span class='ocrx_word' id='word_1_76' title='bbox 270 1241 331 1284; x_wconf 91' lang='lat' dir='ltr'><strong>non</strong></span> <span class='ocrx_word' id='word_1_77' title='bbox 353 1233 432 1286; x_wconf 88' lang='lat' dir='ltr'><strong>recte</strong></span> <span class='ocrx_word' id='word_1_78' title='bbox 454 1223 572 1296; x_wconf 89' lang='lat' dir='ltr'><strong>sentiat,</strong></span> <span class='ocrx_word' id='word_1_79' title='bbox 596 1224 622 1286; x_wconf 88' lang='lat' dir='ltr'><strong>is</strong></span> <span class='ocrx_word' id='word_1_80' title='bbox 638 1221 807 1284; x_wconf 85' lang='lat' dir='ltr'><strong>necessario</strong></span> <span class='ocrx_word' id='word_1_81' title='bbox 819 1221 953 1301; x_wconf 91' lang='lat' dir='ltr'><strong>pluribus</strong></span> <span class='ocrx_word' id='word_1_82' title='bbox 969 1221 1134 1300; x_wconf 88' lang='lat' dir='ltr'><strong>implicetur</strong></span> <span class='ocrx_word' id='word_1_83' title='bbox 1148 1221 1308 1284; x_wconf 86' lang='lat' dir='ltr'><strong>erroribus.</strong></span> 
     </span>
     <span class='ocr_line' id='line_1_10' title="bbox 120 1322 1307 1408; baseline -0.003 -20"><span class='ocrx_word' id='word_1_84' title='bbox 120 1327 218 1388; x_wconf 83' lang='lat' dir='ltr'><strong>lrbuos</strong></span> <span class='ocrx_word' id='word_1_85' title='bbox 239 1343 310 1387; x_wconf 81' lang='lat' dir='ltr'><strong>sero</strong></span> <span class='ocrx_word' id='word_1_86' title='bbox 333 1343 393 1386; x_wconf 93' lang='lat' dir='ltr'><strong>uon</strong></span> <span class='ocrx_word' id='word_1_87' title='bbox 415 1332 528 1386; x_wconf 88' lang='lat' dir='ltr'><strong>tantum</strong></span> <span class='ocrx_word' id='word_1_88' title='bbox 550 1325 587 1388; x_wconf 93' lang='lat' dir='ltr'><strong>de</strong></span> <span class='ocrx_word' id='word_1_89' title='bbox 609 1325 732 1405; x_wconf 87' lang='lat' dir='ltr'><strong>singulis</strong></span> <span class='ocrx_word' id='word_1_90' title='bbox 754 1322 927 1402; x_wconf 74' lang='lat' dir='ltr'><strong>ostibusdam</strong></span> <span class='ocrx_word' id='word_1_91' title='bbox 950 1323 1136 1408; x_wconf 77' lang='lat' dir='ltr'><strong>dogmatibus</strong></span> <span class='ocrx_word' id='word_1_92' title='bbox 1152 1343 1168 1384; x_wconf 92' lang='lat' dir='ltr'><strong>a</strong></span> <span class='ocrx_word' id='word_1_93' title='bbox 1184 1324 1307 1385; x_wconf 88' lang='lat' dir='ltr'><strong>catholi-</strong></span> 
     </span>
    </p>

    <p class='ocr_par' dir='ltr' id='par_1_3' title="bbox 115 1409 1353 1808">
     <span class='ocr_line' id='line_1_11' title="bbox 117 1409 1353 1506; baseline -0.002 -18"><span class='ocrx_word' id='word_1_94' title='bbox 117 1430 147 1488; x_wconf 84' lang='lat' dir='ltr'><strong>cis</strong></span> <span class='ocrx_word' id='word_1_95' title='bbox 163 1427 351 1498; x_wconf 83' lang='lat' dir='ltr'><strong>dissensisse,</strong></span> <span class='ocrx_word' id='word_1_96' title='bbox 373 1409 534 1488; x_wconf 87' lang='lat' dir='ltr'><strong>sedaliam</strong></span> <span class='ocrx_word' id='word_1_97' title='bbox 556 1445 681 1506; x_wconf 86' lang='lat' dir='ltr'><strong>prorsus</strong></span> <span class='ocrx_word' id='word_1_98' title='bbox 703 1425 856 1505; x_wconf 87' lang='lat' dir='ltr'><strong>religionis</strong></span> <span class='ocrx_word' id='word_1_99' title='bbox 872 1425 1048 1486; x_wconf 88' lang='lat' dir='ltr'><strong>christianae</strong></span> <span class='ocrx_word' id='word_1_100' title='bbox 1063 1425 1192 1502; x_wconf 88' lang='lat' dir='ltr'><strong>speciem</strong></span> <span class='ocrx_word' id='word_1_101' title='bbox 1208 1431 1308 1486; x_wconf 86' lang='lat' dir='ltr'><strong>mente</strong></span> <span class='ocrx_word' id='word_1_102' title='bbox 1351 1411 1353 1418; x_wconf 63' lang='grc'><em>’</em></span> 
     </span>
     <span class='ocr_line' id='line_1_12' title="bbox 115 1526 1307 1601; baseline -0.003 -11"><span class='ocrx_word' id='word_1_103' title='bbox 115 1529 279 1590; x_wconf 74' lang='lat' dir='ltr'><strong>informatam</strong></span> <span class='ocrx_word' id='word_1_104' title='bbox 302 1528 451 1601; x_wconf 88' lang='lat' dir='ltr'><strong>babuisse,</strong></span> <span class='ocrx_word' id='word_1_105' title='bbox 473 1537 557 1589; x_wconf 88' lang='lat' dir='ltr'><strong>acute</strong></span> <span class='ocrx_word' id='word_1_106' title='bbox 579 1535 609 1588; x_wconf 91' lang='lat' dir='ltr'><strong>et</strong></span> <span class='ocrx_word' id='word_1_107' title='bbox 630 1526 778 1590; x_wconf 81' lang='lat' dir='ltr'><strong>subtiliter</strong></span> <span class='ocrx_word' id='word_1_108' title='bbox 799 1526 1032 1588; x_wconf 87' lang='lat' dir='ltr'><strong>demonstratum</strong></span> <span class='ocrx_word' id='word_1_109' title='bbox 1056 1535 1103 1588; x_wconf 88' lang='lat' dir='ltr'><strong>est</strong></span> <span class='ocrx_word' id='word_1_110' title='bbox 1123 1527 1307 1588; x_wconf 89' lang='lat' dir='ltr'><strong>ahloehlaro</strong></span> 
     </span>
     <span class='ocr_line' id='line_1_13' title="bbox 116 1627 1310 1712; baseline -0.003 -21"><span class='ocrx_word' id='word_1_111' title='bbox 116 1631 157 1692; x_wconf 88' lang='lat' dir='ltr'><strong>ll.</strong></span> <span class='ocrx_word' id='word_1_112' title='bbox 174 1631 234 1692; x_wconf 88' lang='lat' dir='ltr'><strong>l&#39;ol.</strong></span> <span class='ocrx_word' id='word_1_113' title='bbox 249 1631 273 1691; x_wconf 93' lang='lat' dir='ltr'><strong>l.</strong></span> <span class='ocrx_word' id='word_1_114' title='bbox 297 1647 325 1709; x_wconf 94' lang='lat' dir='ltr'><strong>p.</strong></span> <span class='ocrx_word' id='word_1_115' title='bbox 345 1632 402 1695; x_wconf 86' lang='grc'><strong>195</strong></span> <span class='ocrx_word' id='word_1_116' title='bbox 420 1649 464 1708; x_wconf 88' lang='lat' dir='ltr'><strong>sq.</strong></span> <span class='ocrx_word' id='word_1_117' title='bbox 488 1639 518 1692; x_wconf 89' lang='lat' dir='ltr'><strong>et</strong></span> <span class='ocrx_word' id='word_1_118' title='bbox 538 1649 554 1690; x_wconf 91' lang='lat' dir='ltr'><strong>a</strong></span> <span class='ocrx_word' id='word_1_119' title='bbox 576 1628 683 1690; x_wconf 90' lang='lat' dir='ltr'><strong>Baurio</strong></span> <span class='ocrx_word' id='word_1_120' title='bbox 705 1629 736 1691; x_wconf 91' lang='lat' dir='ltr'><strong>iu</strong></span> <span class='ocrx_word' id='word_1_121' title='bbox 750 1628 880 1690; x_wconf 79' lang='lat' dir='ltr'><strong>Historia</strong></span> <span class='ocrx_word' id='word_1_122' title='bbox 902 1627 1047 1706; x_wconf 81' lang='lat' dir='ltr'><strong>dogmatis</strong></span> <span class='ocrx_word' id='word_1_123' title='bbox 1069 1628 1105 1688; x_wconf 89' lang='lat' dir='ltr'><strong>de</strong></span> <span class='ocrx_word' id='word_1_124' title='bbox 1128 1627 1257 1689; x_wconf 84' lang='lat' dir='ltr'><strong>trinitate</strong></span> <span class='ocrx_word' id='word_1_125' title='bbox 1274 1635 1310 1712; x_wconf 52' lang='lat' dir='ltr'><strong>⁸ot</strong></span> 
     </span>
     <span class='ocr_line' id='line_1_14' title="bbox 115 1728 1309 1808; baseline 0 -16"><span class='ocrx_word' id='word_1_126' title='bbox 115 1732 294 1794; x_wconf 71' lang='lat' dir='ltr'><strong>insinuatione</strong></span> <span class='ocrx_word' id='word_1_127' title='bbox 322 1730 369 1805; x_wconf 84' lang='lat' dir='ltr'><strong>dei</strong></span> <span class='ocrx_word' id='word_1_128' title='bbox 403 1731 473 1803; x_wconf 81' lang='lat' dir='ltr'><strong>(llic</strong></span> <span class='ocrx_word' id='word_1_129' title='bbox 507 1730 691 1794; x_wconf 72' lang='lat' dir='ltr'><strong>christliche.</strong></span> <span class='ocrx_word' id='word_1_130' title='bbox 708 1731 802 1793; x_wconf 85' lang='lat' dir='ltr'><strong>Lchrc</strong></span> <span class='ocrx_word' id='word_1_131' title='bbox 830 1747 890 1791; x_wconf 85' lang='lat' dir='ltr'><strong>uon</strong></span> <span class='ocrx_word' id='word_1_132' title='bbox 918 1731 972 1792; x_wconf 90' lang='lat' dir='ltr'><strong>dcr</strong></span> <span class='ocrx_word' id='word_1_133' title='bbox 1000 1728 1213 1808; x_wconf 80' lang='lat' dir='ltr'><strong>Dreicc&#39;nigltcit</strong></span> <span class='ocrx_word' id='word_1_134' title='bbox 1245 1730 1309 1792; x_wconf 85' lang='lat' dir='ltr'><strong>und</strong></span> 
     </span>
    </p>
   </div>
   <div class='ocr_carea' id='block_1_3' title="bbox 117 1830 1431 1914">
    <p class='ocr_par' dir='ltr' id='par_1_4' title="bbox 117 1830 1431 1914">
     <span class='ocr_line' id='line_1_15' title="bbox 117 1830 1431 1914; baseline 0 -21"><span class='ocrx_word' id='word_1_135' title='bbox 117 1831 359 1914; x_wconf 75' lang='lat' dir='ltr'><strong>hccschsccrduug</strong></span> <span class='ocrx_word' id='word_1_136' title='bbox 382 1834 483 1895; x_wconf 84' lang='lat' dir='ltr'><strong>Gottcs</strong></span> <span class='ocrx_word' id='word_1_137' title='bbox 514 1836 546 1893; x_wconf 82' lang='lat' dir='ltr'><strong>ia</strong></span> <span class='ocrx_word' id='word_1_138' title='bbox 568 1831 654 1893; x_wconf 85' lang='lat' dir='ltr'><strong>ihrer</strong></span> <span class='ocrx_word' id='word_1_139' title='bbox 674 1831 920 1911; x_wconf 81' lang='lat' dir='ltr'><strong>gescht&#39;chtlc&#39;chcn</strong></span> <span class='ocrx_word' id='word_1_140' title='bbox 942 1830 1177 1908; x_wconf 79' lang='lat' dir='ltr'><strong>Eotwiclcclung)</strong></span> <span class='ocrx_word' id='word_1_141' title='bbox 1200 1830 1263 1892; x_wconf 89' lang='lat' dir='ltr'><strong>Vol.</strong></span> <span class='ocrx_word' id='word_1_142' title='bbox 1285 1830 1309 1892; x_wconf 91' lang='lat' dir='ltr'><strong>l.</strong></span> <span class='ocrx_word' id='word_1_143' title='bbox 1428 1884 1431 1893; x_wconf 95' lang='lat'>.</span> 
     </span>
    </p>
   </div>
   <div class='ocr_carea' id='block_1_4' title="bbox 56 1931 1406 4656">
    <p class='ocr_par' dir='ltr' id='par_1_5' title="bbox 56 1931 1406 4656">
     <span class='ocr_line' id='line_1_16' title="bbox 119 1931 1307 2015; baseline -0.003 -17"><span class='ocrx_word' id='word_1_144' title='bbox 119 1937 202 2012; x_wconf 73' lang='lat' dir='ltr'><strong>pili</strong></span> <span class='ocrx_word' id='word_1_145' title='bbox 215 1955 259 2015; x_wconf 88' lang='lat' dir='ltr'><strong>sq.</strong></span> <span class='ocrx_word' id='word_1_146' title='bbox 305 1933 436 2014; x_wconf 82' lang='lat' dir='ltr'><strong>lienique</strong></span> <span class='ocrx_word' id='word_1_147' title='bbox 457 1931 631 1995; x_wconf 76' lang='lat' dir='ltr'><strong>Athanasius</strong></span> <span class='ocrx_word' id='word_1_148' title='bbox 654 1933 740 1994; x_wconf 90' lang='lat' dir='ltr'><strong>etiam</strong></span> <span class='ocrx_word' id='word_1_149' title='bbox 763 1933 827 1994; x_wconf 88' lang='lat' dir='ltr'><strong>aliis</strong></span> <span class='ocrx_word' id='word_1_150' title='bbox 849 1934 879 1994; x_wconf 91' lang='lat' dir='ltr'><strong>iu</strong></span> <span class='ocrx_word' id='word_1_151' title='bbox 903 1931 1021 2010; x_wconf 87' lang='lat' dir='ltr'><strong>scriptis</strong></span> <span class='ocrx_word' id='word_1_152' title='bbox 1037 1931 1193 2010; x_wconf 85' lang='lat' dir='ltr'><strong>exegeticis</strong></span> <span class='ocrx_word' id='word_1_153' title='bbox 1209 1941 1239 1994; x_wconf 88' lang='lat' dir='ltr'><strong>et</strong></span> <span class='ocrx_word' id='word_1_154' title='bbox 1252 1950 1307 2012; x_wconf 90' lang='lat' dir='ltr'><strong>pa-</strong></span> 
     </span>
     <span class='ocr_line' id='line_1_17' title="bbox 118 2015 1406 2116; baseline -0.001 -21"><span class='ocrx_word' id='word_1_155' title='bbox 118 2037 248 2098; x_wconf 83' lang='lat' dir='ltr'><strong>tacueticis</strong></span> <span class='ocrx_word' id='word_1_156' title='bbox 276 2036 390 2116; x_wconf 88' lang='lat' dir='ltr'><strong>passim</strong></span> <span class='ocrx_word' id='word_1_157' title='bbox 413 2035 559 2097; x_wconf 88' lang='lat' dir='ltr'><strong>derebus</strong></span> <span class='ocrx_word' id='word_1_158' title='bbox 587 2034 622 2096; x_wconf 92' lang='lat' dir='ltr'><strong>ad</strong></span> <span class='ocrx_word' id='word_1_159' title='bbox 646 2035 732 2096; x_wconf 82' lang='lat' dir='ltr'><strong>iidem</strong></span> <span class='ocrx_word' id='word_1_160' title='bbox 755 2033 970 2114; x_wconf 87' lang='lat' dir='ltr'><strong>pertinentibus</strong></span> <span class='ocrx_word' id='word_1_161' title='bbox 992 2032 1148 2111; x_wconf 84' lang='lat' dir='ltr'><strong>disseruit,</strong></span> <span class='ocrx_word' id='word_1_162' title='bbox 1177 2033 1308 2094; x_wconf 88' lang='lat' dir='ltr'><strong>velutin</strong></span> <span class='ocrx_word' id='word_1_163' title='bbox 1404 2015 1406 2028; x_wconf 53' lang='lat'><strong>⁴</strong></span> 
     </span>
     <span class='ocr_line' id='line_1_18' title="bbox 113 2134 1306 2216; baseline -0.002 -20"><span class='ocrx_word' id='word_1_164' title='bbox 113 2134 335 2216; x_wconf 66' lang='lat' dir='ltr'><strong>[inpositionibus</strong></span> <span class='ocrx_word' id='word_1_165' title='bbox 358 2137 389 2198; x_wconf 94' lang='lat' dir='ltr'><strong>in</strong></span> <span class='ocrx_word' id='word_1_166' title='bbox 411 2136 546 2200; x_wconf 88' lang='lat' dir='ltr'><strong>Psalmos</strong></span> <span class='ocrx_word' id='word_1_167' title='bbox 569 2145 599 2198; x_wconf 90' lang='lat' dir='ltr'><strong>et</strong></span> <span class='ocrx_word' id='word_1_168' title='bbox 620 2136 649 2198; x_wconf 92' lang='lat' dir='ltr'><strong>in</strong></span> <span class='ocrx_word' id='word_1_169' title='bbox 672 2134 813 2216; x_wconf 85' lang='lat' dir='ltr'><strong>Epistolis</strong></span> <span class='ocrx_word' id='word_1_170' title='bbox 837 2135 1000 2209; x_wconf 89' lang='lat' dir='ltr'><strong>lestalibus,</strong></span> <span class='ocrx_word' id='word_1_171' title='bbox 1022 2153 1095 2215; x_wconf 90' lang='lat' dir='ltr'><strong>quas</strong></span> <span class='ocrx_word' id='word_1_172' title='bbox 1117 2134 1194 2198; x_wconf 79' lang='lat' dir='ltr'><strong>uuit.</strong></span> <span class='ocrx_word' id='word_1_173' title='bbox 1213 2135 1306 2196; x_wconf 84' lang='lat' dir='ltr'><strong>Cure·</strong></span> 
     </span>
     <span class='ocr_line' id='line_1_19' title="bbox 112 2235 1308 2319; baseline 0.002 -23"><span class='ocrx_word' id='word_1_174' title='bbox 112 2243 156 2297; x_wconf 93' lang='lat' dir='ltr'><strong>tou</strong></span> <span class='ocrx_word' id='word_1_175' title='bbox 176 2259 208 2299; x_wconf 84' lang='lat' dir='ltr'><strong>ex</strong></span> <span class='ocrx_word' id='word_1_176' title='bbox 227 2239 342 2319; x_wconf 78' lang='lat' dir='ltr'><strong>Syriaca</strong></span> <span class='ocrx_word' id='word_1_177' title='bbox 370 2239 508 2302; x_wconf 81' lang='lat' dir='ltr'><strong>versione</strong></span> <span class='ocrx_word' id='word_1_178' title='bbox 529 2238 656 2300; x_wconf 88' lang='lat' dir='ltr'><strong>Londinl</strong></span> <span class='ocrx_word' id='word_1_179' title='bbox 678 2257 704 2300; x_wconf 92' lang='lat' dir='ltr'><strong>a.</strong></span> <span class='ocrx_word' id='word_1_180' title='bbox 723 2239 813 2302; x_wconf 76' lang='lat'>1848.</span> <span class='ocrx_word' id='word_1_181' title='bbox 842 2237 968 2316; x_wconf 78' lang='lat' dir='ltr'><strong>priimum</strong></span> <span class='ocrx_word' id='word_1_182' title='bbox 997 2235 1088 2298; x_wconf 91' lang='lat' dir='ltr'><strong>edidit</strong></span> <span class='ocrx_word' id='word_1_183' title='bbox 1109 2245 1138 2298; x_wconf 91' lang='lat' dir='ltr'><strong>et</strong></span> <span class='ocrx_word' id='word_1_184' title='bbox 1161 2253 1254 2314; x_wconf 89' lang='lat' dir='ltr'><strong>nuper</strong></span> <span class='ocrx_word' id='word_1_185' title='bbox 1275 2235 1308 2298; x_wconf 85' lang='lat' dir='ltr'><strong>F.</strong></span> 
     </span>
     <span class='ocr_line' id='line_1_20' title="bbox 110 2336 1358 2419; baseline -0.001 -22"><span class='ocrx_word' id='word_1_186' title='bbox 110 2336 252 2402; x_wconf 78' lang='lat' dir='ltr'><strong>busacius</strong></span> <span class='ocrx_word' id='word_1_187' title='bbox 285 2339 314 2401; x_wconf 89' lang='lat' dir='ltr'><strong>io</strong></span> <span class='ocrx_word' id='word_1_188' title='bbox 344 2340 546 2402; x_wconf 86' lang='lat' dir='ltr'><strong>Germanicam</strong></span> <span class='ocrx_word' id='word_1_189' title='bbox 574 2339 702 2419; x_wconf 88' lang='lat' dir='ltr'><strong>linguam</strong></span> <span class='ocrx_word' id='word_1_190' title='bbox 726 2339 880 2402; x_wconf 89' lang='lat' dir='ltr'><strong>translatas</strong></span> <span class='ocrx_word' id='word_1_191' title='bbox 906 2336 1148 2418; x_wconf 64' lang='lat' dir='ltr'><strong>Lips.a‘.1852.</strong></span> <span class='ocrx_word' id='word_1_192' title='bbox 1173 2337 1307 2415; x_wconf 85' lang='lat' dir='ltr'><strong>vulgavit.</strong></span> <span class='ocrx_word' id='word_1_193' title='bbox 1355 2391 1358 2396; x_wconf 80' lang='grc'>,</span> 
     </span>
     <span class='ocr_line' id='line_1_21' title="bbox 108 2436 1308 2524; baseline 0.002 -26"><span class='ocrx_word' id='word_1_194' title='bbox 108 2436 158 2499; x_wconf 86' lang='lat' dir='ltr'><strong>liis</strong></span> <span class='ocrx_word' id='word_1_195' title='bbox 185 2442 264 2520; x_wconf 85' lang='lat' dir='ltr'><strong>igitur</strong></span> <span class='ocrx_word' id='word_1_196' title='bbox 286 2444 317 2504; x_wconf 92' lang='lat' dir='ltr'><strong>in</strong></span> <span class='ocrx_word' id='word_1_197' title='bbox 339 2442 458 2524; x_wconf 89' lang='lat' dir='ltr'><strong>scriptis</strong></span> <span class='ocrx_word' id='word_1_198' title='bbox 478 2441 629 2504; x_wconf 75' lang='lat' dir='ltr'><strong>Athanasii</strong></span> <span class='ocrx_word' id='word_1_199' title='bbox 652 2441 788 2520; x_wconf 87' lang='lat' dir='ltr'><strong>genuinis</strong></span> <span class='ocrx_word' id='word_1_200' title='bbox 812 2441 994 2513; x_wconf 82' lang='lat' dir='ltr'><strong>universam,</strong></span> <span class='ocrx_word' id='word_1_201' title='bbox 1023 2457 1109 2519; x_wconf 88' lang='lat' dir='ltr'><strong>quam</strong></span> <span class='ocrx_word' id='word_1_202' title='bbox 1132 2439 1308 2518; x_wconf 86' lang='lat' dir='ltr'><strong>cogitatione</strong></span> 
     </span>
     <span class='ocr_line' id='line_1_22' title="bbox 109 2539 1308 2621; baseline 0.003 -23"><span class='ocrx_word' id='word_1_203' title='bbox 109 2541 265 2621; x_wconf 86' lang='lat' dir='ltr'><strong>complexus</strong></span> <span class='ocrx_word' id='word_1_204' title='bbox 288 2553 369 2616; x_wconf 85' lang='lat' dir='ltr'><strong>erut,</strong></span> <span class='ocrx_word' id='word_1_205' title='bbox 392 2543 542 2606; x_wconf 89' lang='lat' dir='ltr'><strong>doctrinae</strong></span> <span class='ocrx_word' id='word_1_206' title='bbox 564 2542 740 2604; x_wconf 89' lang='lat' dir='ltr'><strong>christianae</strong></span> <span class='ocrx_word' id='word_1_207' title='bbox 762 2541 886 2603; x_wconf 80' lang='lat' dir='ltr'><strong>formam</strong></span> <span class='ocrx_word' id='word_1_208' title='bbox 908 2552 936 2602; x_wconf 89' lang='lat' dir='ltr'><strong>et</strong></span> <span class='ocrx_word' id='word_1_209' title='bbox 958 2541 1102 2602; x_wconf 87' lang='lat' dir='ltr'><strong>rationem</strong></span> <span class='ocrx_word' id='word_1_210' title='bbox 1124 2540 1163 2601; x_wconf 91' lang='lat' dir='ltr'><strong>ita</strong></span> <span class='ocrx_word' id='word_1_211' title='bbox 1187 2539 1308 2618; x_wconf 88' lang='lat' dir='ltr'><strong>exposi-</strong></span> 
     </span>
     <span class='ocr_line' id='line_1_23' title="bbox 110 2642 1307 2720; baseline 0 -18"><span class='ocrx_word' id='word_1_212' title='bbox 110 2647 165 2702; x_wconf 79' lang='lat' dir='ltr'><strong>tam</strong></span> <span class='ocrx_word' id='word_1_213' title='bbox 185 2644 329 2717; x_wconf 79' lang='lat' dir='ltr'><strong>babemus,</strong></span> <span class='ocrx_word' id='word_1_214' title='bbox 351 2655 382 2708; x_wconf 95' lang='lat' dir='ltr'><strong>ut</strong></span> <span class='ocrx_word' id='word_1_215' title='bbox 403 2643 584 2707; x_wconf 86' lang='lat' dir='ltr'><strong>descientia</strong></span> <span class='ocrx_word' id='word_1_216' title='bbox 607 2643 769 2720; x_wconf 88' lang='lat' dir='ltr'><strong>theologica</strong></span> <span class='ocrx_word' id='word_1_217' title='bbox 791 2651 821 2704; x_wconf 88' lang='lat' dir='ltr'><strong>et</strong></span> <span class='ocrx_word' id='word_1_218' title='bbox 841 2642 947 2704; x_wconf 86' lang='lat' dir='ltr'><strong>studiis</strong></span> <span class='ocrx_word' id='word_1_219' title='bbox 969 2642 1159 2720; x_wconf 87' lang='lat' dir='ltr'><strong>dogmaticis,</strong></span> <span class='ocrx_word' id='word_1_220' title='bbox 1182 2660 1216 2701; x_wconf 84' lang='lat' dir='ltr'><strong>rx</strong></span> <span class='ocrx_word' id='word_1_221' title='bbox 1239 2642 1307 2719; x_wconf 86' lang='lat' dir='ltr'><strong>qui-</strong></span> 
     </span>
     <span class='ocr_line' id='line_1_24' title="bbox 114 2737 1309 2825; baseline -0.004 -16"><span class='ocrx_word' id='word_1_222' title='bbox 114 2737 168 2801; x_wconf 72' lang='lat' dir='ltr'><strong>bus</strong></span> <span class='ocrx_word' id='word_1_223' title='bbox 186 2759 290 2823; x_wconf 79' lang='lat' dir='ltr'><strong>puram</strong></span> <span class='ocrx_word' id='word_1_224' title='bbox 305 2748 466 2810; x_wconf 78' lang='lat' dir='ltr'><strong>hodiernus</strong></span> <span class='ocrx_word' id='word_1_225' title='bbox 481 2745 646 2825; x_wconf 82' lang='lat' dir='ltr'><strong>theologice</strong></span> <span class='ocrx_word' id='word_1_226' title='bbox 664 2742 694 2804; x_wconf 92' lang='lat' dir='ltr'><strong>b.</strong></span> <span class='ocrx_word' id='word_1_227' title='bbox 711 2763 738 2804; x_wconf 92' lang='lat' dir='ltr'><strong>e.</strong></span> <span class='ocrx_word' id='word_1_228' title='bbox 759 2752 911 2823; x_wconf 89' lang='lat' dir='ltr'><strong>parentem</strong></span> <span class='ocrx_word' id='word_1_229' title='bbox 933 2761 967 2804; x_wconf 92' lang='lat' dir='ltr'><strong>ac</strong></span> <span class='ocrx_word' id='word_1_230' title='bbox 987 2751 1128 2804; x_wconf 87' lang='lat' dir='ltr'><strong>statorem</strong></span> <span class='ocrx_word' id='word_1_231' title='bbox 1143 2742 1309 2820; x_wconf 85' lang='lat' dir='ltr'><strong>theologiae</strong></span> 
     </span>
     <span class='ocr_line' id='line_1_25' title="bbox 112 2841 1308 2928; baseline -0.005 -18"><span class='ocrx_word' id='word_1_232' title='bbox 112 2841 309 2911; x_wconf 66' lang='lat' dir='ltr'><strong>eudemum</strong></span> <span class='ocrx_word' id='word_1_233' title='bbox 329 2847 450 2928; x_wconf 84' lang='lat' dir='ltr'><strong>agnosci</strong></span> <span class='ocrx_word' id='word_1_234' title='bbox 472 2845 619 2917; x_wconf 79' lang='lat' dir='ltr'><strong>uolumus,</strong></span> <span class='ocrx_word' id='word_1_235' title='bbox 642 2843 792 2924; x_wconf 84' lang='lat' dir='ltr'><strong>explorate</strong></span> <span class='ocrx_word' id='word_1_236' title='bbox 814 2844 935 2906; x_wconf 86' lang='lat' dir='ltr'><strong>iudicari</strong></span> <span class='ocrx_word' id='word_1_237' title='bbox 957 2843 1064 2924; x_wconf 87' lang='lat' dir='ltr'><strong>possit,</strong></span> <span class='ocrx_word' id='word_1_238' title='bbox 1087 2843 1143 2905; x_wconf 91' lang='lat' dir='ltr'><strong>etsi</strong></span> <span class='ocrx_word' id='word_1_239' title='bbox 1158 2843 1232 2905; x_wconf 87' lang='lat' dir='ltr'><strong>liber</strong></span> <span class='ocrx_word' id='word_1_240' title='bbox 1246 2861 1308 2906; x_wconf 93' lang='lat' dir='ltr'><strong>non</strong></span> 
     </span>
     <span class='ocr_line' id='line_1_26' title="bbox 105 2945 1304 3030; baseline 0.003 -26"><span class='ocrx_word' id='word_1_241' title='bbox 105 2953 199 3008; x_wconf 79' lang='lat' dir='ltr'><strong>exstat</strong></span> <span class='ocrx_word' id='word_1_242' title='bbox 218 2949 390 3029; x_wconf 82' lang='lat' dir='ltr'><strong>singrdacis,</strong></span> <span class='ocrx_word' id='word_1_243' title='bbox 417 2967 476 3030; x_wconf 86' lang='lat' dir='ltr'><strong>quo</strong></span> <span class='ocrx_word' id='word_1_244' title='bbox 504 2965 618 3022; x_wconf 88' lang='lat' dir='ltr'><strong>summa</strong></span> <span class='ocrx_word' id='word_1_245' title='bbox 646 2945 796 3010; x_wconf 87' lang='lat' dir='ltr'><strong>doctrinae</strong></span> <span class='ocrx_word' id='word_1_246' title='bbox 824 2945 1002 3010; x_wconf 85' lang='lat' dir='ltr'><strong>christianae</strong></span> <span class='ocrx_word' id='word_1_247' title='bbox 1029 2965 1065 3009; x_wconf 84' lang='lat' dir='ltr'><strong>ex</strong></span> <span class='ocrx_word' id='word_1_248' title='bbox 1087 2946 1159 3008; x_wconf 84' lang='lat' dir='ltr'><strong>artis</strong></span> <span class='ocrx_word' id='word_1_249' title='bbox 1180 2945 1245 3026; x_wconf 85' lang='lat' dir='ltr'><strong>lege</strong></span> <span class='ocrx_word' id='word_1_250' title='bbox 1267 2945 1304 3008; x_wconf 90' lang='lat' dir='ltr'><strong>ah</strong></span> 
     </span>
     <span class='ocr_line' id='line_1_27' title="bbox 96 3043 1307 3132; baseline -0.001 -25"><span class='ocrx_word' id='word_1_251' title='bbox 96 3043 164 3122; x_wconf 85' lang='lat' dir='ltr'><strong>ipso</strong></span> <span class='ocrx_word' id='word_1_252' title='bbox 192 3051 327 3132; x_wconf 85' lang='lat' dir='ltr'><strong>explicata</strong></span> <span class='ocrx_word' id='word_1_253' title='bbox 357 3051 405 3114; x_wconf 88' lang='lat' dir='ltr'><strong>sit.</strong></span> <span class='ocrx_word' id='word_1_254' title='bbox 448 3049 508 3112; x_wconf 92' lang='lat' dir='ltr'><strong>lam</strong></span> <span class='ocrx_word' id='word_1_255' title='bbox 536 3067 606 3110; x_wconf 82' lang='lat' dir='ltr'><strong>tero</strong></span> <span class='ocrx_word' id='word_1_256' title='bbox 629 3057 661 3110; x_wconf 93' lang='lat' dir='ltr'><strong>ut</strong></span> <span class='ocrx_word' id='word_1_257' title='bbox 682 3047 993 3122; x_wconf 77' lang='lat' dir='ltr'><strong>doceamus„studiis</strong></span> <span class='ocrx_word' id='word_1_258' title='bbox 1015 3047 1187 3128; x_wconf 88' lang='lat' dir='ltr'><strong>dogmaticis</strong></span> <span class='ocrx_word' id='word_1_259' title='bbox 1210 3045 1307 3126; x_wconf 88' lang='lat' dir='ltr'><strong>magui</strong></span> 
     </span>
     <span class='ocr_line' id='line_1_28' title="bbox 93 3145 1307 3231; baseline 0.002 -23"><span class='ocrx_word' id='word_1_260' title='bbox 93 3145 149 3208; x_wconf 81' lang='lat' dir='ltr'><strong>viri</strong></span> <span class='ocrx_word' id='word_1_261' title='bbox 178 3153 362 3215; x_wconf 81' lang='lat' dir='ltr'><strong>tmuamanus</strong></span> <span class='ocrx_word' id='word_1_262' title='bbox 389 3152 461 3214; x_wconf 92' lang='lat' dir='ltr'><strong>iacta</strong></span> <span class='ocrx_word' id='word_1_263' title='bbox 492 3153 663 3230; x_wconf 80' lang='lat' dir='ltr'><strong>firmataque</strong></span> <span class='ocrx_word' id='word_1_264' title='bbox 693 3169 776 3224; x_wconf 88' lang='lat' dir='ltr'><strong>csse,</strong></span> <span class='ocrx_word' id='word_1_265' title='bbox 803 3150 912 3231; x_wconf 86' lang='lat' dir='ltr'><strong>quibus</strong></span> <span class='ocrx_word' id='word_1_266' title='bbox 940 3149 1087 3230; x_wconf 88' lang='lat' dir='ltr'><strong>theologia</strong></span> <span class='ocrx_word' id='word_1_267' title='bbox 1110 3149 1307 3212; x_wconf 88' lang='lat' dir='ltr'><strong>ecclesiastica</strong></span> 
     </span>
     <span class='ocr_line' id='line_1_29' title="bbox 93 3248 1307 3333; baseline 0.003 -23"><span class='ocrx_word' id='word_1_268' title='bbox 93 3248 213 3328; x_wconf 85' lang='lat' dir='ltr'><strong>nititur,</strong></span> <span class='ocrx_word' id='word_1_269' title='bbox 237 3253 377 3333; x_wconf 86' lang='lat' dir='ltr'><strong>illumque</strong></span> <span class='ocrx_word' id='word_1_270' title='bbox 406 3252 526 3314; x_wconf 90' lang='lat' dir='ltr'><strong>omuino</strong></span> <span class='ocrx_word' id='word_1_271' title='bbox 548 3253 579 3313; x_wconf 91' lang='lat' dir='ltr'><strong>in</strong></span> <span class='ocrx_word' id='word_1_272' title='bbox 600 3252 784 3330; x_wconf 88' lang='lat' dir='ltr'><strong>dogmatibus</strong></span> <span class='ocrx_word' id='word_1_273' title='bbox 806 3251 971 3314; x_wconf 90' lang='lat' dir='ltr'><strong>enodandis</strong></span> <span class='ocrx_word' id='word_1_274' title='bbox 994 3261 1024 3314; x_wconf 92' lang='lat' dir='ltr'><strong>et</strong></span> <span class='ocrx_word' id='word_1_275' title='bbox 1044 3250 1220 3316; x_wconf 85' lang='lat' dir='ltr'><strong>deliniendis</strong></span> <span class='ocrx_word' id='word_1_276' title='bbox 1243 3269 1307 3314; x_wconf 87' lang='lat' dir='ltr'><strong>earn</strong></span> 
     </span>
     <span class='ocr_line' id='line_1_30' title="bbox 90 3353 1306 3435; baseline 0.001 -24"><span class='ocrx_word' id='word_1_277' title='bbox 90 3369 209 3417; x_wconf 86' lang='lat' dir='ltr'><strong>summa</strong></span> <span class='ocrx_word' id='word_1_278' title='bbox 229 3357 401 3418; x_wconf 88' lang='lat' dir='ltr'><strong>auctoritate</strong></span> <span class='ocrx_word' id='word_1_279' title='bbox 422 3354 582 3435; x_wconf 87' lang='lat' dir='ltr'><strong>praeivisse</strong></span> <span class='ocrx_word' id='word_1_280' title='bbox 602 3353 688 3426; x_wconf 82' lang='lat' dir='ltr'><strong>viam,</strong></span> <span class='ocrx_word' id='word_1_281' title='bbox 711 3373 767 3433; x_wconf 88' lang='lat' dir='ltr'><strong>qua</strong></span> <span class='ocrx_word' id='word_1_282' title='bbox 788 3362 892 3434; x_wconf 90' lang='lat' dir='ltr'><strong>postea</strong></span> <span class='ocrx_word' id='word_1_283' title='bbox 914 3354 1052 3415; x_wconf 89' lang='lat' dir='ltr'><strong>doctores</strong></span> <span class='ocrx_word' id='word_1_284' title='bbox 1074 3353 1215 3416; x_wconf 84' lang='lat' dir='ltr'><strong>ecclesiae</strong></span> <span class='ocrx_word' id='word_1_285' title='bbox 1232 3371 1306 3432; x_wconf 90' lang='lat' dir='ltr'><strong>pro-</strong></span> 
     </span>
     <span class='ocr_line' id='line_1_31' title="bbox 92 3454 1306 3536; baseline 0.001 -19"><span class='ocrx_word' id='word_1_286' title='bbox 92 3471 216 3532; x_wconf 82' lang='lat' dir='ltr'><strong>gressos</strong></span> <span class='ocrx_word' id='word_1_287' title='bbox 236 3475 304 3520; x_wconf 87' lang='lat' dir='ltr'><strong>esse</strong></span> <span class='ocrx_word' id='word_1_288' title='bbox 325 3466 450 3529; x_wconf 82' lang='lat' dir='ltr'><strong>constet,</strong></span> <span class='ocrx_word' id='word_1_289' title='bbox 473 3475 533 3518; x_wconf 92' lang='lat' dir='ltr'><strong>non</strong></span> <span class='ocrx_word' id='word_1_290' title='bbox 556 3473 631 3536; x_wconf 89' lang='lat' dir='ltr'><strong>opus</strong></span> <span class='ocrx_word' id='word_1_291' title='bbox 653 3455 702 3516; x_wconf 95' lang='lat' dir='ltr'><strong>bic</strong></span> <span class='ocrx_word' id='word_1_292' title='bbox 723 3454 1006 3518; x_wconf 81' lang='lat' dir='ltr'><strong>esthtbanasianam</strong></span> <span class='ocrx_word' id='word_1_293' title='bbox 1029 3454 1178 3517; x_wconf 87' lang='lat' dir='ltr'><strong>doctrinae</strong></span> <span class='ocrx_word' id='word_1_294' title='bbox 1192 3455 1306 3518; x_wconf 84' lang='lat' dir='ltr'><strong>sormu-</strong></span> 
     </span>
     <span class='ocr_line' id='line_1_32' title="bbox 91 3555 1307 3639; baseline -0.002 -21"><span class='ocrx_word' id='word_1_295' title='bbox 91 3555 159 3630; x_wconf 83' lang='lat' dir='ltr'><strong>lam,</strong></span> <span class='ocrx_word' id='word_1_296' title='bbox 182 3579 268 3639; x_wconf 89' lang='lat' dir='ltr'><strong>qoam</strong></span> <span class='ocrx_word' id='word_1_297' title='bbox 291 3557 458 3620; x_wconf 83' lang='lat' dir='ltr'><strong>blochlerus</strong></span> <span class='ocrx_word' id='word_1_298' title='bbox 479 3557 674 3638; x_wconf 88' lang='lat' dir='ltr'><strong>particulatim</strong></span> <span class='ocrx_word' id='word_1_299' title='bbox 696 3558 785 3619; x_wconf 85' lang='lat' dir='ltr'><strong>uariis</strong></span> <span class='ocrx_word' id='word_1_300' title='bbox 806 3557 905 3637; x_wconf 85' lang='lat' dir='ltr'><strong>operis</strong></span> <span class='ocrx_word' id='word_1_301' title='bbox 928 3556 974 3619; x_wconf 90' lang='lat' dir='ltr'><strong>sui</strong></span> <span class='ocrx_word' id='word_1_302' title='bbox 995 3556 1068 3619; x_wconf 89' lang='lat' dir='ltr'><strong>louis</strong></span> <span class='ocrx_word' id='word_1_303' title='bbox 1084 3555 1307 3636; x_wconf 86' lang='lat' dir='ltr'><strong>diligentissime</strong></span> 
     </span>
     <span class='ocr_line' id='line_1_33' title="bbox 96 3658 1305 3740; baseline 0 -23"><span class='ocrx_word' id='word_1_304' title='bbox 96 3661 253 3733; x_wconf 79' lang='lat' dir='ltr'><strong>coenavit,</strong></span> <span class='ocrx_word' id='word_1_305' title='bbox 285 3667 427 3740; x_wconf 86' lang='lat' dir='ltr'><strong>perpetua</strong></span> <span class='ocrx_word' id='word_1_306' title='bbox 455 3659 589 3722; x_wconf 87' lang='lat' dir='ltr'><strong>oratione</strong></span> <span class='ocrx_word' id='word_1_307' title='bbox 618 3658 756 3738; x_wconf 87' lang='lat' dir='ltr'><strong>persequi</strong></span> <span class='ocrx_word' id='word_1_308' title='bbox 784 3667 871 3738; x_wconf 90' lang='lat' dir='ltr'><strong>atque</strong></span> <span class='ocrx_word' id='word_1_309' title='bbox 900 3677 966 3720; x_wconf 93' lang='lat' dir='ltr'><strong>cum</strong></span> <span class='ocrx_word' id='word_1_310' title='bbox 995 3658 1129 3722; x_wconf 84' lang='lat' dir='ltr'><strong>formulis</strong></span> <span class='ocrx_word' id='word_1_311' title='bbox 1152 3659 1305 3720; x_wconf 85' lang='lat' dir='ltr'><strong>doctorum</strong></span> 
     </span>
     <span class='ocr_line' id='line_1_34' title="bbox 94 3759 1306 3843; baseline -0.005 -19"><span class='ocrx_word' id='word_1_312' title='bbox 94 3762 232 3826; x_wconf 81' lang='lat' dir='ltr'><strong>ecclesiae</strong></span> <span class='ocrx_word' id='word_1_313' title='bbox 254 3761 389 3843; x_wconf 89' lang='lat' dir='ltr'><strong>priorum</strong></span> <span class='ocrx_word' id='word_1_314' title='bbox 411 3769 506 3823; x_wconf 89' lang='lat' dir='ltr'><strong>aetate</strong></span> <span class='ocrx_word' id='word_1_315' title='bbox 527 3769 557 3822; x_wconf 92' lang='lat' dir='ltr'><strong>et</strong></span> <span class='ocrx_word' id='word_1_316' title='bbox 579 3760 778 3840; x_wconf 70' lang='lat' dir='ltr'><strong>posteriorum</strong></span> <span class='ocrx_word' id='word_1_317' title='bbox 801 3761 947 3832; x_wconf 80' lang='lat' dir='ltr'><strong>conferre,</strong></span> <span class='ocrx_word' id='word_1_318' title='bbox 971 3760 1025 3822; x_wconf 90' lang='lat' dir='ltr'><strong>sed</strong></span> <span class='ocrx_word' id='word_1_319' title='bbox 1048 3761 1176 3824; x_wconf 83' lang='lat' dir='ltr'><strong>sufficiet</strong></span> <span class='ocrx_word' id='word_1_320' title='bbox 1190 3759 1306 3838; x_wconf 86' lang='lat' dir='ltr'><strong>potiora</strong></span> 
     </span>
     <span class='ocr_line' id='line_1_35' title="bbox 95 3859 1305 3942; baseline -0.002 -22"><span class='ocrx_word' id='word_1_321' title='bbox 95 3859 168 3926; x_wconf 87' lang='lat' dir='ltr'><strong>illius</strong></span> <span class='ocrx_word' id='word_1_322' title='bbox 197 3859 341 3927; x_wconf 78' lang='lat' dir='ltr'><strong>formulae</strong></span> <span class='ocrx_word' id='word_1_323' title='bbox 362 3863 456 3942; x_wconf 85' lang='lat' dir='ltr'><strong>capitu</strong></span> <span class='ocrx_word' id='word_1_324' title='bbox 478 3861 550 3924; x_wconf 87' lang='lat' dir='ltr'><strong>satis</strong></span> <span class='ocrx_word' id='word_1_325' title='bbox 573 3861 718 3924; x_wconf 86' lang='lat' dir='ltr'><strong>celebrata</strong></span> <span class='ocrx_word' id='word_1_326' title='bbox 740 3861 871 3941; x_wconf 87' lang='lat' dir='ltr'><strong>attigisse</strong></span> <span class='ocrx_word' id='word_1_327' title='bbox 893 3871 925 3923; x_wconf 89' lang='lat' dir='ltr'><strong>et</strong></span> <span class='ocrx_word' id='word_1_328' title='bbox 943 3861 1135 3924; x_wconf 87' lang='lat' dir='ltr'><strong>htbanasium</strong></span> <span class='ocrx_word' id='word_1_329' title='bbox 1156 3879 1222 3921; x_wconf 92' lang='lat' dir='ltr'><strong>cum</strong></span> <span class='ocrx_word' id='word_1_330' title='bbox 1246 3875 1305 3920; x_wconf 90' lang='lat' dir='ltr'><strong>uuo</strong></span> 
     </span>
     <span class='ocr_line' id='line_1_36' title="bbox 96 3954 1308 4045; baseline -0.005 -22"><span class='ocrx_word' id='word_1_331' title='bbox 96 3963 220 4044; x_wconf 81' lang='lat' dir='ltr'><strong>Origene</strong></span> <span class='ocrx_word' id='word_1_332' title='bbox 243 3954 473 4045; x_wconf 77' lang='lat' dir='ltr'><strong>comparavisse,</strong></span> <span class='ocrx_word' id='word_1_333' title='bbox 497 3963 580 4024; x_wconf 88' lang='lat' dir='ltr'><strong>cuius</strong></span> <span class='ocrx_word' id='word_1_334' title='bbox 603 3981 618 4024; x_wconf 88' lang='lat' dir='ltr'><strong>a</strong></span> <span class='ocrx_word' id='word_1_335' title='bbox 641 3962 741 4024; x_wconf 91' lang='lat' dir='ltr'><strong>schola</strong></span> <span class='ocrx_word' id='word_1_336' title='bbox 764 3963 811 4026; x_wconf 91' lang='lat' dir='ltr'><strong>ille</strong></span> <span class='ocrx_word' id='word_1_337' title='bbox 833 3965 982 4043; x_wconf 85' lang='lat' dir='ltr'><strong>prolectas</strong></span> <span class='ocrx_word' id='word_1_338' title='bbox 1005 3972 1061 4035; x_wconf 90' lang='lat' dir='ltr'><strong>est,</strong></span> <span class='ocrx_word' id='word_1_339' title='bbox 1084 3963 1136 4022; x_wconf 88' lang='lat' dir='ltr'><strong>sed</strong></span> <span class='ocrx_word' id='word_1_340' title='bbox 1153 3979 1168 4020; x_wconf 91' lang='lat' dir='ltr'><strong>a</strong></span> <span class='ocrx_word' id='word_1_341' title='bbox 1184 3966 1308 4019; x_wconf 89' lang='lat' dir='ltr'><strong>seuten-</strong></span> 
     </span>
     <span class='ocr_line' id='line_1_37' title="bbox 96 4059 1305 4145; baseline -0.003 -21"><span class='ocrx_word' id='word_1_342' title='bbox 96 4065 132 4126; x_wconf 83' lang='lat' dir='ltr'><strong>tia</strong></span> <span class='ocrx_word' id='word_1_343' title='bbox 156 4067 294 4132; x_wconf 87' lang='lat' dir='ltr'><strong>discessit</strong></span> <span class='ocrx_word' id='word_1_344' title='bbox 324 4066 380 4138; x_wconf 90' lang='lat' dir='ltr'><strong>ita,</strong></span> <span class='ocrx_word' id='word_1_345' title='bbox 414 4075 446 4126; x_wconf 92' lang='lat' dir='ltr'><strong>ut</strong></span> <span class='ocrx_word' id='word_1_346' title='bbox 472 4065 502 4126; x_wconf 94' lang='lat' dir='ltr'><strong>in</strong></span> <span class='ocrx_word' id='word_1_347' title='bbox 532 4064 678 4143; x_wconf 84' lang='lat' dir='ltr'><strong>theologia</strong></span> <span class='ocrx_word' id='word_1_348' title='bbox 701 4065 879 4144; x_wconf 87' lang='lat' dir='ltr'><strong>dogmatica,</strong></span> <span class='ocrx_word' id='word_1_349' title='bbox 913 4085 987 4145; x_wconf 87' lang='lat' dir='ltr'><strong>quae</strong></span> <span class='ocrx_word' id='word_1_350' title='bbox 1009 4059 1246 4143; x_wconf 87' lang='lat' dir='ltr'><strong>philosophando</strong></span> <span class='ocrx_word' id='word_1_351' title='bbox 1269 4059 1305 4121; x_wconf 90' lang='lat' dir='ltr'><strong>ab</strong></span> 
     </span>
     <span class='ocr_line' id='line_1_38' title="bbox 96 4162 1304 4250; baseline -0.002 -22"><span class='ocrx_word' id='word_1_352' title='bbox 96 4165 216 4248; x_wconf 79' lang='lat' dir='ltr'><strong>Origene</strong></span> <span class='ocrx_word' id='word_1_353' title='bbox 237 4169 347 4250; x_wconf 88' lang='lat' dir='ltr'><strong>partim</strong></span> <span class='ocrx_word' id='word_1_354' title='bbox 369 4165 529 4228; x_wconf 75' lang='lat' dir='ltr'><strong>deformata</strong></span> <span class='ocrx_word' id='word_1_355' title='bbox 552 4175 643 4239; x_wconf 88' lang='lat' dir='ltr'><strong>esset,</strong></span> <span class='ocrx_word' id='word_1_356' title='bbox 665 4165 700 4226; x_wconf 91' lang='lat' dir='ltr'><strong>ad</strong></span> <span class='ocrx_word' id='word_1_357' title='bbox 724 4184 856 4227; x_wconf 88' lang='lat' dir='ltr'><strong>normam</strong></span> <span class='ocrx_word' id='word_1_358' title='bbox 878 4166 1010 4228; x_wconf 85' lang='lat' dir='ltr'><strong>veritatis</strong></span> <span class='ocrx_word' id='word_1_359' title='bbox 1026 4162 1169 4223; x_wconf 82' lang='lat' dir='ltr'><strong>revelatae</strong></span> <span class='ocrx_word' id='word_1_360' title='bbox 1184 4163 1304 4225; x_wconf 88' lang='lat' dir='ltr'><strong>conlur-</strong></span> 
     </span>
     <span class='ocr_line' id='line_1_39' title="bbox 95 4246 1304 4352; baseline -0.002 -24"><span class='ocrx_word' id='word_1_361' title='bbox 95 4271 194 4334; x_wconf 84' lang='lat' dir='ltr'><strong>mauda</strong></span> <span class='ocrx_word' id='word_1_362' title='bbox 227 4287 351 4352; x_wconf 87' lang='lat' dir='ltr'><strong>operam</strong></span> <span class='ocrx_word' id='word_1_363' title='bbox 385 4277 414 4330; x_wconf 89' lang='lat' dir='ltr'><strong>et</strong></span> <span class='ocrx_word' id='word_1_364' title='bbox 446 4268 574 4330; x_wconf 87' lang='lat' dir='ltr'><strong>studium</strong></span> <span class='ocrx_word' id='word_1_365' title='bbox 608 4268 772 4330; x_wconf 83' lang='lat' dir='ltr'><strong>collocaret.</strong></span> <span class='ocrx_word' id='word_1_366' title='bbox 816 4246 930 4330; x_wconf 68' lang='lat' dir='ltr'><strong>Etenim</strong></span> <span class='ocrx_word' id='word_1_367' title='bbox 960 4263 1085 4326; x_wconf 90' lang='lat' dir='ltr'><strong>dubitari</strong></span> <span class='ocrx_word' id='word_1_368' title='bbox 1114 4281 1172 4324; x_wconf 94' lang='lat' dir='ltr'><strong>non</strong></span> <span class='ocrx_word' id='word_1_369' title='bbox 1194 4272 1304 4346; x_wconf 91' lang='lat' dir='ltr'><strong>potest,</strong></span> 
     </span>
     <span class='ocr_line' id='line_1_40' title="bbox 56 4354 1304 4452; baseline -0.004 -20"><span class='ocrx_word' id='word_1_370' title='bbox 56 4354 61 4374; x_wconf 60' lang='lat'>⁸</span> <span class='ocrx_word' id='word_1_371' title='bbox 97 4371 160 4448; x_wconf 79' lang='lat' dir='ltr'><strong>quiin</strong></span> <span class='ocrx_word' id='word_1_372' title='bbox 181 4371 376 4444; x_wconf 80' lang='lat' dir='ltr'><strong>Athanasius,</strong></span> <span class='ocrx_word' id='word_1_373' title='bbox 406 4369 454 4452; x_wconf 90' lang='lat' dir='ltr'><strong>qui</strong></span> <span class='ocrx_word' id='word_1_374' title='bbox 477 4369 667 4432; x_wconf 82' lang='lat' dir='ltr'><strong>Alexandriae</strong></span> <span class='ocrx_word' id='word_1_375' title='bbox 696 4389 710 4430; x_wconf 89' lang='lat' dir='ltr'><strong>a</strong></span> <span class='ocrx_word' id='word_1_376' title='bbox 741 4369 850 4432; x_wconf 87' lang='lat' dir='ltr'><strong>teneris</strong></span> <span class='ocrx_word' id='word_1_377' title='bbox 874 4367 984 4428; x_wconf 86' lang='lat' dir='ltr'><strong>vixerat</strong></span> <span class='ocrx_word' id='word_1_378' title='bbox 1007 4377 1036 4428; x_wconf 92' lang='lat' dir='ltr'><strong>et</strong></span> <span class='ocrx_word' id='word_1_379' title='bbox 1058 4366 1209 4428; x_wconf 88' lang='lat' dir='ltr'><strong>institutus</strong></span> <span class='ocrx_word' id='word_1_380' title='bbox 1232 4375 1304 4439; x_wconf 89' lang='lat' dir='ltr'><strong>erat,</strong></span> 
     </span>
     <span class='ocr_line' id='line_1_41' title="bbox 96 4466 1307 4554; baseline -0.005 -20"><span class='ocrx_word' id='word_1_381' title='bbox 96 4469 194 4536; x_wconf 83' lang='lat' dir='ltr'><strong>litteris</strong></span> <span class='ocrx_word' id='word_1_382' title='bbox 223 4471 400 4554; x_wconf 86' lang='lat' dir='ltr'><strong>theologicis</strong></span> <span class='ocrx_word' id='word_1_383' title='bbox 431 4472 588 4552; x_wconf 90' lang='lat' dir='ltr'><strong>praecipue</strong></span> <span class='ocrx_word' id='word_1_384' title='bbox 617 4471 654 4532; x_wconf 90' lang='lat' dir='ltr'><strong>ad</strong></span> <span class='ocrx_word' id='word_1_385' title='bbox 682 4471 864 4550; x_wconf 89' lang='lat' dir='ltr'><strong>disciplinam</strong></span> <span class='ocrx_word' id='word_1_386' title='bbox 887 4467 1024 4548; x_wconf 85' lang='lat' dir='ltr'><strong>Origcnis</strong></span> <span class='ocrx_word' id='word_1_387' title='bbox 1053 4467 1184 4530; x_wconf 85' lang='lat' dir='ltr'><strong>eruditus</strong></span> <span class='ocrx_word' id='word_1_388' title='bbox 1212 4466 1251 4528; x_wconf 90' lang='lat' dir='ltr'><strong>sit</strong></span> <span class='ocrx_word' id='word_1_389' title='bbox 1273 4485 1307 4528; x_wconf 92' lang='lat' dir='ltr'><strong>ac</strong></span> 
     </span>
     <span class='ocr_line' id='line_1_42' title="bbox 99 4566 1304 4656; baseline -0.007 -18"><span class='ocrx_word' id='word_1_390' title='bbox 99 4574 196 4656; x_wconf 74' lang='lat' dir='ltr'><strong>scipta</strong></span> <span class='ocrx_word' id='word_1_391' title='bbox 216 4577 281 4640; x_wconf 90' lang='lat' dir='ltr'><strong>eius</strong></span> <span class='ocrx_word' id='word_1_392' title='bbox 305 4575 441 4652; x_wconf 88' lang='lat' dir='ltr'><strong>studiose</strong></span> <span class='ocrx_word' id='word_1_393' title='bbox 463 4573 677 4653; x_wconf 88' lang='lat' dir='ltr'><strong>diligenterque</strong></span> <span class='ocrx_word' id='word_1_394' title='bbox 699 4569 812 4652; x_wconf 86' lang='lat' dir='ltr'><strong>legerit,</strong></span> <span class='ocrx_word' id='word_1_395' title='bbox 835 4587 909 4649; x_wconf 89' lang='lat' dir='ltr'><strong>quae</strong></span> <span class='ocrx_word' id='word_1_396' title='bbox 932 4569 967 4632; x_wconf 88' lang='lat' dir='ltr'><strong>ab</strong></span> <span class='ocrx_word' id='word_1_397' title='bbox 991 4567 1201 4632; x_wconf 66' lang='lat' dir='ltr'><strong>erud²&#39;²·-³¹····</strong></span> <span class='ocrx_word' id='word_1_398' title='bbox 1227 4566 1304 4630; x_wconf 73' lang='lat' dir='ltr'><strong>‘llius</strong></span> 
     </span>
    </p>
   </div>
   <div class='ocr_carea' id='block_1_5' title="bbox 0 0 1560 5064">
    <p class='ocr_par' dir='ltr' id='par_1_6' title="bbox 0 0 1560 5064">
     <span class='ocr_line' id='line_1_43' title="bbox 0 0 1560 5064; baseline 0 1"><span class='ocrx_word' id='word_1_399' title='bbox 0 0 1560 5064; x_wconf 95' lang='lat' dir='ltr'><strong> </strong></span> 
     </span>
    </p>
   </div>
  </div>
 </body>
</html>
