3110 5064
245 341 287 403 42
321 337 329 348 “
647 357 672 399 ε.
688 355 843 400 ιιιιικιειι
856 355 1082 400 ιιιειιιιιειεεουι

158 523 235 568 ναν.
245 503 326 590 περὶ
348 505 385 570 66
405 505 465 570 τοῦ
487 509 600 589 κυρίου
623 497 908 590 εὐαγγελιζόμενος
929 505 1031 589 λέγει·
1055 497 1074 568 6
1095 499 1275 588 μονογενής
1289 500 1370 582 υίός,
1394 497 1464 569 ὃιλν

246 607 294 684 είς
314 603 373 671 τὸν
394 603 521 672 κόλπον
542 607 601 671 τοῦ
623 603 766 692 πατρός,
798 603 922 683 ἐκεῖνος
943 603 1161 692 ἐξηγήσατοᾶ)
1206 603 1236 671 εί
1257 607 1371 671 τοίνυν
1393 603 1463 684 υλός,

246 702 284 772 ού
306 712 443 790 κτίσμα,
474 704 504 772 εἰ
525 705 562 771 όὲ
583 702 719 790 κτίσμα,
743 701 802 828 ηόχ
823 705 909 784 υλός·
937 706 1044 792 πολλὴ
1063 704 1145 834 γόιρς
1164 704 1197 772 όν
1219 699 1338 784 αύτοῖς
1359 733 1379 794 η
1368 701 1465 772 ‘dw—

246 806 350 896 φορά,
380 805 436 874 καὶ
464 803 522 874 οόκ
544 800 584 874 όιν
607 808 656 896 ε’ίη
679 803 779 887 αὐτὸς
801 806 873 886 υίὸς
893 807 949 874 καὶ
970 814 1106 892 κτίσμα,
1136 807 1192 873 ἵνα
1212 805 1258 894 μὴ
1281 833 1339 874 και
1330 807 1395 874 ἐκ
1415 811 1465 872 τοῦ

246 913 330 978 θεοῦ
351 908 407 976 καὶ
429 907 554 988 ἔξωθεν
576 912 634 976 τοῦ
658 905 783 977 θεοῦ(
765 936 784 997 η
807 906 906 976 οὐσία
927 904 1027 975 αὐτοῦ
1050 908 1230 994 νομίζηται.

333 1017 381 1079 14.
420 1005 490 1096 ’Ἆρ’
516 999 573 1076 οὖν
602 1009 708 1097 μάτην
736 1015 919 1096 γέγραπται
945 1014 1044 1077 τοῦτο
1071 1009 1111 1076 τὸ
1136 1007 1254 1097 ῥητόνς
1292 1012 1393 1076 τοῦτο
1413 1008 1466 1128 γὰρ

244 1112 348 1178 πόλιν
381 1111 501 1180 ἐκεῖνοι
535 1115 798 1198 περιβομβοῦσιν
826 1137 874 1210 ος
900 1109 997 1232 67666
1027 1111 1205 1180 κωνώπων.
1251 1105 1327 1193 οόχί
1354 1133 1405 1196 γε,
1434 1104 1467 1174 ού

243 1213 349 1302 μόνην
375 1219 574 1300 γέγραπται,
605 1207 763 1279 ἀλλὰκαὶ
787 1212 877 1296 μάλα
900 1208 1101 1300 ἀναγκαίως·
1130 1211 1269 1298 καὶγὰρ
1293 1211 1466 1294 καλκτίζε-

157 1335 233 1378 ναν.
245 1321 330 1383 σθαι
357 1316 500 1401 λέγεται,
530 1309 644 1380 ἀλλ’“
625 1339 680 1382 οτε
706 1320 836 1401 γέγονεν
864 1312 1064 1401 ἅνθρωπος·
1094 1309 1208 1400 ανθριι
1212 1337 1280 1381 που
1303 1313 1367 1399 γὰρ
1389 1313 1467 1380 ῖιλιον

242 1421 350 1484 τοῦτο.
396 1415 454 1503 τὴν
477 1418 514 1483 66
536 1415 687 1482 διάνοιαν
708 1415 829 1503 ταύτην
852 1411 982 1503 εὑρήσει
1003 1417 1112 1494 καλῶς
1127 1414 1161 1482 όν
1178 1425 1251 1494 τοῖς
1267 1417 1396 1501 λογίοις
1408 1439 1468 1481 κει-

241 1524 341 1605 μίνην
365 1513 383 1582 6
405 1515 449 1602 μή
472 1515 638 1604 πάρεργον
659 1513 838 1602 ήγούμενος
858 1517 917 1606 τήν
939 1513 1133 1603 όινόγνωσιν,
1157 1512 1312 1585 ἀλλὰκαὶ
1329 1516 1467 1582 τὸνκαι-

241 1617 300 1705 ρὸν
327 1621 380 1685 καλ
408 1617 451 1684 τὰ
479 1617 645 1705 πρόςωπα
672 1622 726 1685 καλ
753 1617 811 1706 τὴν
839 1626 951 1705 χρείαν
980 1623 1047 1686 τῶν
1068 1624 1300 1706 γεγραμμένων
1325 1617 1465 1704 ἐρευνῶν,

241 1723 295 1788 καὶ
324 1716 411 1787 οότω
439 1719 482 1786 τὰ
504 1716 746 1806 όναγνώσματα
768 1722 944 1807 διακρίνων
965 1725 1019 1789 καλ
1043 1719 1287 1804 διανοούμενος.
1335 1718 1467 1803 τὸνμὲν

241 1811 299 1889 οὖν
320 1821 435 1908 καιρὸν
456 1825 536 1888 ’τοῦ
557 1823 657 1910 ῥητοῦ
679 1821 797 1888 τούτου
820 1817 952 1911 εὑρήσει
971 1825 1026 1890 καὶ
1048 1821 1219 1909 γνώσεται,
1245 1817 1301 1889 ὅτι
1323 1815 1377 1888 όιελ
1393 1813 1465 1886 ιύνό

240 1923 352 2009 κύριος
372 1921 509 2010 ὕστερον
532 1923 589 1992 ἐπὶ
613 1925 783 2010 συντελείᾳ
804 1927 871 1992 τοῖν
894 1924 1024 1992 αἰώνων
1045 1931 1175 2011 γέγονεν
1198 1921 1396 2008 ἄνθρωπος,
1418 1921 1466 1986 καί

242 2024 312 2103 υἱὸς
333 2019 380 2091 ὢν
401 2028 460 2090 τοῦ
483 2029 566 2092 θεοῦ
588 2030 700 2111 γέγονε
720 2028 774 2092 καλ
796 2024 868 2106 υίὸς
890 2021 1085 2113 ἀνθρώπου.
1123 2025 1182 2114 τήν
1204 2026 1241 2092 66
1260 2031 1377 2110 χρείαν
1400 2019 1467 2108 νοή·

240 2149 343 2206 σειεν,
378 2121 432 2192 ότι
462 2126 520 2192 τὸν
555 2122 647 2214 ήμῶν
675 2128 825 2196 θάνατον
853 2132 1057 2216 καταργῆσαι
1084 2129 1197 2194 θέλων
1226 2126 1343 2213 ἔλαβεν
1367 2123 1465 2206 ἑαυτῷ

240 2230 338 2312 σῶμα
365 2226 399 2300 ἐκ
426 2231 484 2314 τῆς
512 2235 684 2315 παρθένου
707 2235 861 2316 Μαρίας,
896 2230 952 2296 ἵνα
978 2233 1077 2296 τοῦτο
1106 2235 1326 2318 προςενίγιας
1348 2231 1466 2294 θυσίαν

240 2325 326 2415 ὑπὲρ
354 2329 491 2396 πάντων
513 2333 559 2417 τῷ
582 2334 685 2418 πατρί
708 2325 882 2418 ἀπαλλάξῃ
905 2331 1034 2411 πάντας
1055 2327 1157 2419 ἡμᾶς,
1187 2326 1263 2398 όσοι
1284 2329 1384 2418 φόβλμ
1406 2333 1466 2394 θα-

241 2429 341 2498 νάτου
371 2430 428 2498 διὰ
455 2431 582 2511 παντὸς
608 2435 667 2499 τοῦ
698 2433 795 2521 ζήν”
778 2456 885 2515 ενοχοι
905 2423 987 2519 ἦμεν
1011 2433 1201 2514 όουλείας’).
1245 2431 1285 2496 τὸ
1310 2434 1348 2500 66
1370 2426 1466 2514 πρός-

240 2555 335 2600 ωπον
356 2537 416 2600 τοῦ
436 2535 497 2617 μὲν
520 2533 669 2622 σωτῆρός
691 2535 777 2614 ἐστι,
806 2534 882 2602 τότε
904 2535 999 2600 666
963 2535 1106 2619 λέγεται,
1138 2530 1193 2600 ὅτε
1215 2534 1338 2600 λοιπὸν
1361 2527 1465 2650 λογίόην

238 2634 277 2700 τὸ
300 2639 397 2722 σῶμα
419 2636 521 2721 λέγει·
549 2635 661 2725 κύριος
690 2636 797 2704 ἐκτισέ
818 2661 860 2721 με
883 2629 983 2722 ύρχήν
1007 2631 1093 2702 όόῶν
1116 2629 1217 2702 αὐτοῦ
1241 2635 1287 2713 εἰς
1311 2635 1391 2721 ε’ργα
1413 2625 1466 2698 αι’)-

237 2740 335 2817 του)
382 2733 427 2817 ιός
448 2737 509 2826 γὰρ
532 2739 593 2824 υἱῷ
615 2737 735 2806 θεοῠ’
724 2733 796 2804 όντι
818 2735 956 2824 ἁρμόζει
976 2739 1084 2815 καλῶς
1105 2735 1145 2802 τό
1168 2731 1239 2804 ἆῖόί
1226 2741 1285 2815 ίιος
1308 2732 1396 2804 εἶναι
1416 2733 1464 2798 καλ

238 2837 271 2904 ἐν
292 2835 484 2918 κόλποιςῖ
454 2865 539 2907 ειναι
560 2845 619 2906 τοῦ
642 2839 780 2926 πατρός,
803 2836 909 2918 ούτως
928 2843 984 2905 καλ
1007 2834 1181 2925 ἀνθρώπῳ
1202 2844 1368 2925 γενομένῳ
1390 2838 1466 2920 πρέ-

236 2961 349 3005 πουσα
377 2940 472 3028 φωνή
493 2939 532 3004 τὸ
554 2940 665 3025 κύριος
688 2941 795 3006 ἐ’κτισέ
815 2965 865 3022 με.
911 2939 987 3005 τότε
1008 2939 1069 3026 γάρ
1093 2941 1221 3026 λέγεται
1242 2943 1321 3026 περί
1349 2932 1464 3004 αὐτοῦ·

235 3044 290 3104 καί
314 3037 484 3119 ἓπείνασε,
516 3044 570 3106 καὶ
594 3041 749 3127 ἐδίψησε,
772 3042 826 3104 καλ
850 3037 1057 3107 ἐπυνθάνετο
1080 3045 1147 3106 ποῦ
1169 3040 1331 3128 Λάζαρος
1353 3050 1464 3114 κεῖται,

237 3140 291 3204 καί
314 3145 479 3219 πέπονθε,
503 3143 556 3206 καί
581 3136 709 3228 ἀνίστη,
754 3143 807 3208 καὶ
831 3137 945 3227 ὥσπερ
968 3137 1142 3221 ἀκούοντες
1164 3137 1264 3210 αὐτόν
1286 3143 1401 3230 κόριον
1415 3137 1464 3206 καὶ

236 3237 321 3306 θεὸν
341 3243 398 3306 καί
421 3244 494 3328 φῶς
517 3237 688 3329 ἀληθινόν,
712 3245 851 3326 νοοῦμεν
866 3237 966 3308 αὐτὸν
982 3239 1063 3309 ὄντα
1078 3243 1112 3310 ἐκ
1126 3247 1185 3310 τοῦ
1201 3243 1339 3329 πατρός,
1365 3239 1466 3314 οὕτως
1531 3259 1532 3330 ι

195 3411 203 3420 „
238 3337 366 3408 δίκαιόν
388 3341 478 3408 ἔστιν
501 3338 682 3422 ἀκούοντος
703 3343 742 3409 τὸ
765 3343 871 3410 ἐ’κτισε
892 3346 945 3410 καί
968 3343 1007 3410 τὸ
1029 3346 1148 3424 δοῦλος
1169 3348 1223 3412 καὶ
1246 3343 1285 3411 τὸ
1299 3347 1463 3417 πέπονθε,

235 3440 280 3527 μή
309 3445 348 3530 τῇ
377 3443 517 3530 θεότητι
545 3445 753 3530 λογίζεσθαι,
783 3441 947 3512 ἀνοίκειον
967 3445 1045 3532 γάρ,
1078 3442 1163 3513 ἀλλὰ
1184 3451 1223 3534 τῇ
1246 3451 1341 3533 σαρκί
1365 3447 1466 3514 ταῦτα
1531 3457 1532 3508 ί

235 3554 386 3629 μετρεῖν,
409 3543 449 3631 ἣν
472 3543 520 3611 δι’
545 3543 631 3634 ἡμᾶς
654 3547 809 3635 ἔφόρεσε·
838 3547 959 3634 ταύτης
987 3546 1048 3634 γὰρ
1071 3549 1143 3624 λ’όιοι
1165 3551 1284 3628 ταῦτα,
1308 3552 1363 3616 καλ
1386 3539 1463 3628 αύιή
1491 3537 1493 3542 ’

236 3640 255 3730 ή
279 3643 363 3731 σὰρξ
383 3641 441 3730 οὐχ
464 3647 585 3734 ἑτέρου,
611 3645 694 3715 ἀλλὰ
716 3653 775 3717 τοῦ
798 3648 896 3734 λόγου
920 3649 1017 3715 ἐστίν.
1050 3649 1079 3716 εἰ
1102 3651 1213 3717 δὲκαὶ
1237 3651 1275 3716 τὸ
1299 3650 1333 3718 ἐκ
1347 3649 1465 3717 τούτου

234 3747 395 3834 χρήσιμον
416 3747 550 3815 1’ἐθίλοι
571 3775 623 3828 τις
643 3758 778 3834 μαθεῖν,
803 3746 933 3838 εὑρήσει
954 3755 1007 3817 καί
1022 3755 1138 3817 τοῦτο·
1163 3747 1257 3838 ὁγὰρ
1273 3751 1370 3838 λόγος
1386 3745 1465 3832 σὰρξ

236 3849 362 3935 ἐγένετο
370 3855 391 3930 ⁴)
398 3901 407 3930 ,
437 3850 493 3918 ἵνα
521 3853 574 3918 καὶ
604 3859 798 3939 προςενέγκῃ
828 3855 926 3920 τοῦτο
949 3849 1033 3939 ὑπὲρ
1056 3852 1207 3932 πάντων,
1238 3855 1292 3920 καλ
1314 3849 1411 3941 ἡμεῖς
1432 3846 1465 3914 ἐκ

235 3955 293 4016 τοῦ
316 3951 505 4037 πνεύματος
528 3947 629 4018 αὐτοῦ
651 3952 892 4039 μεταλαβόντες
913 3957 1168 4039 θεοποιηθῆναι
1183 3956 1390 4041 δυνηθῶμεν,
1408 3948 1464 4018 66-

235 4052 301 4130 λως
323 4049 380 4121 ούκ
398 4050 438 4120 όν
460 4053 578 4120 τούτου
601 4049 760 4136 τυχόντες,
785 4054 814 4120 εἰ
836 4055 881 4139 μή
904 4054 942 4120 τὸ
964 4053 1097 4121 κτιστὸν
1118 4050 1209 4140 ἡμῶν
1234 4052 1334 4134 αὐτὸς
1356 4049 1464 4122 ύνεόό·

235 4175 317 4217 σατυ
340 4158 452 4238 σῶμα·
476 4153 562 4222 ούτω
585 4155 646 4243 γὰρ
668 4159 722 4222 καί
745 4153 927 4240 ἄνθρωποι
947 4159 1032 4222 θεοῦ
1051 4156 1172 4222 λοιπὸν
1194 4159 1249 4222 καί
1276 4157 1310 4224 ἐν
1325 4151 1461 4244 Χρισνψ
1531 4148 1532 4174 ¹

234 4251 415 4339 ἅνθρωποι
442 4259 649 4344 χρηματίζειν
677 4251 859 4343 ἠρξάμεθα.
907 4250 975 4322 όιλλ
1007 4251 1120 4344 ὥσπερ
1148 4253 1243 4342 ἡμεῖς
1272 4258 1311 4323 τὸ
1334 4259 1463 4339 πνεῦμα

235 4354 457 4441 λαμβάνοντες
485 4353 542 4424 οὐκ
571 4355 761 4444 ἀπόλλυμεν
789 4355 848 4444 τήν
878 4357 1010 4425 66666‘
994 4361 1119 4425 εαυτῶν
1148 4353 1281 4425 ούσιαν·
1311 4357 1417 4436 οὕτως
1444 4375 1460 4416 ⁰

306 4581 414 4638 ίλΙοια.
435 4582 457 4643 ί,
478 4579 517 4632 18.
588 4581 748 4644 mnam,
771 4581 810 4632 1⁵.
879 4581 990 4642 3JProv.
1011 4581 1095 4644 622
1165 4583 1277 4642 ί)ίοια.
1297 4583 1320 4645 1,
1340 4581 1379 4631 14.
