3098 5040
240 329 302 394 824
638 335 665 378 s.
680 331 1070 378 ιταιαιειιιιοαιανιεοονι

154 513 297 560 νεαινυν
327 489 377 557 έτι
401 485 486 573 μετὰ
513 485 660 552 τοσαῦτα
689 476 910 570 ἀμφισβητεῖν
939 473 960 566 ἢ
982 481 1089 569 ζητεῖν
1109 505 1197 560 τινες
1220 480 1461 568 ἐπιχειροῦντας

128 582 132 591 ’
240 593 271 661 εί
290 592 351 677 μέν
374 579 432 657 σύν
455 587 490 655 ἐκ
511 589 577 653 τῶν
596 579 778 671 ’Λρειανῶν
800 581 894 662 εἰσιν,
918 576 1013 649 οὐδὲν
1035 582 1249 668 θαυμαστόν,
1280 582 1309 651 εί
1331 577 1459 651 τὸκατ’

242 687 350 760 αύτῶν
372 694 540 778 γραφέντα
562 685 807 772 διαβάλλουσιν,
831 680 939 770 ὥςπερ
954 680 1105 771 Ἕλληνες
1127 678 1317 763 ἀκούοντες·
1353 690 1395 752 τί
1418 685 1463 752 εἴ·

242 794 333 861 δωλα
353 795 420 860 τῶν
443 790 553 858 έθνῶν
575 783 729 875 άργύριον
750 784 807 854 καὶ
825 792 969 873 χρυσίον,
994 786 1072 872 ἔργα
1090 789 1208 874 χειρῶν
1231 781 1461 872 monimum

155 917 232 963 ανον.
240 901 369 982 μωρίαν
391 888 548 979 ἡγοῦνται
567 888 625 977 τὴν
646 890 742 976 ’περί
763 889 822 954 τού
844 892 942 956 θείου
964 890 1107 976 σταυροῦ
1127 888 1364 956 διδασκαλίαν·
1386 889 1463 958 dd

240 1000 307 1065 τῶν
330 993 514 1062 δοκούντων
537 988 651 1079 ὀρθῶς
672 988 842 1058 πιστεύειν
862 991 918 1057 καί
941 982 1073 1078 άγαπᾷν
1094 989 1137 1058 τὰ
1158 991 1360 1078 δηλωθέντα
1374 989 1463 1078 παρὰ

241 1102 307 1166 τῶν
337 1101 491 1183 πατέρων
514 1091 598 1164 είσίν
621 1092 654 1159 σί
676 1091 733 1159 διὰ
753 1093 813 1158 τοῦ
837 1091 943 1179 ζητεῖν
966 1084 1194 1174 άνασκεοάζειν
1215 1094 1393 1175 θέλοντες,
1414 1088 1466 1159 σύ-

242 1201 296 1268 δίν
330 1199 441 1285 ἕτερον
470 1197 628 1264 ποιοῦσιν
634 1245 645 1276 ,
678 1187 699 1281 ἢ
730 1192 814 1260 κατὰ
841 1191 880 1258 τὸ
907 1199 1126 1279 γεγραμμένον
1154 1193 1295 1278 τὸνμὲν
1317 1197 1463 1283 πλησίον

240 1301 455 1382 ιποτίζουσιν
477 1291 668 1385 ἀνατροπὴν
689 1293 872 1382 θολιράνἾ,
896 1294 1115 1380 λσγομαχούσι
1136 1295 1173 1364 δὲ
1194 1290 1245 1364 ἐπ’
1263 1291 1383 1364 ούδενλ
1395 1323 1468 1384 χρη-

242 1409 329 1490 σίμῳ
351 1396 373 1489 ἢ
395 1398 454 1468 ἐπὶ
475 1399 687 1488 καταστροφῇ
709 1399 776 1464 τῶν
799 1390 970 1483 άκεραίων.

326 1508 356 1570 2.
404 1503 519 1568 Ταῦτα
541 1502 577 1568 δὲ
599 1496 705 1579 ούτως
724 1499 843 1586 γράφω
866 1496 1004 1582 ε’ντυχών
1026 1509 1097 1580 τοῖς
1119 1498 1211 1586 παρὰ
1232 1525 1271 1586 τη
1288 1521 1330 1586 σῃ
1347 1505 1468 1568 θεσσε·

240 1611 316 1693 βείρ
343 1609 586 1691 προςαχθείσιν
614 1597 864 1687 ύπσμνήμασιν,
895 1597 916 1667 ἃ
943 1600 1026 1689 μηδὲ
1046 1603 1213 1689 γραφῆναι
1234 1597 1383 1688 ὄφελον,
1419 1602 1469 1668 ἵνα

240 1707 324 1795 μηδὲ
344 1705 453 1792 μνήμη
476 1729 528 1784 τις
550 1703 675 1772 τούτων
697 1708 770 1781 τοῖς
790 1700 874 1786 μετὰ
894 1705 999 1769 ταῦτα
1020 1708 1160 1790 γένηται.
1197 1709 1248 1782 τίς
1269 1701 1333 1790 γάρ
1348 1701 1469 1790 ἥκουσι

240 1811 380 1875 τοιαῦτα
401 1805 542 1874 πώποτε
549 1835 561 1890 ,·
597 1813 666 1883 ‘vde
688 1800 706 1870 ὃ
730 1803 866 1883 διδάξας
887 1798 908 1889 ἢ
928 1803 1068 1889 μαθώνς
1099 1803 1133 1871 έκ
1146 1805 1206 1887 μέν
1220 1802 1280 1890 γὰρ
1292 1802 1389 1871 Σιὼν
1407 1806 1470 1886 ἕξε-

241 1910 393 1978 λεύσεται
415 1907 516 1991 νόμος
536 1909 621 1975 θεοῦ
643 1908 698 1974 καί
722 1902 819 1990 λόγος
839 1912 952 1992 κυρίου
975 1906 1012 1986 ἐξ
1028 1902 1275 1992 ἸερουσαλήμἿ,
1298 1907 1417 1972 ταῦτα
1436 1907 1467 1972 δὲ

241 2009 352 2077 πόθεν
375 2008 495 2092 ἐξῆλθε
502 2035 513 2090 ,·
543 2017 645 2086 ποῖος
666 2004 748 2094 ᾅδης
768 2001 927 2096 ἠρεύξατο
950 2002 1129 2090 δμοούσιον
1152 2005 1259 2075 εἰπεῖν
1280 2005 1320 2072 τὸ
1336 2005 1375 2074 ἐκ
1392 2014 1469 2074 Μα-

241 2116 315 2197 ρίας
343 2111 440 2192 σῶμα
469 2111 509 2194 τῇ
531 2112 590 2174 τοῦ
612 2108 710 2194 λόγου
732 2108 886 2196 θεότητι,
915 2102 937 2197 ἢ
959 2104 1012 2175 δτι
1035 2104 1053 2174 ὃ
1075 2107 1171 2195 λόγος
1192 2107 1262 2186 ἀείς
1283 2107 1398 2194 σάρκα
1420 2107 1470 2176 καί

243 2206 343 2278 δοτέα
374 2212 428 2276 καί
461 2215 574 2296 τρίχας
599 2211 655 2277 καί
685 2205 763 2276 ὅλον
792 2213 889 2296 σῶμα
916 2211 1159 2298 μεταβέβληται
1185 2211 1239 2278 καὶ
1262 2203 1392 2298 dmm
1417 2237 1470 2299 της

242 2312 331 2391 ίδίας
353 2309 503 2402 φύσεωςς
533 2317 584 2390 τίς
613 2312 649 2379 δέ
671 2307 808 2397 ἤκουσεν
831 2311 865 2379 έν
887 2311 1040 2400 ἐκκλησίᾳ
1059 2305 1082 2400 ἢ
1104 2306 1190 2390 ὅλως
1210 2311 1304 2395 παρὰ
1326 2318 1471 2398 Χριστι-

245 2416 350 2494 ανῶν,
375 2409 429 2480 δτι
450 2417 550 2481 θέσει
571 2412 627 2480 καί
649 2406 687 2478 σύ
711 2412 812 2501 φύσει
833 2417 930 2499 σῶμα
952 2412 1135 2505 πεφύρεκεν
1158 2408 1177 2479 ὃ
1198 2412 1328 2497 κύριοςς
1357 2408 1404 2502 ’ἢ
1427 2421 1470 2492 τίς

241 2516 401 2582 τοσοῦτον
429 2509 605 2602 ἠσέβησεν,
636 2509 719 2613 ὥςτε
747 2514 856 2584 εἰπεῖν
878 2510 949 2601 άμα
970 2518 1024 2582 καί
1048 2524 1198 2603 φρονεῖν,
1229 2509 1282 2580 ὅτι
1302 2509 1324 2602 ἡ
1346 2517 1471 2602 θεότης

198 2633 206 2640 ’
243 2611 324 2706 αύτὴ
345 2612 366 2702 ἡ
390 2610 569 2701 δμσούσιος
588 2618 636 2704 τῷ
659 2618 763 2702 πατρί
784 2617 995 2706 περιετμήθη
1019 2619 1073 2684 καί
1094 2613 1210 2701 ἀτελὴς
1225 2614 1260 2682 έν
1273 2616 1410 2684 τελείου
1424 2624 1471 2703 γέ-

241 2741 349 2806 γονεν,
383 2720 437 2784 καί
471 2713 585 2784 ὅτιτὸ
607 2716 642 2784 έν
663 2717 749 2804 ξύλῳ
771 2718 1022 2806 καθηλούμενον
1044 2713 1103 2785 ούκ
1124 2707 1163 2805 ἦν
1184 2716 1223 2784 τὸ
1245 2719 1360 2802 σῶμα,
1400 2714 1467 2788 ἀλλ’

243 2815 323 2907 αύτή
347 2815 367 2906 ἦ
388 2819 603 2907 ’δημιουργὸς
632 2812 731 2886 ούσία
756 2822 814 2909 τῆς
843 2826 985 2907 σοφίας,·
1024 2824 1075 2899 τίς
1103 2820 1140 2886 δὲ
1161 2815 1304 2900 άκούων,
1336 2815 1394 2887 δτι
1418 2814 1471 2888 σάν

243 2920 279 2991 ἔκ
298 2927 439 3008 Μαρίας
466 2915 535 2988 ἀλλ’
560 2921 596 2988 έκ
623 2923 682 3008 τῆς
710 2921 828 2988 ἑαυτοῦ
859 2915 975 3000 οὐσίας
1001 2927 1219 3007 μεταταίησεν
1241 2919 1351 3006 ἑαυτῷ
1374 2925 1471 3006 σῶμα

242 3021 401 3108 παθητὸν
425 3016 443 3087 δ
465 3020 578 3107 λόγος,
608 3023 703 3091 είπσι
725 3015 765 3090 άν
786 3021 992 3110 Χριστιανὸν
1014 3022 1071 3090 τὸν
1093 3024 1246 3108 Ιλέγοντα
1267 3023 1396 3106 ταύτας
1426 3029 1471 3100 τίς

243 3121 280 3188 δέ
301 3121 361 3208 τὴν
383 3117 546 3206 άθίμιτσν
568 3123 688 3212 ταύτην
712 3123 890 3212 έπενόησεν
913 3119 1085 3212 ἀσέβειαν,
1115 3119 1198 3202 δίςτε
1218 3116 1278 3210 κᾷν
1302 3121 1353 3200 είς
1374 3123 1469 3192 ἒνθύ

242 3243 349 3316 μησιν.
366 3221 479 3290 έλθεῖν
501 3226 555 3290 καί
579 3224 687 3293 εἰπεῖν
694 3277 703 3308 ,
727 3221 782 3294 δτι
804 3222 823 3293 δ
846 3227 948 3312 λέγων
971 3225 1007 3293 έκ
1027 3231 1167 3311 Μαρίας
1189 3217 1274 3291 εἶναι
1296 3223 1336 3290 τὸ
1359 3249 1470 3311 κυρια-

242 3320 299 3388 κὸν
321 3325 419 3407 σῶμα
440 3318 550 3390 ούκέτι
571 3325 692 3412 τριάδα
714 3323 799 3394 άλλὰ
820 3327 963 3414 τετράδα
985 3327 1019 3394 ἓν
1040 3329 1080 3414 τῇ
1101 3325 1243 3414 θεότητι
1265 3335 1399 3413 φρονεῖ,
1423 3319 1468 3402 άς

243 3421 301 3490 διὰ
321 3426 420 3491 τοῦτο
441 3423 519 3503 τούς
541 3422 648 3506 σύτως
670 3429 895 3513 διακειμένους
916 3431 974 3516 τῆς
997 3423 1113 3506 ούσίας
1134 3431 1193 3516 τῆς
1212 3426 1348 3513 τριάδος
1361 3427 1465 3512 λέγειν

242 3518 328 3628 εἶναι
349 3525 407 3612 τὴν
431 3523 545 3614 σάρκα,
568 3525 608 3616 ἢν
630 3528 806 3598 ἐνεδύσατο
830 3529 865 3598 έκ
878 3535 1018 3617 Μαρίας
1033 3525 1052 3596 ά
1068 3528 1195 3617 σωτήρς
1224 3528 1336 3596 πάθεν
1349 3528 1389 3595 δέ
1403 3524 1470 3594 πά·

145 3689 150 3698 ,
241 3627 293 3694 λιν
315 3621 493 3716 ἠρεύξαντό
514 3655 603 3710 τινες
624 3631 700 3719 ίσην
723 3625 877 3718 άσέβειαν
891 3641 964 3711 τοῖς
978 3635 1240 3719 προειρημένοις,
1265 3625 1347 3710 dm
1364 3630 1470 3698 είττεῖν

240 3727 285 3816 μὴ
308 3727 466 3815 νεώτερον
490 3725 635 3798 εἶναιτὸ
658 3735 756 3817 σῶμα
777 3736 836 3822 τῆς
857 3736 915 3800 τού
938 3731 1036 3819 λύγου
1058 3731 1229 3819 θεότητος,
1252 3724 1337 3797 άλλὰ
1353 3733 1469 3798 συναΐ-

241 3829 315 3897 δισν
337 3825 426 3917 αύτῷ
450 3831 636 3912 διαπαντὸς
656 3836 865 3920 γεγενῆσθαι,
890 3832 1006 3920 ἐπειδὴ
1022 3832 1057 3900 du
1071 3835 1130 3920 τῆς
1144 3827 1260 3913 ούσίας
1274 3836 1332 3921 τῆς
1346 3839 1472 3923 σοφίας

241 3985 416 4116 1Ιῖ...12),Ρ3ιιολ
435 3987 491 4050 115,
510 3983 617 4054 4[113,
639 3987 677 4039 1².
697 3989 762 4040 Lxx.
783 3989 839 4042 11³.
859 3990 901 4052 8.,
919 3989 943 4040 4.
963 3985 1051 4055 ίαὶς.].
1132 3988 1158 4050 λ)
1177 3989 1266 4040 Babae.
1284 3989 1310 4053 2,
1327 3987 1368 4038 15.
1448 3985 1471 4038 ³1

274 4167 295 4200 ε.
313 4153 464 4218 Epiphanius
495 4156 564 4206 ιοίαε
587 4150 649 4225 περὶ
675 4155 724 4207 τού
750 4151 831 4223 άγίοα
883 4159 943 4210 bned
962 4159 1007 4208 Fro
1026 4165 1051 4208 lo
1070 4157 1142 4209 θυαε
1167 4160 1341 4210 domuum
1366 4157 1473 4210 flam

240 4211 410 4298 πνεύματος,
436 4224 516 4274 minus
540 4233 612 4274 τεειε.
649 4225 708 4276 Nam
733 4228 834 4290 τεεηίείῑ
884 4225 909 4286 2,
931 4226 970 4276 15.
1006 4173 1075 4277 διιιί
1098 4227 1250 4289 Hieromus
1275 4233 1373 4276 vetem
1391 4227 1472 4276 edide-

239 4285 384 4364 λιίιεοειφε
402 4289 461 4338 iliud
479 4291 546 4341 Pauli
567 4293 588 4341 1.
599 4293 654 4343 Cor.
668 4291 741 4353 ¹2²³·
757 4285 833 4360 ἡμεῖς
883 4309 934 4344 nem
952 4294 1062 4344 Graecam
1078 4295 1217 4354 reddidisse,
1237 4285 1368 4342 ἔκστασιν
1382 4285 1472 4359 ὄχλη-

141 4347 150 4368 “
242 4345 272 4400 δὲ
286 4364 459 4421 κηρυσσομεν
468 4353 596 4422 Χριστὸν
610 4353 830 4428 ἐσταυρωμένον,
883 4357 979 4428 μένην,
998 4364 1121 4412 mentium
1137 4363 1262 4412 ιατίίδαιι.

238 4411 382 4475 Ἰουδαίοις
389 4417 442 4488 μὲν
450 4419 612 4484 σκάνδαλον,
632 4419 722 4490 ίλλησι
735 4424 766 4480 δέ
776 4443 834 4496 μω·
919 4446 940 4480 ο.
959 4430 1001 4479 Sic
1023 4430 1123 4492 Seguer.
1148 4437 1172 4479 et
1195 4429 1342 4480 Τίιισδοτει
1361 4423 1397 4494 [p.
1412 4421 1473 4488 321,

242 4481 314 4556 ρίαν.
377 4547 385 4566 ‚
500 4549 509 4572 ‚
886 4497 950 4562 :pud
969 4489 1120 4562 quem'hnec
1144 4497 1256 4559 Ιεςαοῑοτ
1274 4496 1335 4546 Μαί.
1356 4497 1380 4548 ί.
1415 4493 1475 4546 mu

276 4551 477 4624 λακωνίζουσιν
494 4573 589 4630 ανατρ.
628 4565 655 4614 ln
679 4566 739 4617 haee
763 4565 835 4618 verbu
886 4580 942 4616 νετο
961 4573 986 4616 εί
1003 4563 1045 4618 alii
1062 4556 1079 4626 ἢ
1096 4559 1137 4619 τίς
1154 4557 1178 4614 ὅ.
1223 4565 1299 4616 Paulo
1313 4571 1373 4632 μασι
1388 4563 1474 4628 Ερὶρλ.
