3110 5064
256 347 297 411 36
776 357 948 404 anassiaco.

254 509 446 589 παιδεύσας,
476 505 561 576 ὥστε
583 503 660 595 ὅρον
680 507 740 591 μὲν
759 501 960 594 Ὲαιαιαπῆς
981 501 1066 574 εἶναι
1086 504 1144 573 τὸν
1166 505 1288 574 ἐκείνου
1309 511 1384 592 βίον
1399 481 1457 573 Ικαὶ
1545 481 1546 500 ¹

255 613 394 708 ephron,
422 610 550 696 νόμον
581 612 623 677 δὲ
645 603 897 693 ὀρθοδαξὶας
917 608 966 676 τὰ
988 608 1146 675 ἐκείνου
1168 607 1366 694 δόγματα,
1389 615 1463 674 τίνα

254 712 381 797 μισθὸν
407 715 464 801 τῆς
492 708 657 797 εὐσεβείας
683 710 870 795 κομίζεταις
914 713 996 774 Siout
1027 715 1057 776 h.
1082 713 1102 774 l.
1136 714 1283 793 praedicat
1315 712 1396 776 illum
1428 714 1466 775 ita

254 820 362 881 vixisse
389 827 476 898 atque
504 819 670 879 institutum
701 816 795 878 luisse
817 815 951 894 aliosque
971 814 1153 887 instituisse,
1183 824 1216 876 ut
1238 823 1267 876 et
1288 815 1346 876 rita
1369 815 1465 896 ipsius

255 939 429 1000 morumque
443 921 525 984 ,ratio
541 919 735 998 Episcopatus
758 935 861 982 norma
882 926 973 990 esset,
996 925 1026 978 et
1046 915 1140 996 ipsius
1163 915 1299 995 dogmata
1320 935 1376 996 pro
1398 916 1467 978 lidei
1546 979 1547 1000 χ

254 1022 436 1085 orthodoxae
456 1021 521 1100 lege
543 1019 738 1081 haberentur:
760 1019 800 1080 ita
820 1037 891 1080 raro
914 1017 943 1079 in
966 1026 1026 1079 tota
1049 1015 1183 1078 oratione
1204 1025 1341 1096 tanquam
1364 1036 1467 1081 exem·

106 1159 109 1175 ·
218 1177 223 1186 .
253 1123 328 1203 plar·
344 1121 464 1202 perlecti
493 1131 523 1184 et
549 1120 688 1184 omnihus
709 1121 840 1182 numeria
862 1119 990 1181 absoluti
1013 1118 1142 1197 theologi
1164 1119 1272 1180 laudat.
1317 1119 1468 1200 Suspexe·

253 1233 322 1286 runt
342 1224 440 1303 igitur«
452 1223 548 1301 magni
569 1222 599 1283 hi
621 1221 675 1282 viri
696 1221 896 1295 Athanasium,
919 1239 978 1300 quo
994 1219 1106 1282 scilicet
1120 1219 1177 1300 ipsi
1193 1221 1280 1299 longe
1295 1221 1467 1302 superiores
1547 1232 1548 1322 l

253 1326 374 1413 iudicati¹
392 1334 461 1387 aunt
482 1323 710 1403 aPhilostorgio
733 1322 1102 1402 aliisquereoentiorihus,
1125 1341 1201 1403 quos
1224 1340 1313 1403 supra
1328 1325 1467 1386 nomina·
1547 1323 1548 1380 l

253 1429 358 1490 rimus.
401 1426 498 1487 Taceo
520 1425 591 1486 alias
613 1432 744 1486 veterum
767 1415 869 1486 laud'es
891 1425 968 1486 idem
992 1432 1149 1497 sonantes,
1170 1443 1245 1503 quae
1267 1425 1468 1504 comprehen·
1547 1425 1548 1442 ³

252 1531 363 1590 duntur
395 1545 454 1588 uno
485 1527 535 1588 illc
569 1527 688 1588 nonrine
716 1526 880 1588 honorifico
908 1521 1036 1608 πατρὸς
1057 1525 1114 1608 τῆς
1137 1517 1351 1608 ὀρθαδοξίας,
1387 1527 1468 1606 quod

252 1631 377 1710 primus,
394 1628 424 1689 ui
439 1627 730 1709 lallor,'Epiphanius
746 1627 833 1690 Haer.
845 1627 946 1690 LlllX.
963 1645 1025 1706 cap.
1039 1630 1068 1691 2.
1085 1627 1342 1689 commemorarit:
1357 1627 1469 1708 quippe

252 1750 310 1812 quo
332 1731 361 1792 id
384 1730 481 1810 ipsum
504 1730 694 1809 significetur,
717 1729 748 1792 in
770 1747 829 1810 quo
851 1729 1033 1810 principatus
1056 1729 1239 1808 theologicus
1260 1729 1385 1791 maxime
1400 1748 1469 1792 ner-

252 1936 337 1996 nasio
360 1953 376 1995 a
398 1933 555 1995 veteribus
569 1932 710 1995 tributum
732 1911 935 2014 comprobarit
956 1939 986 1992 et
1007 1931 1162 1994 illustravit
1177 1935 1314 2012 auxitque
1327 1933 1357 1994 in
1373 1933 1469 1996 Prae-

252 2036 362 2098 latione
389 2035 532 2114 generali,
561 2035 611 2096 ubi
641 2036 675 2097 da
703 2035 844 2096 doctrino
865 2033 1025 2095 Athanasii
1050 2033 1178 2096 breviter
1206 2035 1394 2113 expositurus
1425 2036 1470 2098 sic

251 2138 414 2217 praelatura
445 2135 500 2210 „ln
527 2135 710 2198 Christianae
738 2135 806 2196 fidei
834 2141 939 2196 exortu
963 2151 1022 2196 non
1046 2143 1129 2196 erant
1151 2136 1214 2197 eius
1238 2135 1374 2216 mysteria
1396 2155 1468 2198 cer-

118 1833 123 1844 '
254 1837 343 1895 nitur.
387 1831 496 1904 Recte,
519 1842 551 1893 ut
572 1831 659 1893 nohis
680 1831 804 1905 ridetur,
827 1829 1063 1892 llontlauconius
1084 1831 1143 1893 hoe
1164 1832 1350 1910 praeconium
1372 1833 1469 1894 Atha·
1548 1885 1549 1894 ,

252 2247 347 2300 tarum
368 2254 474 2298 uocum
495 2235 636 2298 limitibus
658 2236 898 2316 circumscripta3
921 2236 973 2298 sed
996 2237 1214 2316 emergentibus
1236 2238 1353 2300 demum
1377 2255 1467 2300 arro·
1549 2271 1550 2332 ε

251 2337 335 2402 ribus
363 2336 501 2400 vocabula
529 2338 672 2419 quaedam
701 2337 816 2397 deliniri
844 2355 1001 2400 necessum
1022 2338 1092 2412 luit,
1122 2338 1229 2418 quihus
1252 2357 1304 2400 ceu
1327 2338 1468 2402 claustris

204 2483 208 2490 ·
252 2440 474 2502 continerentur
501 2438 646 2500 temerarii
670 2439 807 2500 homines
828 2440 1152 2502 rerumnovandarum
1175 2441 1314 2502 studiosi.
1357 2441 1394 2502 Et
1416 2443 1468 2504 in-

251 2541 349 2604 dicare
376 2559 413 2602 ne
440 2540 553 2621 pigeat,
583 2559 648 2602 cum
677 2539 748 2604 nihil
769 2539 892 2621 periculi
915 2559 949 2603 ex
972 2541 1080 2602 iudicio
1104 2543 1156 2612 sit,
1187 2543 1274 2604 salvis
1298 2561 1415 2622 semper
1440 2554 1472 2606 et

250 2643 373 2723 integris
396 2641 485 2704 rebus
508 2663 542 2706 ac
562 2643 619 2704 lide
641 2642 713 2705 nihil
735 2652 860 2716 mutata,
883 2643 973 2704 multa
994 2643 1144 2720 Athanasii
1167 2663 1239 2705 aero
1263 2643 1385 2723 eiusque
1408 2655 1471 2725 ope

250 2747 367 2810 inducta
388 2745 476 2811 rerba
498 2745 591 2808 luisse
612 2754 642 2807 et
662 2745 698 2808 ad
721 2753 830 2808 cenam
853 2747 976 2807 lormam
998 2746 1114 2808 redacta
1137 2745 1204 2808 fidei
1227 2745 1336 2825 capita3
1359 2755 1390 2807 ut
1404 2746 1471 2810 Pe-

252 2860 299 2911 ter
324 2849 487 2911 'hodiernae
517 2847 681 2927 theologiae
709 2848 773 2908 iure
795 2846 844 2908 ille
866 2847 964 2908 vocari
986 2846 1092 2926 possit.
1138 2847 1205 2919 Quo
1227 2847 1322 2908 maior
1343 2850 1388 2909 rir
1409 2849 1469 2912 ha-

252 2947 365 3010 bendus
389 2955 445 3020 est,
468 2949 572 3027 utqui
594 2966 658 3008 earn
679 2947 747 3008 fidei
770 2947 950 3009 enarrandae
972 2949 1116 3010 rationem
1138 2948 1221 3027 prior
1243 2949 1405 3025 induxerit,
1431 2971 1470 3015 ex

254 3067 309 3128 qua
331 3047 505 3129 peritissimi
527 3047 649 3127 quique,
673 3056 809 3126 nuquam
833 3065 869 3108 ex
890 3051 988 3121 lente,
1011 3066 1112 3109 rerum
1136 3050 1279 3114 sentiendi
1302 3053 1414 3131 pariter
1439 3065 1471 3118 et

251 3148 388 3230 loquendi
423 3146 542 3210 modum
579 3148 746 3210 haurirent:
778 3147 857 3209 inter
886 3166 962 3227 quos
991 3149 1132 3212 ecelesiae
1154 3150 1262 3213 lumina
1286 3153 1412 3217 Basilius
1439 3165 1470 3220 et

251 3251 411 3332 Gregorius
435 3247 635 3311 Nazianzenus
663 3267 718 3329 pro
745 3248 813 3310 lidei
843 3250 984 3329 magistro
1012 3250 1107 3314 virum
1136 3253 1298 3316 habuero.“
1343 3256 1463 3321 Etenim

251 3353 354 3416 eodem
376 3359 448 3432 puto
471 3369 561 3412 sensu
585 3343 707 3414 Putrem
729 3350 891 3413 hodiernae
913 3352 1077 3433 theologice
1100 3354 1274 3434 appellatum
1297 3375 1380 3436 esse,
1405 3379 1468 3439 quo

250 3455 365 3516 viteres
387 3449 516 3536 πατέρα
536 3452 594 3537 τῆς
617 3444 817 3536 ὅρθοδαξίας
838 3451 974 3516 dixerint.
1020 3455 1056 3516 Ut
1077 3464 1174 3517 autern
1197 3457 1391 3538 intelligatur,
1415 3462 1467 3526 illa

250 3553 444 3635 appellatione
471 3554 642 3633 dignitatem
670 3563 699 3616 ct
725 3555 934 3636 praestantiam
956 3556 1106 3618 Athanasii
1135 3558 1262 3638 theologi
1284 3560 1329 3621 vel
1350 3562 1468 3641 princi·

250 3667 366 3738 patum,
401 3673 488 3734 quam
515 3673 571 3717 nos
594 3656 801 3736 agnoscimus,
832 3674 902 3718 rere
924 3657 1064 3738 exprimi,
1087 3659 1248 3720 accuratius
1271 3662 1316 3724 ris
1339 3673 1368 3725 et
1390 3667 1468 3729 ratio

252 3759 383 3822 eiusdem
412 3757 585 3820 declaranda
617 3765 672 3820 est,
715 3758 748 3820 ld
776 3758 894 3838 quidem
923 3760 996 3821 satis
1019 3759 1203 3822 manifestum
1232 3770 1296 3844 est,
1329 3763 1468 3844 improbe

251 3843 439 3922 Whistonum
460 3859 479 3920 l.
495 3858 515 3918 l.
534 3877 567 3937 p.
584 3858 669 3921 cxvt
685 3879 729 3939 sq.
773 3861 981 3922 hlontlauoonii
1003 3861 1091 3922 verba
1114 3861 1142 3923 iu
1159 3863 1335 3925 deteriorem
1350 3877 1467 3945 partem

252 3964 392 4042 traxisse,
422 3979 455 4022 ae
483 3959 509 4021 si
538 3960 587 4021 ille
616 3961 833 4039 quodammodo
856 3964 1010 4025 consessus
1033 3972 1132 4035 esset,
1156 3966 1346 4028 Athanasium
1370 3959 1468 4034 luisse

252 4073 400 4126 auctorem
423 4062 491 4125 nori
514 4063 683 4142 systematis
704 4062 869 4142 theologiae
890 4063 936 4124 rel
958 4082 1051 4126 novae
1073 4073 1169 4128 sectae
1191 4066 1221 4128 in
1245 4067 1382 4129 ecclesia:
1405 4089 1466 4149 qua

151 4225 159 4238 ,
251 4155 288 4226 ab
317 4165 479 4238 sententia,
509 4173 542 4225 ut
563 4161 651 4224 rerba
673 4163 814 4239 clamant,
837 4165 1007 4244 longissime
1029 4165 1083 4227 luit
1105 4177 1246 4229 remotus.
1291 4171 1349 4233 Sed
1372 4189 1465 4250 quum

250 4282 359 4328 nomen
387 4265 554 4345 theologiae
582 4265 663 4327 vario
691 4265 870 4344 significatu,
902 4265 1004 4328 latiore
1026 4275 1055 4328 et
1076 4270 1262 4348 angustiore,
1292 4279 1465 4352 usurpetur,

252 4367 315 4428 hert
337 4373 444 4446 potest,
468 4375 500 4427 ut
522 4367 579 4428 nisi
602 4367 794 4430 conveniente
816 4367 979 4446 significatu
989 4369 1036 4430 hio
1046 4370 1214 4450 accipiatur,
1233 4373 1387 4452 appellatio
1400 4375 1465 4454 ipsa

253 4477 303 4531 aut
322 4467 393 4530 lalsa
415 4466 613 4530 videaturaut
628 4469 733 4550 inepta.
763 4469 848 4530 Falsa
858 4469 937 4531 enim
956 4469 1112 4545 videbitur,
1124 4473 1149 4532 si
1167 4472 1343 4553 theologiam
1355 4475 1464 4538 dictam
1487 4493 1491 4505 ¹

251 4579 387 4652 putemus
400 4569 565 4632 universam
575 4569 738 4634 doctrinam
746 4570 938 4652 theologicam
949 4573 993 4635 rel
1001 4573 1218 4656 diseiphn'arum
1232 4576 1465 4658 theologicarum
