3006 5058
508 337 948 382 carraciaconrnaanmnos
1012 325 1019 335 “
1130 383 1136 392 ,
1191 308 1219 355 ·’
1266 327 1328 393 327

119 505 146 548 er
165 485 242 550 lactis
262 496 313 550 aut
333 488 442 567 genitis
464 487 566 550 rebus.
610 489 765 568 Siquidem
793 489 871 550 idem
899 509 967 553 esse
997 490 1114 551 dixistis
1136 493 1278 578 γέννημα
1300 502 1415 558 erem

117 583 229 672 ποίημα
249 588 280 651 id
301 597 349 651 est
369 607 434 651 rem
456 591 584 669 genitam
608 599 637 652 et
658 592 776 654 factam.
819 591 892 651 Nam
915 591 1078 671 scripsistis
1095 596 1295 678 γεννηθέντα
1309 596 1344 684 ἢ

117 693 286 774 ποιηθέντα
312 691 342 752 id
366 700 412 754 est
433 693 566 771 genitum
588 691 635 753 vel
656 693 775 756 lactum.
820 692 953 755 Tametsi
976 694 1054 756 enim
1076 693 1167 757 Filios
1191 693 1255 758 aliis
1278 690 1335 758 ra-²
1357 703 1385 756 '.

116 791 163 854 bus
183 800 366 872 comparatus
390 794 477 873 longe
499 794 557 854 illis
580 793 706 868 excellit,
730 794 822 856 nihilo
846 803 945 856 umen
967 797 1066 858 minus
1093 816 1141 858 res
1165 805 1211 858 est
1232 797 1330 861 creala

117 904 142 953 ut
160 893 235 966 illae;
257 895 456 975 quippedum
480 896 570 957 etiam
592 896 670 956 inter
692 913 758 970 res,
783 915 858 976 quae
880 903 985 959 nature
1008 904 1123 962 creatae
1144 908 1233 974 sunt,
1256 899 1331 962 aliae

116 993 167 1056 aliis
186 995 245 1058 sint
265 997 509 1076 praestantiores.
556 996 645 1060 Stella
668 997 746 1058 enim
769 1015 785 1058 a
809 997 894 1058 stella
916 997 1017 1060 dillert
1040 997 1071 1060 in
1092 998 1196 1077 gloria,
1219 1017 1328 1080 resque

116 1094 176 1158 aliae
195 1115 298 1158 omnes
327 1097 405 1160 inter
433 1115 467 1160 se
496 1106 684 1178 comparatae
713 1097 864 1162 differunt.
909 1099 970 1160 Nec
997 1108 1094 1162 umen
1123 1099 1234 1160 ideirco
1256 1101 1330 1164 aliae
1358 1082 1367 1113 ⁷

117 1195 235 1260 deminae
257 1207 345 1273 sunt,
373 1199 446 1261 aliae
469 1199 737 1279 praestantioribus
762 1201 912 1275 serviunt,
941 1201 1015 1262 aliae
1042 1216 1148 1262 causae
1171 1208 1241 1264 sunt
1263 1202 1329 1262 effi·
1350 1211 1354 1214 “
1414 1277 1416 1288 Ι

117 1298 221 1374 cientes,
242 1309 293 1363 aut
314 1301 387 1363 aliae
409 1301 445 1363 ab
468 1302 533 1364 aliis
555 1303 640 1376 liunt,
663 1303 717 1366 sed
740 1310 844 1365 omnes
868 1322 903 1364 ex
919 1301 1045 1364 naturae'
1063 1321 1136 1366 suae
1158 1293 1332 1364 conditione
1439 1304 1445 1318 '

116 1399 176 1460 lunt
201 1411 229 1462 et
260 1411 415 1474 creantur,
445 1423 594 1483 suumque
622 1412 788 1466 creatorem
815 1424 870 1483 per
899 1405 1037 1482 seipsae
1059 1405 1253 1478 confitentur,
1287 1403 1331 1468 uti
1370 1413 1375 1430 '

115 1501 198 1578 psadit
217 1503 321 1564 llarid:
348 1503 601 1567 Caeli·ennrrnat
619 1506 750 1584 qlorr'om
771 1506 844 1577 Dri,
868 1518 897 1569 et
920 1523 995 1584 opus
1015 1524 1162 1566 manuum
1185 1506 1248 1567 eius
1271 1508 1358 1565 oni·

116 1607 223 1664 oonn'et
244 1605 479 1684 firmamentum.
526 1605 652 1684 Sapiens
682 1588 946 1667 item'Zorobabel
973 1605 1013 1666 ita
1041 1603 1188 1684 loquitur:
1225 1602 1373 1675 omnies*

116 1713 188 1766 terro
207 1710 365 1767 oen'totem
386 1693 525 1785 inoocot5
548 1701 662 1770 caelator
685 1711 776 1770 etium
796 1711 859 1788 ipsi
880 1707 1034 1782 benedicit,
1060 1711 1216 1788 omoeoque
1237 1725 1332 1790 opero
1363 1760 1376 1784 ,

115 1810 315 1871 concutiuntur
336 1815 366 1870 et
389 1818 534 1877 treorunt.
576 1809 665 1887 Atqui
688 1810 714 1870 si
737 1810 876 1872 universa
898 1817 977 1870 terra
1000 1808 1135 1888 opilicem
1159 1808 1222 1873 sile
1244 1800 1352 1872 crea-³¹

114 1913 195 1966 torem
216 1916 244 1968 et
267 1910 421 1970 veritatem
443 1909 557 1982 laudat,
584 1910 733 1972 benedicit
755 1917 783 1971 et
806 1909 923 1982 tremit,
958 1909 1022 1972 eins
1045 1919 1143 1974 autem
1165 1909 1262 1990 opiien
1285 1922 1330 1974 est

112 2006 240 2082 terbum,
264 2010 344 2088 quod
368 2020 396 2072 et
418 2011 517 2090 ipsum
538 2011 593 2074 ait:
622 2012 683 2092 Epo
708 2017 1014 2085 coaceruatorum
1038 2032 1108 2092 ergo
1132 2013 1260 2074 Verbum
1283 2023 1329 2076 est

111 2117 243 2184 creatum,
271 2112 324 2173 sed
353 2112 449 2192 ipsum
472 2113 571 2174 solum
592 2113 689 2174 Patris
712 2113 866 2193 proprium
890 2123 952 2190 est,
983 2114 1014 2176 in
1042 2133 1100 2194 quo
1131 2114 1229 2176 omnia
1260 2121 1331 2176 sunt
1367 2147 1370 2156 ·

109 2222 312 2288 coagmentata,
341 2221 429 2294 atque
450 2197 529 2276 idem
550 2215 589 2286 ab
612 2215 751 2278 omnibus
776 2223 913 2300 tanquam
936 2215 1034 2294 opilex
1055 2215 1172 2294 hymnis
1195 2215 1329 2292 eelebre-
1362 2237 1367 2246 ·

109 2315 162 2371 tur.
201 2311 288 2390 Nam,
323 2324 355 2378 ot
382 2315 480 2396 ipsum
504 2315 711 2391 Verbum-an,
739 2316 832 2378 liram
860 2319 942 2397 opud
963 2317 1052 2378 illum
1076 2337 1271 2398 componens,
1301 2326 1331 2378 et
1386 2332 1390 2341 ·

107 2411 193 2474 l’oter
212 2433 295 2478 meus
317 2419 521 2497 usquemodo
545 2429 703 2500 operator,
727 2431 755 2482 et
777 2437 829 2496 eqo
854 2437 975 2498 operor.
1021 2417 1106 2498 Quae
1121 2416 1212 2503 diotio
1236 2435 1339 2499 usque·

104 2515 186 2576 modo
208 2516 363 2596 signifieat,
386 2517 483 2597 ipsum
505 2528 538 2605 pt
554 2516 682 2600 Verbum
706 2538 825 2599 semper
847 2519 876 2580 in
892 2519 980 2580 Patre
1003 2519 1146 2582 existere.v
1178 2519 1330 2600 Siquidem

105 2613 187 2677 l'erlri
208 2619 364 2698 proprium
388 2627 443 2696 cst,
466 2620 563 2684 Patris
587 2640 677 2700 opera
700 2623 817 2682 etlicere
841 2640 895 2684 neo
918 2629 999 2682 extra
1022 2639 1088 2682 curn
1111 2639 1188 2682 esse.

184 2720 235 2782 21.
280 2717 368 2792 Quod
398 2722 423 2782 si
453 2741 529 2802 quae
550 2723 638 2784 l'ater
659 2718 746 2797 lacit,
776 2724 878 2786 eadent
907 2732 942 2783 et·
963 2721 1055 2783 Filius
1083 2720 1167 2794 lacit,
1198 2729 1227 2782 et
1255 2733 1335 2799 quae·

103 2827 180 2880 creat
198 2820 301 2896 Filius,
325 2821 421 2884 Patris
445 2834 515 2884 sunt
537 2831 704 2897 creaturae,
729 2833 807 2886 certe
832 2825 857 2884 si
879 2823 971 2885 Filius
995 2829 1199 2884 creatura-est
1220 2821 1338 2894 Patris3'
1375 2813 1380 2824 '

102 2920 143 2980 ret
165 2939 235 3001 ergo
256 2923 321 3002 ipse
352 2923 484 3002 seipsum
513 2925 603 2986 efficit
630 2925 814 3004 proindeque
843 2925 943 3004 seipse
972 2931 1052 2984 creat
1078 2921 1335 3010 (quandoquidem¹

101 3039 175 3098 quae
194 3021 280 3084 Pater
302 3025 382 3099 lacit,
406 3025 508 3088 eadem
530 3026 595 3088 Filii
618 3037 688 3090 sunt
710 3031 824 3107 opera),
845 3026 926 3106 quod
941 3026 1076 3105 prolecto
1094 3021 1256 3086 absurdum
1272 3031 1349 3100 est,-

98 3141 154 3184 nec
176 3124 240 3186 lieri
260 3125 412 3190 ullomodo
433 3136 544 3208 potest,
566 3127 613 3188 vel
634 3129 660 3190 si
675 3129 771 3192 Patris
794 3145 886 3210 opera
909 3135 989 3188 creat
1011 3136 1039 3188 et
1061 3126 1140 3200 lacit,
1164 3126 1254 3206 igitur
1274 3144 1331 3201 nec
1356 3151 1363 3168 ·

98 3243 177 3303 opus
198 3243 253 3288 nec
272 3236 407 3290 creatora
430 3240 484 3303 est,
506 3249 545 3292 ne
567 3247 633 3292 curn
657 3231 721 3312 ipse
744 3232 784 3293 sit
805 3246 892 3294 causa
915 3229 1055 3303 efficiens,
1077 3230 1109 3289 in
1129 3224 1231 3318 rebuS,
1254 3247 1329 3308 quae

99 3327 184 3400 liunt,
205 3328 299 3392 lacere
320 3332 488 3409 reperiatur
510 3333 589 3412 quod
612 3333 677 3412 ipse
699 3335 792 3396 lactus
815 3342 872 3407 est,
895 3349 961 3395 eum
978 3332 1077 3414 potius
1093 3350 1130 3392 ne
1146 3329 1245 3396 iacere
1261 3309 1415 3410 qui—'ntae

99 3427 165 3488 dem
187 3431 295 3508 possit.
341 3431 399 3504 Qui
421 3433 499 3496 enim
522 3434 586 3498 lieri
609 3443 713 3514 queat,
736 3443 768 3497 ut
791 3455 840 3508 ea,
871 3453 945 3514 quae
967 3453 1028 3495 non
1052 3441 1138 3506 sunt,
1170 3431 1276 3494 efficiat
1288 3439 1331 3513 ¹ut
1360 3478 1380 3521 k

98 3530 168 3598 sint.
194 3530 220 3590 si
242 3540 275 3593 ut
294 3533 407 3612 putatis
429 3533 524 3596 lactus
548 3555 564 3596 e
586 3533 679 3598 nihilo
702 3535 772 3596 est?
817 3535 904 3607 Quod
928 3536 953 3595 si
974 3535 1023 3597 illc
1037 3533 1108 3596 licet
1123 3543 1238 3596 creatus
1253 3551 1328 3612 pos·

98 3631 135 3690 sit
156 3632 323 3710 producere
346 3641 527 3709 ereaturam,
561 3643 640 3698 certe
661 3636 740 3698 idem
763 3635 799 3697 de
822 3637 946 3716 singulis
971 3637 1116 3701 creatoris
1134 3635 1199 3705 'erit
1220 3631 1328 3694 intelli-

96 3734 244 3810 gendum,
271 3753 380 3815 nempe
409 3736 473 3800 illas
502 3755 744 3827 quoquecrearc
766 3755 868 3817 pesse.
914 3738 1001 3810 Quod
1024 3739 1050 3802 si
1072 3730 1088 3799 a
1110 3733 1196 3798 vobis
1220 3751 1329 3794 conce-

93 3967 161 4012 επεν.
189 3955 288 4005 Gobler.
314 3956 419 4005 Felclrrn.
440 3957 462 4005 l.
481 3965 504 4008 et
522 3958 545 4006 4.
563 3951 691 4024 διαφέρει
743 3954 823 4013 Cetae
859 3957 960 4018 Segoer.
986 3953 1043 4003 ibid.
1060 3947 1107 4002 καὶ
1125 3944 1209 4030 quiade
1225 3943 1330 4000 ἔαυτόν.

91 4013 121 4068 ἐν
138 4013 225 4086 δόξῃ·
252 4013 315 4070 utu
340 4015 407 4070 data
424 4014 532 4072 ἕκαστον.
568 4025 689 4074 dlii'rero
741 4025 767 4076 lo
787 4026 841 4074 aliis
860 4032 882 4073 ot
901 4023 971 4072 editis
989 4023 1057 4070 deest
1075 4012 1175 4072 odrae·
1204 4019 1331 4082 depacto

90 4097 115 4134 ιι
134 4092 196 4136 edin
216 4081 341 4155 ὑπερέχει
363 4083 394 4140 ἰν
417 4083 497 4156 δόξῃ·
522 4084 558 4139 τὰ
575 4085 605 4142 δὲ
623 4083 690 4140 dato
741 4093 777 4142 sie
796 4093 882 4140 habet:
902 4081 969 4139 αὐτὸ
988 4080 1085 4136 ἑαυτὸν
1103 4079 1266 4154 ἐργάσεται,
1285 4081 1331 4138 καὶ

94 4147 210 4205 bonu.
673 4153 678 4164 '
740 4151 1033 4212 decantarentur.
1058 4211 1067 4231 ,
1351 4173 1367 4203 ε

125 4239 146 4274 t.
169 4223 279 4274 settim.
298 4216 354 4282 bri
374 4217 404 4274 δὲ
420 4222 497 4272 πᾶσα
512 4223 556 4290 γῆ,
774 4242 796 4287 g.
815 4225 915 4284 Sequor.
938 4217 975 4289 μὴ
1002 4213 1124 4289 dotttto‘f²
1159 4221 1223 4272 Editt
1250 4228 1274 4272 ei
1291 4223 1332 4272 atii

123 4291 148 4338 d.
168 4292 275 4351 sepner.
293 4289 349 4353 lleg.
369 4291 549 4344 totototo
567 4293 590 4343 5.
609 4285 687 4348 ἴδιος.
739 4287 778 4359 μὴ
798 4284 888 4342 αὐτός.
1006 4348 1014 4368 ¹
1041 4346 1049 4365 Ι
1198 4355 1202 4362 ,

89 4357 134 4406 atii
154 4367 181 4407 et
200 4358 276 4408 editio
295 4357 413 4410 Gemmel.
432 4350 527 4412 ἀΐδιοι.
775 4361 798 4410 b.
817 4359 922 4410 deletam.
941 4360 964 4410 5.
983 4369 1059 4407 uoto.
1110 4397 1116 4411 .

124 4442 146 4475 ε.
165 4425 274 4488 Sequar.
299 4426 398 4476 Gobler.
423 4435 445 4478 et
470 4427 575 4478 retctm.
597 4429 618 4478 l.
638 4422 690 4478 det·
775 4427 791 4477 i.
810 4425 915 4478 deletam.
934 4421 1121 4490 malopem.

87 4507 179 4544 mor.
218 4493 341 4544 &terim
360 4493 416 4544 editi
435 4487 557 4544 δεικνύει.
775 4496 798 4545 lr.
817 4495 858 4545 Sic
875 4495 976 4556 Segoer.
995 4493 1093 4544 Gobter.
1112 4490 1216 4541 Felclrrn.
1239 4489 1259 4540 l.
1276 4490 1331 4567 ιιι.

123 4564 141 4614 t.
160 4561 225 4612 tans.
238 4559 330 4612 'omnes
343 4551 513 4628 terdonae
532 4564 594 4615 Editi
611 4556 690 4630 ἔργά·
742 4562 771 4612 dt
788 4563 828 4612 alii
844 4569 868 4612 et
884 4563 941 4613 editi
957 4553 1097 4610 devocant
1107 4571 1174 4610 ιιιεε
1191 4551 1238 4606 καὶ
1255 4568 1332 4606 αντα.
