3110 5064
220 333 259 396 te
335 373 337 380 ι
744 343 918 391 rnasrlrro.

217 495 328 576 queudi
356 494 530 574 dicendique
558 494 675 572 generis
708 501 845 572 petrum,
878 510 937 572 quo
970 493 1128 573 peculiaris
1162 511 1267 556 eorum
1295 494 1443 574 cogitandi

183 639 189 654 .
219 596 427 676 sentiendique
449 596 525 658 retio
549 605 579 656 et
600 593 685 675 quasi
707 595 801 656 lorma
824 594 935 672 ingenii
958 612 1098 674 expresse
1128 603 1191 667 est,
1223 594 1347 658 multum
1375 596 1444 658 lecit

219 697 306 758 etiem
335 697 371 760 ad
399 697 531 758 rationes
559 695 757 774 dogmaticas,
793 713 867 775 ques
897 695 990 756 secuti
1017 703 1104 766 sunt,
1137 695 1321 774 aperiendas.
1365 695 1445 760 lleec

218 797 307 876 igitur
327 797 476 878 praesidia
498 797 535 875 ad
557 797 749 876 indagandum
772 795 923 858 veritatem
945 795 1085 858 deliciunt
1107 814 1171 871 eos,
1194 797 1245 877 qui
1260 797 1297 858 de
1312 797 1444 860 docmina

218 898 328 960 veteris
358 898 500 961 ecclesiae
525 905 704 978 quaerentes
732 897 841 976 scripta
868 903 985 976 patrum
1017 913 1079 962 uon
1112 914 1216 975 graece
1237 905 1268 960 et
1288 897 1377 960 latios
1398 898 1444 960 le-

219 1008 301 1078 gunt,
325 999 378 1062 sed
400 998 590 1062 versionibus
612 1004 736 1062 utuntur
758 997 822 1059 sire
842 996 1026 1088 vernaculis,
1053 997 1117 1058 sire
1138 997 1238 1060 latinis
1261 1017 1444 1077 graecorum,

220 1107 251 1162 et
273 1118 308 1160 er
329 1099 377 1162 his
400 1117 507 1179 sapere
528 1107 684 1160 conanum.
727 1097 814 1170 Quod
837 1115 906 1160 vero
928 1097 1136 1178 gravissimum
1159 1108 1222 1174 est,
1245 1099 1334 1162 iidem
1355 1099 1445 1162 variis

221 1199 347 1280 obnoxii,
364 1207 435 1262 sunt
456 1199 608 1262 erroribus
631 1217 667 1260 ex
689 1197 835 1278 imperitis
859 1199 905 1260 vel
929 1197 1107 1278 negligentia
1128 1200 1334 1280 interpretum,
1356 1200 1446 1262 etiam

222 1302 407 1382 expertium
430 1300 547 1373 studio,
580 1317 637 1376 quo
667 1298 741 1360 fides
769 1298 964 1379 interpretum
992 1299 1022 1362 in
1054 1299 1114 1364 hoc
1135 1301 1315 1380 scriptorem
1338 1317 1447 1380 genere

221 1401 392 1464 etiamnunc
429 1398 613 1463 sollicitatur.
671 1399 714 1460 lle
756 1397 891 1462 lloesleri
934 1399 1230 1480 interpretationibus
1265 1400 1295 1462 id
1326 1401 1446 1481 quidem

222 1501 331 1563 dictum
354 1499 441 1562 nolo:
470 1499 523 1562 sed
555 1499 635 1564 huuc
656 1517 774 1580 quoque
795 1499 942 1564 interdum
964 1501 1174 1564 hallucinatum
1196 1519 1264 1567 esse
1286 1510 1316 1564 et
1336 1520 1355 1564 a
1375 1519 1447 1564 vero

134 1593 142 1615 '
222 1602 419 1680 scriptorum,
441 1599 567 1662 maxime
595 1617 783 1677 graecorum,
806 1619 897 1662 sensu
926 1601 1081 1664 aberrasse
1109 1618 1170 1664 non
1192 1601 1337 1664 dubitabit
1359 1603 1448 1664 etiam

222 1702 273 1781 qui
306 1720 367 1764 non
395 1699 560 1780 inspexerit
579 1699 807 1777 bibliothecam,
840 1703 866 1764 sl
899 1703 1000 1782 operis
1022 1703 1098 1766 inus
1119 1721 1232 1783 peuces
1254 1721 1351 1765 annos
1373 1722 1451 1786 cran-¹

221 1803 290 1864 lecti
323 1801 432 1864 melem
461 1807 495 1863 'et
525 1798 725 1866 difficultatem
758 1802 940 1882 expenderit.
986 1803 1074 1876 Quod
1102 1803 1129 1866 si
1160 1803 1250 1882 igitur
1272 1821 1328 1866 neo
1348 1804 1448 1868 lloes·

222 1902 276 1966 leri
301 1903 407 1965 stodiis
429 1902 489 1974 illa,
510 1919 587 1982 quae
608 1901 719 1964 multos
743 1921 776 1962 ex
799 1901 946 1982 theologis
969 1902 1108 1964 litteratis
1130 1911 1160 1964 et
1175 1904 1245 1966 olim
1262 1904 1451 1981 desiderasse

225 2011 255 2064 et
276 2020 356 2066 nune
376 2003 546 2066 desiderare
574 2002 717 2080 diximus,
749 2003 863 2082 explete
891 2011 977 2078 sunt,
1009 2004 1143 2084 prolecto
1171 2005 1332 2068 verendum
1362 2005 1449 2068 uobis

223 2121 284 2166 non
308 2112 370 2179 est,
401 2123 439 2166 ne
469 2104 592 2166 edentes
613 2102 825 2164 bibliothecam
847 2112 965 2183 patrum
987 2122 1161 2185 graecorum
1182 2104 1379 2184 dogmaticam
1402 2105 1449 2168 di·

225 2223 327 2269 eemur
347 2213 412 2268 ecta
433 2223 536 2284 agere,
566 2223 622 2284 qua
650 2202 687 2264 ab
714 2204 880 2266 temeritate
901 2204 1017 2267 animus
1040 2204 1190 2286 abhorret.
1235 2205 1330 2268 Simul
1351 2215 1450 2270 eutem

225 2306 352 2370 strictim
375 2304 656 2378 demonstravimus,
686 2323 740 2368 cur
761 2304 849 2369 nobis
872 2323 934 2368 non
955 2305 1100 2386 probetur
1120 2307 1195 2370 ratio
1217 2305 1352 2370 lloesleri
1373 2307 1450 2370 elio-

224 2425 351 2488 rumque
372 2397 503 2470 rirorum
525 2406 691 2480 domorum,
714 2407 764 2484 qui
787 2413 922 2485 excerpta
944 2405 1046 2485 potius
1069 2425 1104 2468 ex
1125 2413 1241 2486 patrum
1263 2406 1348 2469 libris
1362 2425 1450 2488 quem

225 2506 339 2586 integra
362 2526 465 2572 eorum
489 2507 597 2586 scripto
620 2505 765 2568 studiosis
788 2505 958 2586 theologiae
979 2506 1138 2568 historicae
1159 2509 1353 2588 proponendo
1383 2527 1452 2574 esse

227 2589 423 2682 censuerunt}
457 2625 552 2687 neque
578 2616 717 2689 putamus
745 2607 827 2680 lore,
857 2607 908 2688 qni
935 2623 1016 2670 nnnc
1042 2606 1100 2668 tale
1129 2607 1198 2688 quid
1226 2626 1242 2670 e
1278 2608 1367 2670 nohis
1397 2629 1450 2672 ex·

225 2717 370 2789 spectent
413 2709 475 2772 Nec
496 2718 594 2771 temen
617 2727 723 2771 noram
745 2707 871 2788 aliquem
899 2725 957 2772 nos
986 2708 1121 2788 prolerre
1150 2715 1363 2788 syntagmatum
1396 2729 1451 2790 pe-

226 2809 409 2874 tristicorum
432 2811 580 2891 speciem,
612 2827 687 2890 quae
709 2809 836 2872 dubitari
856 2808 954 2888 possit
975 2827 1012 2870 an
1039 2808 1160 2870 omniuo
1184 2809 1224 2870 sit
1244 2810 1402 2872 commoda
1424 2817 1454 2872 et

226 2910 295 2970 usui
317 2911 524 2989 theologorum
547 2909 744 2978 conveniens.
777 2909 807 2970 id
830 2908 1037 2970 collectionum
1059 2908 1223 2980 eiusmodi,
1250 2927 1323 2988 ques
1345 2928 1452 2972 recen·

228 3010 354 3084 enimus,
377 3009 508 3090 exempla
531 3010 648 3072 docent.
691 3009 754 3070 llio
774 3027 845 3069 vero
870 3015 917 3070 est
937 3007 1089 3086 quaestio,
1112 3017 1251 3070 annecte
1279 3017 1454 3080 sulcamus,

227 3111 340 3173 nostris
376 3109 560 3190 temporibus
598 3108 704 3170 edendi
743 3107 843 3189 operis
880 3107 1067 3170 occasionem
1102 3108 1190 3170 nobis
1228 3128 1297 3172 esse
1339 3110 1454 3174 datam:

229 3211 266 3272 de
288 3229 345 3292 qua
366 3219 522 3290 antequam
545 3209 640 3272 dicem
662 3209 732 3289 quid
761 3209 903 3281 sentiam,
935 3226 1059 3270 necesse
1091 3217 1138 3270 est
1165 3209 1202 3272 de
1230 3210 1325 3290 ipsius
1352 3211 1454 3291 operis

229 3313 365 3375 instituto
387 3312 433 3374 rel
454 3311 577 3374 materia
599 3320 629 3372 et
650 3311 745 3372 forms
768 3311 923 3372 disseram.
967 3308 999 3370 ld
1012 3308 1091 3372 eninr
1108 3309 1276 3372 institutum
1299 3311 1384 3392 quale
1401 3312 1454 3383 sit,

229 3431 325 3493 oeque
348 3413 502 3493 inscriptio
524 3412 563 3474 ita
586 3411 705 3483 indicat,
734 3419 767 3474 ut
788 3410 861 3474 nihil
883 3428 959 3490 opus
981 3409 1022 3472 sit
1039 3410 1164 3472 editoris
1179 3411 1380 3492 professione,
1399 3431 1456 3476 ne·

230 3532 287 3594 que
309 3515 452 3576 hactenus
475 3513 547 3576 satis
569 3512 600 3574 in
621 3513 677 3574 hac
697 3511 880 3592 praelatione
902 3510 1076 3590 explicatum
1098 3523 1161 3591 est.
1191 3513 1248 3574 etsi
1276 3511 1313 3574 eb
1335 3514 1400 3594 ipsa
1422 3531 1456 3575 re

230 3615 328 3676 exorsi
351 3632 467 3676 sumus.

314 3714 445 3776 Primum
468 3713 557 3793 igitur
579 3714 658 3794 quod
680 3713 798 3778 maximi
820 3721 868 3776 est
894 3712 1038 3774 momenti
1067 3731 1229 3794 erponem,
1257 3713 1364 3794 quibus
1391 3722 1456 3777 ter·

231 3815 320 3878 minis
342 3814 487 3889 collectio,
509 3832 595 3895 quam
618 3815 792 3894 simpliciter
817 3813 1032 3878 bibliothecam
1050 3828 1176 3896 potrum
1198 3833 1378 3894 praecorum
1401 3816 1458 3878 dc-

105 3951 110 3958 ·
230 3920 392 3997 qmotrhomff
402 3915 567 3992 inscribere
581 3915 653 3976 mihi
670 3916 789 3996 placuit,
812 3915 852 3976 sit
873 3915 1093 3994 circumscripte
1116 3913 1161 3975 rel
1180 3933 1325 3994 quaenam
1340 3924 1457 3996 patrum

229 4035 405 4096 graccorum
434 4015 575 4095 opuscula
603 4015 768 4095 dogmatica
796 4035 832 4077 ex
859 4033 963 4095 magne
994 4033 1069 4095 quae
1098 4022 1192 4076 exstat
1219 4016 1407 4080 multitudine
1429 4021 1460 4076 et

231 4117 372 4180 varietate
394 4117 523 4197 deligere
544 4116 726 4198 iunctimque
747 4117 836 4180 edere
856 4117 1045 4196 propositum
1069 4114 1119 4176 sit.
1163 4115 1229 4188 Qun
1257 4116 1295 4177 de
1322 4135 1355 4178 re
1383 4134 1457 4180 con-

233 4217 331 4280 silium
360 4236 459 4280 meum
488 4217 525 4280 eh
562 4217 647 4280 initio
683 4217 875 4299 praelationis
911 4217 952 4280 ite
984 4215 1104 4297 aperui,
1137 4223 1171 4278 ut
1198 4215 1229 4278 iu
1256 4234 1342 4279 usum
1369 4217 1458 4280 theo·

232 4317 368 4397 logorum
400 4319 528 4382 maxime
549 4318 711 4382 desiderari
744 4319 980 4382 demonstrarem
1012 4317 1156 4380 delectum
1189 4315 1460 4380 illustrissimorum

233 4427 349 4500 petrum
370 4437 554 4500 graecorum,
577 4419 629 4501 qui
650 4439 740 4501 quum
761 4419 933 4501 principalis
957 4428 988 4482 et
1009 4417 1188 4482 universalis
1207 4417 1362 4498 religionis
1377 4415 1459 4482 chri-

159 4593 163 4600 ,
236 4519 348 4584 suanae
369 4520 506 4602 dogmata
527 4521 565 4592 de
580 4521 711 4586 triuitete
725 4522 973 4588 etiucamatioue
995 4521 1044 4586 dei
1066 4521 1098 4582 in
1118 4518 1334 4600 disceptetione
1355 4533 1459 4584 rerer·
1498 4609 1502 4620 Ι
