3128 5052
400 285 407 292 '
470 301 617 346 nrrsrouu
632 303 653 346 r.
668 303 705 347 tu
722 303 919 349 sensuronrtr.
1239 275 1300 357 tot

32 453 195 535 {piritus
225 462 355 526 sanctus,
379 453 429 534 qui
452 453 482 515 in
504 454 566 516 lieo
589 461 645 528 est,
668 453 858 518 immutabilis
880 465 910 518 et
926 456 1120 538 incorruptus
1142 460 1385 541 omnisquercu.

35 555 284 618 'icissitudinis
307 575 412 636 expers
441 573 510 619 esee
532 556 699 619 censendus
721 567 778 620 ost.
820 560 858 619 At
878 574 978 620 rerum
1000 561 1140 623 laetarum
1163 570 1193 622 et
1214 581 1299 624 crea-

34 675 149 719 ,ει-ωτι
180 665 293 719 natura
317 657 466 719 mutabilis
489 667 550 733 est,
578 666 683 738 utpote
712 659 847 738 quaesit
868 670 949 728 extro
971 661 1022 722 liei
1053 661 1246 726 substantiam
1270 661 1321 726 et'
1392 729 1398 737 ,

34 779 49 828 e
79 759 197 822 nihilo
224 760 380 822 exstiterit.
424 759 576 840 Siquidem
602 760 706 824 Omnt's
729 761 825 833 bomo,
847 762 952 842 inquit,
974 765 1111 835 menedon,
1135 750 1171 826 et'
1188 765 1298 827 Omnes

24 853 274 944 ‘peecaverunt
296 874 324 925 ct
346 873 431 941 egeat
451 862 552 942 glorio
573 861 638 925 Dei.
683 862 812 942 Angelos
835 881 919 936 cero,
943 869 996 946 pua·
1015 883 1077 928 oca
1096 879 1384 932 acrcmercntrnn.

34 983 145 1027 auum
167 967 399 1046 principatum,
429 966 483 1027 secl
505 965 731 1046 dereb'pateruot
759 983 848 1026 ouum
870 967 1065 1038 dometium,
1095 972 1129 1028 lo
1156 971 1299 1032 mulinum

33 1069 160 1146 magni
191 1065 257 1129 dici
283 1065 413 1128 uinculis
442 1069 574 1128 oeternis
604 1065 659 1128 sub
689 1065 816 1144 cob'pr’oc
848 1071 1028 1130 reservavit.
1073 1067 1110 1129 lit
1131 1071 1207 1148 apud
1228 1069 1297 1132 lob:

40 1167 83 1228 Si
109 1172 240 1230 conctis
263 1165 384 1246 Angelis
417 1171 481 1229 auia
508 1186 572 1229 ooo
598 1167 682 1248 fidit,
710 1168 763 1230 aed
792 1179 900 1230 contro
921 1167 1050 1248 Angelos
1074 1187 1208 1248 procum
1229 1174 1300 1252 quaid

42 1271 222 1350 cogitauit.
267 1267 381 1331 Stellae
410 1287 483 1331 uero
504 1287 568 1331 noo
590 1269 663 1331 scint
682 1268 812 1331 mundae
833 1273 866 1330 sit
888 1281 1048 1350 conspectu
1070 1275 1146 1332 cius.
1189 1269 1299 1333 Paulus

25 1380 162 1450 ¹autem
196 1369 317 1432 scribit:
346 1369 475 1432 Nescitis
502 1375 645 1451 quoniam
666 1369 794 1448 Angelos
815 1370 1039 1435 iudicabimus?
1066 1383 1178 1454 puooto
1206 1377 1299 1452 nopai

47 1470 248 1536 aeeulcriol'
293 1470 371 1544 Quin
395 1471 483 1533 otiam
506 1471 681 1544 audivimus,
706 1470 866 1546 diabolum,
893 1471 995 1552 quiin
1018 1471 1117 1536 medio
1140 1473 1297 1536 Cherubim

50 1573 163 1636 stabat
187 1580 219 1634 et
241 1571 423 1652 signaculum
447 1571 649 1634 similitudinis
672 1580 751 1643 erat,
774 1591 791 1634 e
812 1573 894 1634 caelo
917 1575 1002 1654 quasi
1025 1574 1122 1654 lulgur
1143 1575 1296 1638 occidisse.
1321 1585 1328 1592 ’

51 1677 91 1737 Si
114 1691 216 1754 porro
239 1693 273 1736 ea
302 1681 351 1735 est
377 1692 477 1736 rerum
506 1681 670 1761 creatarum
700 1681 804 1736 neutra
832 1683 862 1736 et
889 1675 962 1738 baec
989 1675 1026 1737 dc
1047 1677 1166 1760 Angelis
1189 1678 1299 1758 scripto

53 1786 145 1851 sunt,
170 1777 198 1838 si
222 1785 324 1838 contra
347 1775 477 1856 Spiritus
499 1775 578 1837 idem
602 1792 727 1855 semper.
743 1784 774 1837 et
794 1778 893 1838 omnis
917 1777 1089 1840 mutationis
1112 1797 1220 1859 expers
1241 1788 1297 1853 est,

23 1861 24 1868 ἵ
57 1879 114 1958 qui
139 1887 171 1941 et
192 1877 259 1940 Filii
281 1875 526 1940 immutabilitatis
547 1876 696 1957 particeps
717 1895 786 1940 cum
807 1877 874 1958 ipso
890 1895 1011 1958 semper
1023 1879 1215 1942 immutabilis
1232 1899 1285 1942 ms

23 1989 25 1994 ’
55 1989 134 2055 neta
167 1997 313 2060 quaenam
342 1979 447 2041 amabo
475 1978 638 2040 similitudo
660 1978 851 2041 immutabilis
870 1985 940 2041 bum
963 1980 1180 2043 mutabilibus?
1223 1979 1300 2044 ilinc

23 2069 25 2100 ³
60 2083 147 2144 enim
169 2081 360 2162 perspicuum
383 2088 445 2154 est,
473 2097 572 2160 neque
599 2097 663 2142 rem
690 2087 817 2142 creatam
840 2097 1027 2160 maenaque
1049 2082 1084 2142 ad
1106 2083 1297 2162 Angelomm

24 2169 25 2172 ¹
61 2194 173 2266 utpote
194 2183 244 2263 qui
268 2182 424 2244 mutabiles
448 2183 524 2254 sint,
553 2189 689 2244 naturam
709 2181 874 2262 portinere,
903 2182 956 2243 scd
978 2181 1067 2244 Verbi
1089 2183 1247 2262 imaginem
1269 2194 1299 2246 et

23 2287 25 2364 f
63 2285 166 2348 Patris
192 2285 349 2366 proprium
379 2302 456 2346 esse.
500 2285 656 2346 Praeterea
685 2283 814 2363 Spiritus
843 2283 962 2348 liomiui
993 2284 1165 2346 universum
1195 2283 1297 2347 orbem

64 2387 203 2469 replevit.
247 2386 289 2448 lta
311 2373 390 2448 enim
411 2386 503 2448 David
524 2386 645 2448 cecinit:
672 2385 740 2458 Quo
763 2385 812 2446 ibo
835 2385 999 2466 oSpt'rt’tu
1022 2384 1100 2449 tuo?
1142 2385 1180 2446 Et
1194 2385 1224 2447 in
1240 2385 1296 2447 Sa-

68 2490 181 2571 pientia
202 2489 344 2567 soriptum
367 2496 428 2550 cst:
456 2485 534 2549 Tuus
557 2491 636 2549 enim
656 2487 859 2566 incorruptus
875 2485 1011 2566 Spiritus
1027 2496 1071 2548 est
1093 2490 1126 2548 in
1148 2486 1296 2549 omnibus.

23 2601 27 2614 ”
70 2590 158 2671 Atqui
180 2590 335 2653 universae
364 2607 413 2650 res
444 2589 536 2650 luctae
559 2587 589 2649 in
612 2586 715 2649 divisis
737 2586 810 2648 locis
834 2587 980 2659 esistunt,
1011 2586 1089 2648 verbi
1120 2589 1212 2666 gratia
1240 2587 1296 2661 sol,
1438 2659 1442 2668 Ι

71 2692 140 2754 luna
162 2701 191 2754 ct
212 2701 290 2754 astra
312 2691 343 2752 in
365 2691 562 2762 firmamento,
585 2697 616 2750 et
636 2687 731 2750 nubas
753 2689 784 2750 in
806 2693 886 2750 abra.
930 2688 964 2749 ln
986 2687 1158 2750 bominibus
1180 2707 1298 2768 quoque
1400 2715 1406 2726 ·

23 2789 24 2792 ’
71 2795 222 2858 nationum
242 2793 390 2856 terminos
413 2790 577 2854 constituit.
621 2789 723 2869 Angeli
745 2789 882 2852 similiter
898 2791 929 2854 in
944 2789 1110 2851 ministeria
1126 2790 1297 2852 mittuntur:

23 2913 24 2918 ¹
74 2895 114 2958 Bt
134 2907 280 2960 cenerum
300 2894 409 2976 Angelt'
426 2894 491 2966 Det,
515 2904 552 2956 ot
572 2898 751 2956 oastttcreat
773 2909 875 2955 coram
897 2892 1037 2964 Domino,
1060 2891 1102 2952 uti
1125 2891 1155 2953 in
1175 2891 1229 2954 lob
1251 2891 1297 2954 le·

77 2999 180 3079 gimus.
222 2997 257 3059 lit
279 2997 449 3060 somniavit
467 2996 556 3059 locob
572 2995 765 3058 Pottt'orclto.
809 2993 849 3057 lta
870 3013 935 3057 cccc
949 2994 1033 3056 aeolo
1053 2998 1162 3056 morbo
1183 2999 1218 3056 t'o
1232 3005 1298 3058 ter-

78 3121 125 3173 ro,
148 3104 228 3162 ottus
252 3115 392 3162 eccum
413 3099 453 3160 cd
476 3097 590 3160 coelum
609 3097 816 3178 perveniebat,
842 3106 871 3158 ct
893 3093 1001 3175 tapeta·
1021 3094 1080 3158 Dei
1099 3097 1299 3160 oaccndeboot

22 3201 24 3232 ³
80 3211 109 3264 et
131 3201 336 3263 descmdcbnot
355 3217 413 3281 per
434 3203 541 3278 prom.
584 3197 616 3259 Si
631 3197 721 3278 igitur
735 3197 863 3278 Spirnus
879 3197 978 3259 omnia
993 3197 1096 3277 implet
1110 3207 1139 3260 et
1153 3198 1184 3259 ln
1200 3197 1297 3262 Verbo

80 3319 215 3384 praesens
237 3310 282 3364 est
304 3300 335 3362 in
358 3297 455 3362 medio
478 3299 622 3374 omnium,
645 3301 672 3362 si
694 3309 796 3362 contra
811 3299 986 3379 Angelibao
1006 3301 1037 3362 in
1060 3317 1093 3363 re
1115 3299 1156 3362 illi
1178 3301 1297 3375 cedunt,

83 3411 163 3482 atquc
182 3403 238 3465 illic
259 3409 372 3464 tantum
395 3401 503 3464 adsunt
524 3421 582 3482 quo
604 3401 769 3476 mittuntur,
792 3400 914 3464 dubium
935 3403 1037 3482 utique
1058 3421 1120 3466 non
1143 3411 1198 3475 est,
1225 3403 1296 3484 quin

85 3503 202 3584 Spiritus
228 3521 283 3565 nec
308 3521 359 3565 res
386 3505 461 3565 lacta
490 3521 545 3565 nec
570 3503 700 3583 Angelus
723 3504 779 3577 sit,
809 3503 851 3564 uti
880 3504 1060 3566 contendere
1082 3503 1212 3574 audetis,
1243 3503 1296 3563 sed

86 3605 249 3684 Angelorum
270 3609 375 3666 natrrrt
397 3605 536 3685 superior
557 3614 638 3668 certo
661 3604 830 3667 censendus
853 3615 909 3666 est.

88 3794 121 3842 sio
136 3791 212 3842 babet:
229 3782 253 3842 ei
269 3787 339 3840 κατὰ
356 3785 445 3855 ἁγίων
462 3783 546 3842 αὐτοῦ
564 3781 596 3840 ori
613 3803 657 3839 πι-
707 3791 807 3843 Goblar.
832 3797 856 3840 et
880 3789 984 3839 Feloltm.
1005 3789 1026 3838 l.
1052 3803 1185 3852 anonymos
1209 3782 1241 3836 τὸ
1266 3782 1296 3838 δὲ

90 3851 174 3914 orsiti,
185 3849 361 3924 descedente.
380 3862 530 3910 intermediis
549 3861 656 3910 omissis.
706 3855 814 3924 πνεῦμα
831 3847 891 3904 ab*
911 3871 954 3904 ιον
972 3847 1232 3906 altitonantem.
1251 3855 1296 3906 Alii
1333 3900 1338 3912 ,

119 3927 261 3990 d.Siclteg.
280 3929 301 3978 l.
321 3929 460 3990 Seguntiae.
480 3937 503 3977 ot
522 3927 593 3977 ussit.
630 3931 658 3978 At
708 3933 733 3978 et
750 3926 807 3976 adlti
825 3920 856 3973 τὸ
874 3871 1030 3990 Jtnvaopo
1047 3916 1217 3974 tutatast
1233 3933 1278 3974 etc.

91 3997 175 4047 Goblet.
191 4003 212 4046 et
228 3997 368 4046 folcbrat.
387 3987 453 4043 ἀλλὰ
470 3990 515 4043 καὶ
534 3989 547 4043 d
566 3987 659 4072 diopo-
742 3995 758 4042 l.
785 3995 826 4044 Sic
850 3993 906 4056 liog.
928 3995 949 4043 t.
974 3995 1074 4056 Segner.
1099 3993 1171 4041 basil.
1197 3994 1295 4042 Gobler.

91 4059 137 4117 loc.
169 4063 250 4126 Anglic.
269 4073 292 4114 et
311 4064 401 4127 Regi.
420 4056 487 4111 ἀλλὰ
504 4057 560 4128 γὰρ
578 4055 657 4111 καιὸ
710 4069 732 4111 et
744 4062 881 4112 latebunt.
919 4062 997 4111 ceteri
1017 4069 1040 4111 et
1057 4061 1113 4110 editi
1131 4053 1214 4108 ἐστίν.
1245 4060 1296 4112 ttox

92 4125 205 4196 rolpoto.
238 4133 282 4182 Alii
298 4141 322 4181 et
332 4133 390 4182 editi
409 4125 475 4179 dunt
491 4125 547 4196 γὰρ
567 4123 581 4178 ὃ
600 4122 658 4178 droi-
708 4129 780 4179 iidem
806 4145 864 4180 msa.
887 4129 977 4179 babent
999 4120 1176 4176 ἐλαττοῦνται
1198 4120 1295 4193 τούτῳ.

92 4195 165 4262 paics.
197 4200 267 4250 Ptolo
286 4209 342 4264 post
360 4201 441 4259 iidem,
455 4201 513 4262 ltog.
526 4200 547 4249 l.
558 4199 658 4262 Sagnor.
708 4197 787 4248 Ceteri
811 4206 834 4247 et
858 4197 914 4246 editi
937 4188 1064 4248 ἐλάττους
1081 4187 1157 4248 ὄντες·
1173 4187 1203 4244 ἔν
1220 4187 1296 4260 τόπῳ

94 4276 113 4318 ot
128 4267 188 4318 baril.
205 4269 289 4319 babent
307 4259 335 4316 ἐκ
352 4266 401 4316 τεῦ
420 4257 546 4332 οὐρανοῦ.
578 4267 658 4318 Ceteri
708 4257 768 4316 stoi.
804 4265 945 4314 lidemltcm
965 4265 1122 4328 manuscripti
1133 4264 1228 4314 codices
1237 4279 1295 4328 prr·

95 4343 114 4386 at
129 4336 175 4386 editi
191 4327 215 4384 lx
230 4327 436 4402 rairobpovolv.
592 4381 599 4388 ,
707 4334 805 4383 ticulum
830 4318 894 4387 οὖν,
922 4345 994 4396 quem
1019 4333 1060 4381 alti
1084 4339 1107 4381 ot
1131 4332 1187 4382 editi
1207 4331 1296 4382 babent

124 4419 142 4452 ε.
158 4403 203 4466 ltr‘g.
216 4403 234 4454 l.
247 4413 270 4454 et
281 4407 381 4466 Seguer.
399 4397 518 4469 τρεπτὴν
535 4395 591 4468 ἔχει
609 4397 659 4462 τὴν
709 4409 764 4466 post
782 4392 948 4467 ἀμφίβολον,
969 4401 1090 4460 omittunt,
1108 4399 1228 4465 iidemque
1239 4408 1296 4466 post

97 4465 173 4586 philost
203 4471 251 4551 blot
268 4460 658 4589 iidemitllasilgoaoAngltczo.
710 4455 894 4588 εέτεειεῳὲειῃε
912 4468 1002 4585 efflent
1020 4459 1104 4525 ttae,
1123 4483 1185 4534 quae
1202 4483 1245 4518 vor
1265 4469 1295 4516 ab

139 4551 290 4606 Ιεττεευμε
318 4553 349 4588 ro
374 4553 442 4588 coro
495 4551 588 4588 ctam
612 4553 657 4590 ec.
709 4551 793 4588 arrae
822 4551 922 4588 errae
956 4551 986 4585 a.
