3072 5056
410 361 606 408 sorsrotros
621 359 788 406 ssrrsrrrs
801 359 943 406 monton.
1230 346 1290 410 117

164 517 207 578 14.
248 512 285 576 Et
304 531 376 576 sone
397 513 471 576 mtis
494 519 577 576 esset
597 511 635 574 orl
656 511 800 590 integram
815 511 991 574 brionorum
1012 510 1244 574 coniurationem
1260 519 1376 576 etrus

91 615 120 678 al
138 614 385 678 monstrandam
413 631 517 676 eorum
546 613 738 688 calumniam,
770 613 850 692 quot
871 613 1029 694 Dionysius
1060 613 1098 675 de
1124 612 1162 676 iis
1192 613 1290 690 euanu

91 715 216 796 praeisti
236 715 375 790 iactitant,
397 733 466 778 sose
487 716 672 796 purgaverit3
694 714 850 804 nonenim
872 712 1071 778 contendendi
1091 713 1190 778 auimo
1213 715 1290 778 sori-

91 815 153 894 peit,
177 815 226 878 sed
253 815 300 878 sui
327 815 502 878 cormacum
530 815 771 896 suspicionisque
792 814 973 879 emerendae
994 833 1100 892 causer
1132 833 1198 880 cunt
1220 833 1291 878 vero

91 935 134 978 eos
151 915 262 996 depellit
281 916 515 990 criminationes,
537 917 608 995 quid
629 916 706 980 aliud
722 915 798 996 ‘agit
822 933 910 997 quam
929 916 1010 996 quod
1024 933 1143 980 emnem
1158 916 1291 980 criminis

92 1016 269 1098 suspicionem
298 1018 376 1080 leret
403 1026 434 1079 et
460 1017 491 1094 in
518 1017 576 1078 boc
602 1017 729 1080 Arianos
752 1017 949 1097 sycophantae
978 1036 1048 1080 esse
1069 1015 1188 1097 arguit?
1231 1015 1292 1080 Seri

93 1127 119 1180 ut
136 1137 163 1180 ox
181 1119 226 1192 iis,
248 1137 323 1199 quae
345 1121 393 1182 sni
416 1118 593 1182 defendendi
615 1137 702 1182 causa
725 1121 856 1200 scripsit,
877 1120 972 1199 magis
988 1117 1215 1192 confundantur,
1238 1135 1291 1198 age

89 1221 142 1280 eius
161 1219 207 1282 tibi
228 1220 316 1283 rerba
337 1239 514 1302 proponam,
537 1227 570 1282 ut
589 1220 659 1283 binc
679 1222 812 1295 nereus,
833 1221 960 1284 Arianos
981 1238 1088 1300 prorae
1107 1219 1217 1282 meotis
1231 1219 1376 1280 bo·r.2so.

89 1322 167 1382 niues
192 1339 275 1394 osse,
309 1321 543 1402 Dionysiamque
569 1322 606 1386 ab
635 1341 737 1384 eorum
766 1323 919 1386 erroribus
948 1323 1087 1386 ebenum.
1129 1321 1167 1384 Et
1193 1321 1292 1402 primo

87 1421 187 1500 quidem
207 1422 364 1503 epistolant
396 1441 480 1486 suam
501 1423 654 1503 inscripsit
673 1424 846 1504 Apologiam
869 1433 899 1488 et
920 1423 1092 1488 Eleoobum.
1136 1423 1214 1496 Quin
1236 1421 1294 1484 sibi

87 1523 136 1582 ruit
152 1522 233 1598 illud,
262 1523 322 1588 nisi
350 1525 428 1604 quod
457 1533 487 1586 et
508 1525 724 1590 obtrectatores
748 1544 821 1588 suos
843 1528 939 1605 arguit
961 1537 990 1588 ct
1012 1525 1122 1606 scripta
1143 1543 1197 1586 sua
1219 1541 1292 1603 pro·

86 1633 191 1702 pugnat,
219 1625 383 1688 ostendeus
405 1646 440 1688 se
462 1644 523 1688 nou
545 1645 580 1690 ea
602 1633 717 1700 mente,
741 1645 799 1706 qua
821 1628 990 1708 suspicatus
1013 1626 1184 1699 ostrinos,
1214 1626 1292 1690 scri-

85 1723 176 1802 psisse,
196 1726 249 1788 sed
269 1727 341 1789 licet
361 1747 466 1790 eorum
486 1728 675 1802 meminerit,
697 1747 771 1808 quae
794 1729 831 1790 de
852 1729 979 1792 llomino
1001 1727 1164 1791 seeundum
1186 1727 1294 1790 hume·

85 1824 187 1890 nitobm
209 1827 286 1890 dicta
308 1838 395 1902 sunt,
427 1847 489 1890 non
510 1830 667 1910 ignorasse
688 1837 803 1904 brnen,
825 1830 923 1909 ipsum
945 1849 1013 1892 esse
1035 1828 1163 1892 Verbum
1186 1835 1217 1889 et
1236 1829 1293 1890 Sa-

84 2027 226 2092 seuteotios
248 2047 322 2094 suas
344 2049 405 2094 non
426 2030 557 2111 integrae
580 2033 710 2096 referent
731 2033 786 2096 sed
807 2041 966 2106 truncatas,
990 2039 1019 2093 et
1040 2033 1118 2112 quod
1138 2049 1200 2094 non
1215 2031 1294 2094 bone

84 2131 244 2193 commentia
271 2131 328 2193 sed
355 2131 430 2194 mua
458 2150 513 2211 pro
544 2131 666 2196 libidine
693 2133 869 2212 loquantum
901 2151 978 2213 quos
1005 2132 1116 2196 similes
1144 2132 1185 2196 eit
1215 2131 1294 2194 beati
1386 2173 1390 2181 ·

84 2231 199 2308 apostol
221 2232 415 2312 epistolarum
437 2233 711 2298 calumniatoribus.
754 2235 835 2298 llaec
855 2253 947 2314 porro
962 2234 1017 2296 riri
1035 2232 1233 2313 expostulatio
1248 2233 1293 2296 si·
1331 2293 1335 2302 ,

84 2331 332 2396 neminemnam
354 2341 471 2396 amovet
492 2335 704 2415 suspicionem.
734 2336 767 2400 Si
789 2337 868 2398 euim
882 2336 966 2399 Pauli
988 2335 1215 2398 calumniatores
1230 2334 1293 2398 suis

85 2433 179 2498 similos
200 2435 382 2510 arbitretur,
404 2436 478 2498 nibil
499 2455 571 2498 sanc
593 2437 671 2500 aliud
693 2437 831 2513 declarat,
854 2457 941 2518 quam
964 2455 998 2500 se
1019 2455 1086 2500 cum
1106 2434 1199 2498 Paulo
1221 2453 1293 2498 sen-

83 2535 186 2600 tientem
214 2539 254 2600 ite
287 2537 458 2617 scripsisse.
502 2538 589 2600 Certe
617 2538 741 2619 singulis
770 2549 974 2602 accusatorum
1002 2538 1102 2600 serbis
1135 2553 1293 2600 occurrens

84 2639 203 2702 omnibus
218 2657 328 2702 eorum
343 2638 523 2718 argumentis
540 2639 721 2704 solutionem
737 2639 873 2713 adhibet3
894 2655 1019 2716 motuque
1034 2637 1193 2704 Sabellium
1208 2636 1294 2715 prio·

82 2737 150 2802 ribus
169 2741 226 2804 illis
248 2739 373 2821 scriptis
393 2739 568 2819 planissime
590 2739 770 2812 mulctarit,
793 2740 841 2802 bis
862 2737 1080 2818 posterioribus
1102 2737 1191 2800 iidem
1211 2753 1296 2798 suom

81 2841 186 2904 omniuo
212 2843 296 2922 piam
324 2841 462 2904 declarat.
511 2840 734 2904 Affirmaotibus
762 2841 853 2919 igitur
879 2839 937 2902 illis
964 2839 1042 2902 hanc
1069 2856 1137 2902 esse
1162 2835 1297 2916 Dionysii

80 2943 256 3006 aroanna:
285 2942 385 3015 „Deus
407 2961 467 3007 noo
487 2942 676 3021 iuitsemper
689 2941 795 3017 Pater;
817 2941 908 3004 Filius
931 2958 1051 3020 semper
1071 2957 1132 3002 uon
1154 2939 1221 3012 soit,
1243 2937 1297 3000 sed

81 3041 173 3112 „lions
193 3043 354 3124 aliquando
376 3043 473 3106 Verbo
500 3044 611 3116 caruit,
645 3043 709 3122 ipse
737 3061 807 3106 vero
835 3043 928 3106 Filius
957 3060 1018 3106 uon
1046 3049 1110 3106 erat
1139 3047 1296 3119 autequam

80 3143 275 3222 ..gigneretum
298 3142 354 3206 sed
374 3143 430 3208 luit
450 3143 607 3224 aliquando
630 3162 697 3206 oum
718 3161 779 3206 noo
801 3153 891 3218 esset,
914 3161 975 3208 non
991 3143 1068 3206 enim
1084 3150 1222 3206 aeternus
1238 3147 1295 3215 est,

80 3244 151 3311 ..ooo
171 3246 363 3324 postmodum
386 3263 455 3308 esso
475 3244 642 3324 incoepitr·
673 3245 888 3320 comensem,
916 3244 1067 3326 quomodo
1095 3243 1132 3306 orl
1154 3245 1226 3306 baec
1246 3241 1296 3305 ille

81 3346 256 3424 respondeat.
304 3345 397 3410 Verbo
420 3353 518 3408 sutem
541 3347 605 3412 eius
626 3345 857 3426 quamplurima,
886 3345 995 3428 quibus
1017 3365 1067 3408 res
1090 3345 1120 3410 iu
1142 3344 1295 3426 moestio-

82 3460 139 3508 uem
158 3447 302 3510 adductam
332 3447 472 3527 expendit
498 3455 549 3510 aut
581 3465 616 3510 cx
644 3447 740 3512 abetis
761 3447 925 3510 ratiociniis
951 3447 1093 3527 quaedem
1116 3445 1226 3525 colligit
1246 3453 1298 3508 aut

81 3545 268 3629 interrogatos
291 3547 477 3612 adversarios
499 3547 632 3630 coarguit
653 3548 699 3610 rel
721 3547 936 3612 obtrectrtores
957 3567 1030 3612 suos
1052 3547 1234 3620 criminatur,
1257 3543 1296 3606 ob

82 3645 210 3714 librorum
232 3649 435 3731 prolixitatem
458 3649 599 3714 omittens
623 3667 655 3712 ea
679 3650 774 3714 solum
797 3668 973 3730 proponam,
1000 3667 1075 3730 quae
1097 3665 1201 3712 eorum
1223 3662 1296 3724 spe-

82 3757 149 3810 ctant
174 3749 406 3814 accusationem.
449 3751 552 3831 ltaque
580 3751 627 3814 sui
655 3751 798 3830 purgandi
828 3770 915 3814 causa
945 3752 975 3813 iu
1004 3750 1101 3830 primo
1123 3747 1216 3818 libro,
1248 3743 1296 3806 eui

81 3846 171 3914 titulos
196 3851 349 3914 Elenclous
382 3860 414 3914 et
440 3851 597 3932 Apologia,
628 3852 803 3932 quibusdam
832 3852 1007 3932 praemissio
1038 3852 1083 3914 sio
1109 3850 1145 3912 ari
1175 3844 1295 3908 verbum

79 3951 200 4030 scripsit.
828 3973 832 3980 ·

158 4156 207 4216 15.
253 4153 430 4234 „Nnoqmm
459 4153 537 4216 onim
560 4153 614 4216 fuit
635 4125 752 4234 quanio
774 4156 854 4218 Deus
876 4171 936 4216 noo
960 4160 1023 4213 erat
1044 4150 1163 4211 Pater.“
1208 4147 1244 4210 lit
1266 4147 1297 4211 in

82 4363 657 4434 mmmmmnmmtm
743 4368 1298 4428 mmmmmmtmmo

83 4425 193 4489 “⁴¹⁰8-
711 4443 736 4490 iu
756 4440 827 4491 salitis
845 4438 915 4488 deest
932 4429 955 4486 ὁ.
992 4436 1065 4488 Proto
1079 4445 1144 4502 post.
1156 4434 1297 4496 nominor.

112 4514 131 4550 t.
148 4502 247 4556 Tauria.
265 4505 335 4558 Collo.
354 4507 400 4558 leo.
419 4502 454 4558 rio
470 4500 589 4558 Heliou.
712 4496 812 4558 turiei
829 4499 880 4552 riv
892 4497 1012 4571 χριστὸν
1030 4491 1100 4556 abac
1117 4496 1201 4567 λόγον
1218 4495 1294 4548 ὄντα.

223 4617 226 4623 .
712 4559 1015 4628 mmmm
