3110 5064
645 377 819 420 rnnsrarao.
1267 358 1308 421 37

57 501 61 508 ¹
107 529 285 611 complexum.
315 527 460 590 Nimirum
482 527 570 590 buius
592 527 759 608 theologiae
778 528 803 591 si
820 545 910 590 unum
923 527 1050 606 aliquem
1067 527 1219 590 nominare
1233 527 1308 588 reli·

107 653 157 695 mus
176 641 347 712 parentem,
376 630 402 691 is
426 649 486 692 non
509 629 565 692 erit
585 629 773 702 Athanasius,
799 630 852 692 aed
873 630 973 708 potius
997 629 1139 708 Origenes
1163 621 1181 692 ὁ
1203 626 1308 692 πολυ-

105 731 201 818 μαθὴς
221 732 278 796 καὶ
301 727 496 817 φιλόπονος,
520 749 579 810 quo
602 733 777 814 cognomine
804 730 841 793 ab
870 732 919 793 illo
948 731 978 792 in
1006 731 1061 812 Ep.
1076 731 1122 793 lV.
1145 731 1180 793 ad
1203 732 1307 810 Sorap.

106 823 154 917 up.
169 839 200 900 9.
223 825 368 897 laudatur.
405 835 505 914 lnepta
521 851 591 894 vero
606 833 752 896 ridebitur
774 833 941 912 appellatio,
965 833 991 894 si
1014 833 1177 913 theologiae
1199 850 1308 895 nomen

106 937 254 1016 significatu
278 935 492 1015 angustissimo
508 935 695 1014 accipiamus,
718 945 751 996 ut
766 935 830 997 sola
845 936 978 997 doctrina
990 935 1026 997 de
1037 935 1187 997 divinitate
1199 935 1309 997 Christi
1400 929 1405 942 '

107 1041 140 1100 rel
157 1041 191 1100 de
215 1037 348 1100 trinitate
369 1036 416 1098 dei
437 1036 633 1116 intelligatur:
655 1055 714 1117 quo
731 1037 897 1117 significatu
915 1037 1034 1116 saepius
1054 1037 1161 1116 legitur
1171 1037 1202 1098 in
1215 1037 1308 1098 Alba-

108 1131 165 1202 nasii
178 1140 366 1219 aliorumque
387 1147 518 1200 veterum
541 1137 670 1218 scriptis,
691 1139 770 1201 velut
793 1139 875 1200 Orat.
891 1138 915 1199 l.
937 1147 1040 1202 contra
1054 1138 1153 1200 Arian.
1175 1157 1238 1220 cap.
1257 1141 1307 1205 18.

109 1263 131 1323 p.
143 1245 206 1306 182.
231 1241 417 1320 Quamquam
432 1239 615 1302 recentiores
625 1258 744 1319 quoque
759 1259 822 1302 eam
838 1240 990 1302 doctrinae
1004 1257 1106 1302 sacrae
1118 1249 1241 1320 partem,
1253 1259 1308 1321 qua

108 1347 136 1406 de
147 1345 201 1405 deo
217 1344 342 1422 eiusque
362 1341 595 1422 proprietatibus
617 1350 647 1403 et
662 1342 803 1422 operibus
819 1361 853 1404 ac
867 1342 904 1404 ds
920 1342 1047 1404 trinitate
1066 1342 1232 1418 disseritur,
1256 1363 1309 1404 se·

102 1447 215 1528 paratim
245 1445 423 1524 theologicus
444 1430 566 1517 uocant,
594 1444 841 1524 quemadmodum
864 1453 977 1506 veteres
999 1443 1177 1528 θεολογίαν
1199 1445 1235 1508 ab
1258 1441 1309 1510 cl-

100 1551 228 1632 aoaoplp
251 1544 456 1625 seiungebant,
477 1565 565 1607 nemo
588 1555 686 1607 tamen
702 1547 893 1608 Athanasium
913 1559 1031 1627 patrem
1047 1547 1210 1611 hodiernae
1225 1549 1310 1612 theo-

103 1651 188 1732 lopica
209 1648 436 1729 praedicaverit,
466 1647 491 1710 si
514 1657 631 1727 praeter
652 1647 771 1710 Nicaeni
794 1649 939 1727 dogmatis
962 1649 1164 1718 auctoritatem
1187 1651 1260 1712 nihil
1283 1649 1310 1712 ei

103 1753 222 1814 tribucre
249 1750 329 1812 velit.
374 1751 473 1829 ltaque
500 1749 647 1829 theologia
676 1749 863 1829 intelligenda
892 1759 956 1824 est,
990 1769 1076 1830 quam
1105 1752 1193 1813 bodie
1222 1754 1308 1832 vulgo

105 1853 218 1916 dicimus
240 1853 447 1932 dogmaticam,
470 1852 516 1914 rel
535 1853 637 1932 potius
661 1853 832 1933 complexus
854 1851 1021 1931 dogmatum
1045 1853 1113 1915 lldci
1135 1854 1165 1915 in
1188 1855 1310 1916 ecclesia
1406 1863 1411 1887 ¹

109 1955 208 2034 publico
224 1939 434 2034 receptorum,
463 1962 496 2015 ut
515 1954 692 2017 Athanasius
714 1954 773 2016 hoc
793 1973 886 2016 sensu
908 1954 1073 2036 theologice
1095 1957 1310 2020 ecclesiasticae

111 2075 207 2135 pareas
229 2067 258 2120 et
287 2067 388 2118 stator
414 2055 610 2135 praedicetur.
654 2055 735 2118 ldem
763 2058 898 2136 prolecto
922 2056 1101 2137 Epiphanius
1125 2057 1230 2138 aliique
1251 2079 1309 2122 uo·
1394 2109 1399 2124 .

109 2156 177 2218 mine
200 2157 256 2243 τῆς
285 2149 499 2242 ὀρθοδοξίας,
535 2177 594 2237 quo
622 2159 743 2237 proprie
771 2167 850 2220 rocta
879 2159 915 2220 de
937 2159 994 2219 side
1015 2157 1141 2221 Nicaena
1165 2161 1310 2224 sententia

108 2255 242 2332 hudatm,
275 2259 441 2338 significare
473 2259 645 2330 noluerunt,
680 2259 825 2339 siquidem
858 2259 899 2320 illi
931 2278 1106 2339 persuasum
1135 2261 1311 2338 babuerunt,

109 2357 230 2438 dogmate
256 2361 294 2422 de
324 2360 453 2422 trinitate
481 2370 510 2422 et
537 2360 740 2422 incarnatione
769 2351 819 2423 dei
845 2362 987 2440 integram
1012 2362 1099 2424 fidem
1121 2364 1310 2427 christianam

110 2459 146 2520 ita
171 2463 327 2533 contineri,
355 2472 390 2524 ut
416 2462 466 2541 qui
497 2461 534 2523 de
556 2463 612 2524 boc
634 2472 713 2524 recte
736 2463 858 2537 sentiat,
888 2464 925 2524 de
946 2464 1067 2544 reliquis
1090 2465 1205 2544 gravius
1229 2475 1259 2528 et
1278 2467 1310 2529 in

109 2561 299 2626 detrimentum
323 2563 427 2625 salutis
449 2581 548 2625 errare
569 2581 629 2624 nou
651 2564 759 2644 possin
792 2565 983 2626 Athanasium
1004 2584 1074 2627 roro
1098 2587 1144 2641 eo,
1167 2587 1226 2648 quo
1240 2569 1311 2646 diri,

114 2679 195 2726 sensu
210 2677 327 2747 petram
349 2665 510 2729 hodiernae
531 2665 698 2744 thoolupa'uc
720 2667 784 2728 iure
805 2667 971 2745 meritoque
991 2669 1107 2740 vocari,
1130 2669 1159 2729 id
1182 2669 1239 2731 uisi
1262 2689 1311 2732 ra-

117 2763 191 2824 tione
211 2769 295 2849 magis
318 2768 440 2838 idonea,
463 2784 550 2847 quam
573 2785 629 2846 qua
651 2765 887 2828 llontlaucooius
911 2785 984 2828 usus
1008 2778 1070 2842 est,
1093 2770 1311 2848 comprobetur,

117 2865 280 2932 etiamnunc
302 2877 389 2931 erunt
412 2868 461 2946 qui
483 2868 667 2941 addubitent,
689 2869 768 2930 sicut
789 2868 858 2930 olim
872 2851 1087 2931 Schroecltbius
1111 2870 1139 2931 in
1152 2871 1228 2956 llist.
1241 2873 1312 2936 eccl.

117 2965 171 3028 lot.
185 2969 237 3032 Xll.
258 2992 288 3053 p.
304 2973 378 3036 211.
402 2971 447 3034 cd.
464 2973 493 3034 2.
517 2971 705 3034 addubitavit
750 2970 865 3032 Etenim
895 2971 1116 3034 concedendum
1139 2985 1200 3046 est,
1230 2973 1311 3038 illum

111 3067 181 3131 banc
203 3073 313 3136 laudem
341 3091 402 3134 non
423 3093 459 3134 eo
482 3071 645 3146 meruisse,
675 3071 753 3153 quod
777 3074 891 3153 primus
914 3073 1056 3152 singulari
1078 3075 1153 3137 libro
1176 3077 1311 3157 dogmata

109 3167 172 3232 hdei
192 3193 240 3236 suo
262 3184 396 3255 tempure
416 3174 539 3254 probata
562 3173 732 3254 complexus
755 3183 950 3260 casetgeaque
972 3177 1008 3237 ad
1032 3177 1173 3239 ecclesiae
1189 3189 1311 3242 senten·
1334 3227 1337 3234 .

111 3272 175 3336 ham
195 3277 336 3340 subtiliter
358 3277 556 3357 exposuisset.
592 3277 665 3338 Nam
687 3278 737 3356 qui
761 3277 831 3338 olim
853 3278 931 3340 inter
952 3279 1098 3340 eiusmodi
1120 3279 1212 3342 libros
1236 3281 1312 3362 dog-

110 3376 222 3439 maticos
242 3379 407 3441 retulerunt
426 3378 575 3440 Athanasii
598 3379 753 3460 Spacpaa'n
774 3384 948 3460 scripturae
961 3398 1078 3444 -socrue
1100 3390 1129 3443 et
1150 3380 1313 3462 syntagma

111 3477 260 3552 doctrine,
282 3481 437 3562 dupliciter
458 3488 639 3542 erraverunt.
683 3481 831 3561 Spaopsa'a
854 3499 914 3544 nou
937 3489 983 3542 est
1004 3483 1166 3561 argumenti
1189 3483 1312 3565 dogma·

110 3577 156 3639 tici
175 3599 263 3663 neque
277 3583 413 3662 blaguum
428 3575 618 3645 Athanasium
640 3582 727 3644 babet
749 3591 910 3656 auctorem,
934 3583 985 3645 sed
1008 3583 1123 3646 ridetur
1143 3603 1211 3647 esse
1229 3604 1312 3648 com-

113 3684 257 3746 masurius
290 3686 319 3746 in
342 3685 579 3746 Sticbometriam
607 3683 766 3764 Nicephori
798 3685 834 3746 ab
862 3685 1022 3748 Athanasio
1050 3686 1148 3767 aliquo
1183 3687 1312 3750 obscuro

112 3797 168 3842 nou
188 3796 244 3848 arte
266 3805 345 3849 saec.
361 3787 396 3848 X.
419 3787 618 3866 conscriptus.
662 3786 725 3848 Vid.
749 3787 880 3848 Credncr
901 3787 964 3849 Zur
987 3789 1155 3854 dascha'chte
1178 3791 1227 3852 dea
1249 3789 1313 3852 Ku-

112 3901 182 3947 aataa
201 3887 291 3958 fflalle
315 3890 419 3965 1847.)
441 3907 471 3968 p.
490 3891 549 3952 127
565 3907 610 3968 sq.
654 3888 818 3969 Syntopma
839 3895 946 3962 autem,
969 3890 1009 3950 uti
1026 3889 1061 3952 ab
1080 3891 1170 3952 Andr.
1184 3888 1314 3951 Arnoldo

113 3983 225 4060 primum
248 3991 356 4066 (Paris.
375 3992 479 4066 1685.)
501 3990 611 4052 editum
634 3981 682 4051 csl
702 3999 731 4051 et
752 3992 831 4052 inter
849 3990 1001 4053 Athanasii
1025 3993 1121 4072 Opera
1144 3991 1202 4065 (ed.
1215 3991 1313 4052 Pataa.

112 4083 235 4152 Tomll.
264 4111 293 4172 p.
316 4095 380 4158 304
402 4097 460 4173 sq.)
482 4092 606 4172 legitur,
639 4111 755 4154 morum
783 4093 915 4172 vitaeque
942 4101 1098 4173 praecepta
1125 4091 1250 4154 maxime
1282 4093 1312 4156 in

111 4205 189 4252 usum
215 4195 426 4256 monachorum
449 4193 581 4256 continet
601 4194 730 4274 itemque
752 4193 787 4256 ab
810 4195 859 4256 illo
883 4193 1104 4256 abiudicandum
1128 4203 1183 4254 est.
1228 4195 1311 4258 Coul.

111 4290 209 4356 dudini
233 4297 391 4360 Commeat.
417 4299 451 4360 de
474 4297 674 4377 compluribus
697 4297 800 4360 coclea.
824 4308 887 4359 ont.
910 4295 974 4356 Vol.
989 4294 1011 4355 1.
1041 4312 1070 4373 p.
1092 4297 1154 4360 374
1169 4315 1214 4376 sq.
1250 4298 1313 4359 Alia

108 4394 215 4471 quidam
244 4407 342 4462 exstat
368 4398 455 4460 istius
479 4397 567 4459 libelli
590 4399 682 4459 lorma
705 4397 735 4460 in
758 4398 824 4460 cod.
846 4395 980 4457 Naniano
1003 4413 1046 4475 gr.
1061 4396 1173 4472 thtt.,
1196 4419 1231 4460 ex
1254 4417 1313 4478 quo

107 4493 296 4577 llingarellius
335 4501 412 4580 typis
447 4499 671 4562 describendum
703 4499 814 4562 curarit
846 4497 875 4558 in
909 4495 1046 4578 Catalogo
1079 4500 1122 4561 sic
1155 4497 1313 4579 inscripto:

111 4597 208 4666 bocci
227 4603 311 4668 codd.
334 4621 406 4667 maa.
429 4603 513 4684 opud
523 4601 637 4665 Nuna'oa
660 4603 812 4665 aaaeroota'
831 4599 957 4678 (Bonan.
976 4603 1079 4672 1784.)
1093 4621 1112 4640 “
1137 4595 1313 4663 '‘ll—tlt.
