3110 5064
243 235 285 300 24
648 243 673 284 8.
692 241 846 286 Ammsu
861 242 1084 288 Ancalzmscovl

155 399 313 468 νεικέσω
340 393 520 483 γνώρισμα.
566 389 637 456 ἔστι
658 389 734 475 γάρ,
759 385 804 468 ῶς
826 388 859 456 ολ
881 395 1022 476 πατέρες
1043 392 1338 479 παραδεδώκασιν,
1366 392 1459 476 ὄντως

241 496 447 574 διδασκαλία,
470 494 525 558 καί
548 491 754 558 διδασκάλων
777 486 914 576 άληθῶς
935 495 1033 560 τοῦτο
1055 493 1239 580 τεκμήριον,
1261 495 1301 562 τδ
1323 495 1366 564 τά
1387 492 1460 564 αύτά

241 598 395 686 ἀλλήλους
424 591 597 680 ὁμολογεῖν
625 594 678 658 καί
705 589 750 678 μή
774 586 996 679 ἀμφισβητεῖν
1017 593 1100 682 μήτε
1121 594 1208 680 πρὸς
1230 596 1367 690 ἑαυτοὺς
1386 599 1459 686 μήτε

240 701 327 789 πρὸς
357 697 435 776 τούς
470 695 595 763 ἑαυτῶν
626 699 781 779 πατέρας.
828 693 860 758 ολ
888 692 948 780 γὰρ
976 693 1020 782 μή
1049 699 1167 764 τοῦτον
1189 698 1391 782 διακείμενοι
1410 699 1459 766 τὸν

240 803 367 892 τρόπον
388 799 555 886 μοχθηροὶ
576 797 703 880 μᾶλλον
724 797 779 862 καί
802 789 859 862 ούκ
874 789 1014 882 ἀληθεῖς
1029 790 1087 863 ’ἀν
1098 799 1253 866 καλοῖντο
1263 800 1459 868 διδάσκαλοι

231 901 383 994 Ἕλληνες
403 903 481 988 γοῦν
505 893 562 982 οάχ
584 894 821 984 ὁμολογοῦντες
841 893 883 962 τά
905 892 997 977 αύτά,
1022 892 1107 965 ἀλλὰ
1127 902 1182 966 καλ
1204 900 1291 986 πρὸς
1309 897 1460 990 ἀλλήλους

242 1006 536 1096 ἀμφισβητοῦντες,
560 995 618 1067 οάκ
641 994 751 1086 ἀληθῆ
774 996 831 1084 τὴν
854 999 1069 1066 διδασκαλίαν
1092 1001 1240 1084 έχουσιν·
1263 1005 1297 1070 οἱ
1320 1005 1357 1073 δὲ
1379 1003 1460 1090 ἀγιοι

240 1113 295 1178 καί
317 1111 364 1196 τῷ
388 1103 460 1173 ἀντι
480 1107 539 1192 τῆς
561 1098 724 1189 ἀληθείας
744 1098 876 1187 κήρυκες
899 1095 1053 1190 ἀλλήλοις
1067 1127 1104 1170 τε
1125 1109 1348 1192 συμφωνοῦσι
1361 1101 1458 1174 καλοῦ

169 1239 177 1254 ·
242 1214 458 1301 διαφέρονται
480 1203 566 1292 πρὸς
588 1201 732 1282 ἑαυτούς.
779 1201 808 1269 εἰ
829 1199 889 1288 γὰρ
912 1205 965 1268 καλ
989 1203 1166 1292 διαφόροις
1185 1205 1320 1292 χρόνοις
1337 1207 1461 1294 γεγόνα-

242 1337 305 1394 σιν,
329 1306 399 1379 ἀλλ’
425 1309 472 1387 εἰς
492 1299 612 1374 τοῦτὸν
635 1300 789 1394 ἀλλήλοις
811 1299 968 1390 ὁρμῶσιν,
993 1303 1065 1384 ἑνὸς
1088 1304 1180 1386 ὄντες
1202 1311 1260 1374 τοῦ
1283 1313 1369 1376 θεοῦ
1385 1333 1460 1394 προ·

242 1419 347 1502 φήται
368 1414 421 1478 καί
444 1409 501 1476 τὸν
524 1404 622 1476 αύτδν
646 1406 831 1496 συμφώνως
854 1401 1133 1502 εύαγγελιζδμενοι
1154 1407 1261 1494 λόγον.
1312 1397 1317 1428 ¹

328 1522 357 1582 5,
394 1511 440 1578 uAl
467 1514 544 1597 γοῦν
567 1512 698 1596 Μωσῆς
727 1509 892 1587 ἐδίδασκε,
923 1503 1020 1574 ταῦθ’
1043 1505 1196 1595 Ἀβραὰμ
1225 1509 1460 1597 ίφῦλαττεν·ἃ

242 1619 278 1686 δὲ
297 1612 449 1703 Ἀβραὰμ
478 1611 653 1702 ἐφύλαττε,
682 1614 787 1678 ταῦτα
809 1614 886 1676 Νῶε
913 1613 968 1676 καί
987 1604 1084 1693 Ἑνώχ
1106 1607 1298 1696 ἐγίνωσκον,
1317 1613 1462 1699 δ’διοκρί-

149 1751 152 1762 ’
242 1743 354 1798 νοντες
384 1713 519 1802 καθαρά
546 1716 599 1782 καί
628 1708 803 1796 ἀκάθαρτα
831 1715 884 1778 καί
914 1706 1086 1797 εῦάρεστοι
1113 1711 1281 1797 γινόμενοι
1309 1719 1359 1801 τῷ
1385 1717 1459 1801 θεῷ.

156 1823 298 1888 mm)
327 1819 388 1906 γὰρ
410 1819 464 1884 καί
481 1814 583 1900 ’Ἀβελ
605 1811 710 1894 ούτως
732 1814 966 1902 ἐμαρτύρησεν,
997 1813 1217 1899 ἐπιστάμενος
1238 1819 1360 1898 ταῦτα,
1384 1813 1460 1900 άπερ
1525 1885 1526 1890 ,

242 1911 281 2010 ἦν
302 1917 425 2004 μαθών
453 1915 567 2000 ”παρο“ι
595 1918 653 1982 τοῦ
673 1911 795 2000 Ἀδάμ,
825 1920 884 1984 τοῦ
906 1919 959 1984 καί
983 1911 1083 1982 αὐτοῦ
1104 1915 1277 2001 μαθόντος
1299 1917 1394 2004 παρὰ
1412 1943 1461 1984 κν·
1521 1965 1526 2026 J

242 2027 331 2109 ρίου,
362 2017 398 2099 ῦς
424 2021 478 2084 καί
508 2017 564 2084 ἐπὶ
594 2017 762 2103 συντελείᾳ
785 2021 851 2084 τῶν
873 2017 1002 2085 αἰώνων
1025 2016 1136 2086 ἐλθών
1158 2018 1206 2096 είς
1227 2016 1391 2107 ἀθέτησιν
1410 2021 1461 2104 τῆς

242 2120 406 2208 άμαρτίας
438 2121 579 2204 Hem*
610 2113 667 2184 οῦκ
690 2118 822 2204 ἐντολὴν
844 2119 956 2208 καινήν
979 2120 1102 2204 δίδωμι
1124 2115 1215 2204 ὑμῖν,
1241 2114 1311 2187 ἀλλ’
1337 2119 1460 2206 ἐντολήν

242 2222 409 2300 παλαιάν,
441 2219 480 2308 ἣν
501 2215 661 2306 ἠκούσατε
684 2214 740 2286 ἀπ’
766 2215 903 2308 ἀρχήςἿ.
949 2219 1005 2288 διά
1026 2224 1197 2290 τοῦτοκαὶ
1222 2217 1240 2287 δ
1262 2217 1343 2308 παρ’
1367 2217 1459 2288 αὐτοῦ

240 2322 363 2409 μαθών
387 2318 405 2388 δ
426 2321 587 2408 μακάριος
609 2316 797 2400 ἀπόστολος
811 2324 955 2404 Παῦλος,
979 2321 1101 2407 τὰμὲν
1124 2323 1376 2408 έκκλησιαστικά
1397 2323 1461 2388 δια-

241 2426 365 2504 τυπῶν,
390 2418 467 2492 ούδέ
490 2421 661 2502 διακόνους
681 2419 845 2510 ἠθέλησεν
868 2420 952 2492 εἶναι
967 2424 1118 2510 διλόγους
1126 2427 1158 2505 ²),
1182 2423 1315 2512 ομήτιγε
1334 2421 1461 2493 ίπισκδ-

241 2547 344 2606 παυς·
366 2536 438 2606 τοῖς
461 2527 496 2593 δέ
513 2525 678 2603 Γαλάταις
701 2524 923 2611 ἐπιπλήττων,
947 2521 1143 2614 ἀπεφήνατο
1158 2521 1234 2592 καθ’
1253 2521 1335 2591 ὅλου
1352 2528 1460 2610 λέγων·

242 2630 276 2696 εί
295 2654 346 2708 τις
367 2625 452 2714 ὑμᾶς
475 2622 711 2715 εῦαγγελίζεται
733 2621 811 2713 παρ’
837 2625 855 2691 ὃ
877 2626 1090 2713 παρελάβετε,
1114 2621 1268 2709 ἀνάθεμα
1291 2626 1388 2708 έστω,
1411 2649 1462 2692 κα-

241 2730 315 2809 θώς
337 2737 518 2818 προείρηκα
539 2733 592 2797 καί
614 2728 717 2796 πάλιν
741 2730 839 2813 λέγω·
863 2722 1021 2794 ἀλλὰκαὶ
1046 2727 1102 2794 ἐὰν
1124 2723 1218 2812 ἡμεῖς
1240 2723 1261 2814 ἢ
1283 2726 1419 2814 ἀγγελος
1432 2725 1462 2804 έξ

242 2825 382 2913 ούρανοῦ
406 2826 652 2917 εῦαγγελίσηται
673 2827 759 2913 ἀμᾶς
780 2824 858 2913 παρ’
884 2827 901 2892 ὃ
925 2827 1138 2913 παρελάβετε,
1162 2823 1318 2913 ἀνάθεμα
1343 2829 1459 2904 έστωἼ.

241 2931 299 2996 τοῦ
322 2935 431 2995 τοίνυν
454 2926 646 2996 ἀποστόλου
667 2933 772 2995 ταῦτα
794 2928 953 3012 λέγοντος,
976 2923 997 3013 ή
1019 2933 1073 2996 καλ
1096 2920 1189 2996 οῦτοι
1209 2929 1287 3008 τοὺς
1308 2934 1388 3017 περὶ
1403 2923 1460 2996 Eb-

243 3033 355 3112 σίβιον
381 3030 687 3115 μεταβαλλομένους
711 3031 766 3095 καί
789 3029 942 3113 λέγοντας
964 3029 1059 3116 έτερα
1081 3029 1174 3118 παρὰ
1194 3030 1236 3100 τὰ
1257 3027 1459 3118 ἀπέγραψαν,
1524 3037 1525 3122 ή

243 3121 397 3213 ἀνάθεμα
419 3135 638 3196 ποιείτωσαν·
661 3123 682 3216 ἢ
704 3129 734 3196 εἰ
755 3128 970 3214 γινώσκουσιν
993 3125 1111 3210 αῦτοῦς
1124 3133 1233 3210 καλῶς
1247 3127 1460 3219 ὑπογράψω·

241 3253 314 3309 τας,
343 3229 387 3316 μή
415 3230 658 3316 γογγυζίτωσαν
680 3229 764 3296 κατὰ
785 3233 843 3315 τῆς
863 3231 1057 3320 τηλικαύτης
1079 3233 1229 3300 συνόδου.
1274 3233 1303 3298 εί
1327 3235 1365 3302 δέ
1385 3231 1460 3317 μήτε

240 3331 339 3394 τοῦτο
360 3329 442 3414 μήτε
465 3331 568 3398 έκεῖνο
591 3335 739 3412 ποιοῦσι,
764 3332 859 3418 δήλοί
880 3333 947 3402 ελοι
967 3338 1021 3402 καὶ
1045 3328 1138 3400 αὐτοὶ
1162 3338 1262 3400 παντὶ
1286 3331 1397 3422 ἀνέμῳ
1412 3333 1458 3400 καί

240 3427 382 3496 κλύδωνι
403 3431 670 3520 περιφερόμενοι,
693 3435 747 3501 καί
769 3433 813 3520 μή
836 3445 910 3514 ταῖς
932 3435 1034 3515 ἰδίαις
1055 3430 1140 3502 ἀλλὰ
1162 3431 1354 3520 ἀλλοτρίαις
1377 3432 1459 3503 ἑλκό-

240 3553 336 3616 μενοι
362 3531 516 3617 γνώμαις.
562 3538 711 3601 τοιοῦτοι
732 3538 769 3603 δέ
792 3533 897 3617 ὄντες,
922 3531 998 3604 υάδδ
1021 3540 1077 3603 νῦν
1099 3536 1255 3615 τοιαύτας
1277 3533 1460 3622 προβαλλό-

240 3655 335 3715 μενοι
357 3633 546 3720 προφάσεις
568 3631 761 3716 ἀξιόπιστοί
784 3637 884 3704 εἰσιν·
917 3633 1077 3706 ἀλλὰκαὶ
1100 3643 1328 3704 παυέσθωσαν
1353 3633 1459 3706 αἰτιώ-

239 3755 335 3815 μενοι
363 3729 450 3818 άμὴ
473 3735 688 3819 γινώσκουσι·
718 3738 802 3821 τάχα
825 3740 861 3805 δὲ
883 3734 960 3806 ούδέ
980 3740 1156 3824 διακρίνειν
1180 3738 1319 3820 εἰδότες,
1351 3736 1460 3813 ἀτελῶς

239 3833 278 3897 τὸ
299 3833 359 3918 μὲν
381 3835 527 3922 ποιηρὸν
549 3838 680 3921 λέγουσι
702 3839 811 3919 καλόν,
835 3839 873 3906 τὸ
889 3840 925 3906 δέ
940 3838 1040 3906 καλὸν
1055 3839 1209 3927 πονηρόν,
1226 3843 1281 3907 καὶ
1295 3843 1460 3926 νομίζουσι

239 3931 360 4018 τὸμὲν
382 3935 501 4022 πικρὸν
524 3930 610 4004 εἶναι
630 3939 743 4023 γλυκύ,
766 3939 806 4006 τὸ
826 3941 863 4008 δέ
884 3939 981 4024 γλυκὺ
1004 3939 1161 4024 πικρόν).
1207 3936 1321 4026 ἀμέλει
1343 3941 1459 4025 τὰμὲν

238 4039 398 4118 κριθέντα
418 4037 501 4104 κακὰ
514 4039 568 4103 καί
584 4032 903 4124 ἀποδοκιμασθέντα
917 4050 1047 4125 κρατεῖν
1063 4039 1228 4122 ἐθέλουσι,
1251 4043 1294 4110 τὰ
1309 4044 1345 4112 δέ
1360 4041 1459 4116 καλῶς

309 4205 333 4266 η
354 4207 375 4255 ι.
394 4207 462 4258 ωτι.
480 4209 505 4270 ι,
523 4207 547 4259 τ.
618 4210 643 4272 η
664 4211 685 4260 ι.
705 4213 766 4262 τω.
786 4211 810 4273 ο,
829 4211 852 4262 ε.
923 4209 948 4270 ω
967 4211 1019 4262 οτι.
1042 4213 1063 4274 ι,
1082 4211 1105 4263 ο.
1125 4213 1149 4263 ο.
1219 4213 1418 4276 σταται.

273 4335 294 4371 ι.
312 4321 353 4372 Sic
371 4321 427 4386 neg.
463 4325 490 4374 λι
515 4325 619 4378 adiuret
643 4326 683 4380 ιΙΙί
702 4323 826 4382 δνοωλῑ-
914 4328 987 4378 αλιι
1016 4330 1054 4380 hie
1084 4338 1108 4381 ει
1132 4345 1186 4381 αισι
1212 4331 1285 4392 neg..
1313 4333 1355 4394 uhi
1378 4331 1458 4383 aliia

238 4396 298 4438 ωσι.
880 4391 937 4446 editi
957 4387 1020 4443 ἀπό.

271 4455 295 4506 b.
313 4455 371 4519 Ιλες,
390 4451 583 4526 διακρίναντες.
913 4463 936 4512 δ.
955 4463 1019 4514 flue
1036 4477 1050 4514 ι
1067 4463 1156 4516 Ioanne
1175 4465 1272 4542 wiptn¹
1283 4465 1308 4514 S.
1321 4465 1457 4518 manutius
