3110 5064
609 367 786 412 smrsrro.
1274 347 1316 410 hh

95 529 211 584 eueniat
233 530 264 582 et
284 527 388 584 oontn
410 517 578 582 maenaa
601 517 835 599 disputaremt,
857 515 1040 599 principatus
1061 515 1169 578 merito
1192 515 1318 580 dabetm

94 641 190 704 aquo
206 621 383 695 Athanasio,
406 621 484 684 sieut
504 620 573 684 inda
589 619 626 682 ah
641 620 771 701 antiquis
794 618 979 700 temporibus
1001 617 1196 680 sinouseusu
1218 617 1315 680 enela-

91 726 146 788 siae
171 723 337 786 osthniicaa
362 721 450 786 datus
471 730 527 786 est
570 721 637 786 Non
660 740 736 802 opus
760 720 858 784 estid
882 728 1015 783 rourum
1037 719 1218 782 testimoniis
1240 737 1315 800 pro-

90 826 171 898 naa,
203 843 283 904 quae
304 843 322 886 a
342 823 566 888 hionttanannio
588 824 711 904 aliisque
745 823 866 886 enitente
894 829 980 895 sunt,
1009 821 1148 901 quoniam
1170 839 1221 884 ros
1244 827 1317 884 nota

90 935 131 990 est
149 935 180 990 st
201 925 284 988 trita.
328 924 444 988 Sufficit
474 927 564 988 unius
592 925 709 999 Photii,
741 923 830 1004 periti
862 920 987 998 iudicis,
1019 923 1166 986 sententia
1199 922 1314 985 Biblio-

90 1028 184 1092 menas
214 1027 284 1090 aad.
310 1031 397 1100 ren,
427 1045 488 1108 qus
511 1027 663 1090 Athanasii
692 1035 796 1090 nonus
816 1026 944 1089 Arianos
972 1024 1123 1088 orodonas
1155 1024 1315 1098 recensuit,

90 1130 158 1192 inira
179 1130 243 1192 hon
262 1129 294 1192 iu
316 1128 466 1192 volumius
486 1147 517 1209 p.
543 1130 614 1194 tta.
648 1128 807 1209 dasaripto.
856 1128 900 1191 ihi
932 1127 1012 1188 enisu
1040 1126 1098 1188 rim
1131 1125 1316 1206 eloquentiae

86 1231 115 1292 iu
135 1229 300 1293 tractandis
321 1229 544 1302 controversiis,
567 1229 707 1310 peritiam
728 1227 800 1289 artis
824 1225 993 1290 dialecticae
1015 1245 1161 1308 usumque
1183 1229 1315 1306 seriptu-

87 1351 134 1396 rse
152 1349 260 1395 saorae
282 1331 313 1394 in
336 1327 569 1412 argumentando
592 1329 691 1392 iaudat
713 1329 770 1402 ita,
799 1337 831 1390 ut
852 1328 951 1409 ipsius
972 1328 1082 1392 iudioio
1106 1328 1245 1392 omnihus
1266 1327 1315 1390 his

85 1433 216 1514 partibus
239 1432 313 1496 nihii
335 1433 497 1496 Athanasio
520 1432 653 1496 defuisse
675 1430 818 1492 rideatur.
864 1430 940 1493 Tum
964 1431 1044 1494 solas
1074 1431 1227 1494 orationes
1251 1429 1315 1492 iiius

83 1535 119 1596 ad
139 1535 340 1598 Arianismtm
362 1534 549 1598 refutandum
564 1534 639 1596 satis
661 1551 731 1596 essa
746 1531 918 1612 pronuntiat
937 1531 1086 1612 additque,
1108 1549 1170 1594 non
1192 1531 1315 1594 aberra·

83 1645 181 1698 turum
202 1655 274 1699 essa
297 1655 313 1698 a
334 1653 438 1716 saopo.
460 1635 511 1716 qni
532 1635 638 1708 dixerit
659 1633 836 1712 Gregorium
858 1632 1029 1714 mealopma
1051 1641 1081 1695 et
1101 1631 1235 1696 divinum
1256 1631 1315 1696 sa-

83 1737 191 1812 ntium,
214 1737 406 1800 adversarios
427 1736 605 1800 Asianorum
628 1735 863 1808 disertissimos,
884 1734 976 1796 hones
999 1753 1035 1796 es
1056 1736 1139 1796 tonte
1162 1753 1215 1796 sua
1238 1734 1316 1798 hau·

86 1840 174 1902 sisse.
217 1839 314 1902 Seeus
337 1857 408 1902 sero
431 1837 468 1902 de
488 1837 650 1900 Athanasio
674 1836 861 1900 existimasse
875 1836 1001 1898 Arianos
1016 1843 1133 1898 veteres
1157 1845 1187 1898 et
1208 1853 1315 1898 reeen-

91 1941 190 2012 tiorea,
211 1941 242 2002 id
265 1940 385 2020 quidem
415 1957 503 2002 nemo
525 1938 690 2002 mirabitur.
735 1937 767 2000 ln
791 1937 956 2017 exemplum
978 1935 1139 2000 ledonhus
1167 1936 1316 1998 subiicere
1433 1968 1438 1978 ·

91 2039 174 2104 lineat
193 2041 387 2121 Philostorpii
409 2040 513 2115 rerba,
548 2057 624 2120 quae
645 2039 753 2102 Suidos
775 2058 801 2101 s.
825 2059 852 2101 v.
871 2031 1109 2124 Ἀντολινάριος
1131 2027 1167 2100 ex'
1189 2038 1316 2102 historin

90 2143 142 2204 siri
163 2142 253 2207 huius
274 2143 530 2206 Eunomianornrn
558 2141 692 2221 partihus
715 2141 823 2204 addicti
851 2141 1014 2221 excerpsit:
1040 2148 1129 2224 τρεῖς
1158 2137 1198 2223 δὴ
1222 2125 1315 2205 οὗτοι

91 2236 203 2328 ἄνδρες
236 2236 491 2327 (Ἀπολινάριος
519 2243 574 2308 καὶ
600 2241 780 2319 Booti-stoc
810 2244 865 2308 ani
894 2239 1110 2328 Γρηγόριος),
1152 2237 1229 2306 τότε
1255 2241 1315 2305 τοῦ

96 2335 270 2424 dpooaatoo
291 2337 505 2430 προῦμάχοον
519 2340 603 2410 κατὰ
616 2343 676 2408 τοῦ
698 2340 917 2428 ἑτεροουοίοο,
940 2345 1054 2429 μακρῷ
1076 2340 1205 2420 πάντας
1226 2365 1316 2426 παρ-

65 2442 68 2452 ’
97 2443 270 2530 ενεγννάντας
290 2444 369 2525 τοὺς
389 2443 553 2531 πρότερον
574 2445 628 2510 καὶ
650 2439 787 2529 ὕστερον
808 2440 901 2528 ἄχρις
923 2443 1003 2528 ἐμοῦ
1024 2446 1084 2530 τῆς
1104 2437 1204 2529 αὐτῆς
1226 2443 1316 2528 αἱρέ-

99 2565 177 2624 οεως
206 2545 434 2633 προστάντας,
468 2540 521 2624 ὡς
554 2544 689 2612 παῖδα
720 2538 815 2630 παρ’
846 2539 989 2623 αὐτοῖς
1016 2548 1218 2633 κριθῆναι
1245 2542 1316 2632 τὸν

97 2637 352 2716 'Anastasiou
397 2651 441 2714 Es
467 2649 685 2714 recentioribus
712 2647 906 2710 acerbissime
931 2647 1123 2710 Athanasium
1151 2650 1316 2724 insectatus

105 2757 149 2808 eti
165 2751 233 2816 tait.
256 2753 396 2816 Whiston
417 2752 557 2831 inopere
578 2749 650 2812 olim
673 2751 789 2812 ramosa
804 2749 961 2814 Pn'mits'oe
977 2749 1176 2828 Christianitp
1199 2748 1318 2810 reniu'd

106 2846 228 2921 (boudin.
252 2857 360 2930 1711.)
382 2852 447 2916 Vni.
468 2853 491 2914 i.
513 2851 707 2933 praefationis
730 2848 1241 2928 historionep.CXVi-CXXV111.
1264 2848 1316 2912 uhi

105 2951 203 3016 uada
232 2956 263 3018 in
296 2955 377 3017 iilum
411 2953 525 3018 scilieet
546 2951 622 3016 ‘ddei
644 2951 790 3015 Nisaenaa
822 2951 1011 3012 defensorem
1042 2950 1108 3012 aliis
1136 2949 1270 3031 praeivit.
1286 2953 1316 3028 ⁴¹)

102 3049 156 3114 Sed
173 3054 289 3118 fuerunt
309 3057 398 3118 etiarn
421 3056 499 3118 inter
520 3054 677 3134 meningas
699 3052 843 3115 aaatasiaa
858 3051 1050 3131 evangelicae,
1073 3051 1124 3130 qni
1138 3051 1203 3133 posi
1225 3052 1315 3114 modo

103 3149 137 3212 de
155 3155 298 3222 Athanasii
320 3157 458 3220 iaudihus
480 3155 696 3220 detrahendum
716 3162 865 3234 putarent
909 3153 1022 3216 florum
1045 3171 1081 3214 es
1096 3171 1221 3216 numero
1243 3170 1316 3233 praa

104 3256 202 3318 usaria
222 3257 421 3321 nominandus
437 3267 485 3320 est
499 3257 650 3320 &saierus
665 3256 696 3318 in
712 3253 834 3334 scriptis
854 3262 972 3334 patrum
994 3253 1154 3326 volumnus,
1177 3253 1228 3334 qui
1250 3253 1316 3334 epi·

104 3369 215 3435 sappam
235 3358 463 3422 Alexandrinum
484 3359 515 3421 in
548 3357 688 3420 tradenda
721 3356 856 3420 donuina
885 3355 921 3416 de
949 3355 1081 3418 trinitate
1112 3353 1149 3416 ab
1178 3354 1317 3416 omnihus

104 3457 234 3522 sedata
272 3479 395 3540 graesae
432 3477 511 3526 sano.
538 3459 587 3522 tv.
625 3456 775 3539 episcopis
808 3454 1022 3518 eruditioribus
1056 3463 1086 3518 et
1116 3455 1316 3536 persuadendi

166 3742 346 3811 ‘ispeeimtnis
373 3759 447 3797 eausa
464 3761 492 3798 es
510 3745 572 3796 iibrn
599 3744 690 3794 nonore
716 3743 864 3804 adscribam,
892 3755 953 3806 quae
972 3757 995 3806 p.
1015 3741 1112 3801 Civili.
1131 3741 1161 3791 ds
1179 3741 1274 3804 ingenio
1294 3749 1318 3791 et

107 3828 199 3880 suodhus
214 3833 339 3884 Athanasii
363 3831 427 3882 dicta
451 3832 576 3894 teguntur:
602 3832 619 3880 A
637 3830 721 3880 Person
739 3833 766 3892 of
781 3829 817 3878 his
835 3828 927 3890 promat
947 3827 1080 3888 character,
1106 3829 1179 3876 nisisi
1197 3827 1210 3875 1
1225 3828 1276 3875 totae
1295 3832 1317 3876 to

106 3911 129 3958 te
144 3913 187 3964 stat
202 3922 229 3980 o!
244 3933 288 3967 asa
304 3915 419 3978 aaaron,
439 3915 574 3976 Ambitiosa,
594 3913 641 3964 aad
660 3913 796 3975 Tyrannioni
801 3929 812 3973 ,·
835 3917 863 3974 a(
877 3912 1005 3962 admiratis
1021 3913 1094 3973 Porta,
1115 3911 1155 3960 int
1171 3909 1231 3958 tutte
1248 3909 1319 3957 hear·

104 3996 159 4058 niso,
175 4002 219 4052 aad
236 4001 306 4052 maii
324 4003 469 4065 Appearsoee
487 4000 661 4064 assisinorum
684 3999 733 4048 saiso
752 3996 830 4046 uoutd
847 4010 914 4046 swas
932 3997 1016 4046 ruinis
1034 4001 1057 4044 to
1076 3995 1149 4043 either
1165 3991 1276 4055 Emperor
1291 4007 1319 4043 or

103 4079 201 4144 ⁶⁰⁸¹&st
217 4087 266 4136 ssd
281 4087 333 4138 saiso
349 4085 428 4137 sosid
444 4085 524 4136 sother
540 4091 574 4134 set
592 4083 630 4133 the
643 4082 759 4132 Christian
771 4081 849 4132 Worid
870 4083 895 4130 in
907 4096 921 4130 s
935 4079 1083 4130 deminution
1101 4091 1132 4127 on
1149 4077 1319 4129 nilominus

101 4165 150 4214 Μ
164 4171 242 4222 reseda
263 4171 346 4222 istite
369 4171 428 4220 taust
450 4175 511 4234 [ross
533 4171 571 4234 his
587 4169 748 4227 statuariam
770 4168 821 4216 uiso
839 4180 934 4216 remens
952 4162 1070 4226 anamodo
1092 4175 1146 4224 serp
1161 4162 1264 4226 meatim
1281 4169 1319 4226 pst

99 4255 163 4302 unu
179 4255 215 4304 is's
232 4253 382 4306 Adaersories
398 4257 453 4306 arith
470 4257 508 4306 tte
524 4261 584 4304 asost
609 4254 753 4302 uaeArists'ns
771 4251 855 4301 Nomas
872 4253 899 4312 a!
912 4248 1030 4312 natarat
1046 4247 1093 4296 aad
1111 4246 1184 4296 deora
1199 4248 1318 4310 possitie;

98 4337 141 4386 aad
155 4339 202 4388 sio
220 4340 271 4388 stiii
287 4340 374 4390 ader'd
388 4341 426 4390 As's
444 4339 550 4400 Netinos,
564 4353 597 4390 or
615 4343 638 4388 ot
655 4337 714 4386 iesst
732 4337 768 4386 his
787 4335 909 4398 hsnpnape
926 4347 953 4382 os
971 4333 999 4380 hs
1016 4346 1062 4382 son
1083 4331 1208 4392 Orestion,
1227 4333 1275 4380 and
1291 4345 1318 4381 as

97 4419 182 4472 tasas
199 4425 278 4474 asold
296 4426 359 4486 teor,
379 4425 426 4476 aad
442 4429 480 4487 pet
497 4423 551 4473 us'd
566 4421 682 4485 plausttta
703 4420 783 4471 Wards
802 4420 849 4469 aad
866 4417 1025 4470 insinuatione
1042 4416 1075 4468 att
1093 4417 1178 4479 ninam
1195 4431 1210 4466 ο
1226 4415 1318 4476 Persas,

96 4505 172 4570 Issa,
197 4512 224 4572 ol
239 4509 286 4560 nn
310 4510 404 4573 ammai
423 4508 545 4560 damaeta
568 4512 652 4558 eosnot
676 4507 715 4555 tut
734 4505 813 4567 otford
830 4509 894 4565 preat
913 4501 981 4552 doom
1003 4505 1041 4564 [or
1059 4502 1182 4566 suspicion
1199 4505 1222 4550 to
1241 4501 1320 4550 τοττι·-

97 4589 245 4656 ᾹπὲορΙτο.
