3158 5050
510 345 673 388 oolsrocac
686 347 723 388 Ao
740 345 934 390 somtoncn.
1270 331 1330 394 669

72 499 224 559 tentiae
248 507 356 559 temere
378 497 573 561 snhscrihnnt
593 496 748 560 Senltetns
756 497 777 580 ¹)
800 509 828 560 et
841 497 1005 575 hioetns2),
1026 497 1123 560 nnliis
1144 497 1214 560 aitis
1235 499 1416 560 aton-omo.

76 603 152 661 ctis
184 603 388 678 arpnmentis,
410 602 472 661 nisi
491 600 570 681 qaod
591 600 683 662 addat
704 599 828 662 Rioetas
851 602 943 663 citari
962 618 997 660 ea
1018 598 1155 679 Epistola
1177 601 1270 681 [nom.
1287 601 1329 678 5.]

79 699 211 762 iocum
235 699 387 764 Michaeas
409 704 461 780 pai
479 718 627 782 nusquam
650 705 814 780 reperitur,
836 705 996 764 nimirum:
1019 700 1130 790 Domus
1152 701 1239 764 Iacob
1261 720 1332 764 exa-

80 802 244 864 cerbavit
265 801 408 879 Spiritum
431 801 556 864 Domini.
606 801 711 865 Veram
733 802 820 865 valde
841 802 893 864 iiie
915 803 1139 880 hallucinatur,¹
1162 807 1271 866 nomio
1288 813 1333 866 est
1435 887 1437 892 Α

82 923 222 967 oersns
247 909 389 984 septimos
419 908 525 984 capitis
543 905 678 972 ‚secandi
698 903 848 966 Michaeas
879 908 967 966 incrta
989 905 1132 966 Graecam
1153 909 1331 968 versionem.

193 1005 260 1067 vll.
308 1006 407 1078 Qnam
433 1024 513 1067 oona
546 1016 575 1068 et
597 1009 758 1068 temeraria
780 1011 820 1068 sit
841 1005 1013 1070 huiusmodi
1036 1006 1163 1068 illoram
1191 1012 1333 1088 opinatio,

88 1127 136 1170 em
165 1107 312 1170 ornnihns
336 1111 455 1171 omnino
477 1111 694 1187 manuscriptis
717 1109 865 1170 ‘codicihns
889 1113 1086 1180 convincitur,
1110 1113 1143 1169 in
1165 1109 1269 1188 pnihns
1287 1115 1334 1172 oi-

90 1209 218 1273 deiicet
246 1227 353 1288 mopno
381 1227 530 1272 consenso
552 1205 585 1270 S.
608 1209 989 1290 Athanasioettrihoitnr.
1032 1209 1210 1272 Praeterea·
1223 1215 1276 1292 pni
1300 1214 1334 1272 in

93 1311 239 1374 lectione
260 1309 292 1371 S.
315 1310 477 1372 Athanasii
497 1311 545 1373 oei
563 1310 690 1392 paninm
712 1324 854 1380 versatas
875 1312 980 1391 suerit,
1004 1329 1038 1372 eo
1059 1316 1093 1373 in
1112 1311 1249 1390 Epistola
1271 1328 1334 1372 me·
1407 1299 1411 1309 ’

94 1413 251 1483 thodnm,
286 1413 428 1498 diction&
462 1412 609 1494 oerhapne
635 1417 702 1493 ipsa
729 1413 761 1475 S.
789 1413 931 1475 Doctoris
960 1411 1051 1492 facile
1079 1425 1229 1493 opnoscet.
1273 1412 1334 1475 Nec

96 1519 188 1576 enim
212 1511 306 1575 aliter
329 1514 376 1575 hic
399 1514 528 1586 disserit,
552 1532 639 1594 poam
661 1515 730 1576 aliis
753 1519 784 1576 in
802 1511 959 1595 Operrhns,
982 1514 1069 1576 oerhi
1086 1518 1188 1592 pratia
1203 1518 1235 1575 in
1252 1514 1334 1576 Oro-

98 1615 246 1678 tionihns
269 1625 377 1678 contra
398 1616 540 1705 Arianos,
562 1620 595 1676 in
616 1617 722 1696 qoihns
743 1616 925 1697 Scripturas
947 1619 1118 1678 testimonia
1137 1616 1268 1696 nniipne
1282 1635 1334 1678 ao-

100 1716 258 1789 camnlot,
279 1726 315 1778 ot
336 1716 408 1779 Filii
427 1717 613 1780 divinitatem
635 1727 769 1780 tueatur.
813 1717 885 1780 Com
907 1722 985 1780 enim
1006 1727 1035 1781 et
1049 1718 1159 1779 Ariani
1172 1727 1199 1779 et
1217 1716 1337 1798 Tropici

103 1819 234 1881 easdem
254 1811 447 1882 admitterent
468 1817 647 1900 Scripturas
669 1837 705 1880 ac
729 1819 917 1890 Orthvotoi,
944 1820 1094 1881 andenam
1121 1830 1231 1900 pnoeso
1253 1819 1334 1881 ooli-

105 1921 202 1983 diora
221 1930 325 2002 posset
343 1920 491 2000 proferre
512 1930 701 1999 arpnmenta,
734 1939 821 2001 poam
849 1939 887 1983 eto
914 1923 1022 1984 divinis
1051 1920 1095 1983 his
1119 1918 1231 1982 iihrisi‘
1273 1919 1334 1990 Nea

106 2025 203 2084 etiam
225 2022 362 2084 crehrins
384 2020 432 2083 hic
454 2022 553 2112 eadem
575 2025 682 2102 repetit
703 2041 791 2103 poam
813 2023 900 2094 alihi,
929 2023 1008 2104 qnod
1035 2023 1151 2104 paidom
1176 2021 1333 2084 molestam
1453 2045 1455 2060 ⁴

107 2126 227 2186 omnini
252 2142 317 2185 esse
344 2124 450 2185 dehere
478 2126 543 2204 ipse
570 2123 648 2185 solet
671 2141 881 2204 praemonere.
925 2124 1059 2205 Denipne
1088 2141 1151 2184 cnm
1178 2124 1266 2184 iidem
1287 2121 1339 2185 iiii

111 2226 264 2288 semoniae
289 2223 447 2303 Epistoiae
472 2235 593 2305 portem
617 2229 836 2306 posteriorem,
868 2243 943 2306 qnae
975 2229 1092 2305 primae
1121 2237 1166 2287 est
1199 2229 1332 2304 epitome,

111 2325 276 2390 Athanasii
295 2345 359 2388 sose
382 2315 585 2397 contentioni,
609 2331 781 2407 permirnm
801 2345 875 2390 sane
901 2338 962 2398 est,
993 2327 1079 2406 puori
1100 2327 1175 2390 hona
1205 2327 1335 2388 audeant

38 2476 43 2489 .
114 2429 289 2508 repudiare.
335 2425 393 2490 Sed
416 2428 450 2489 de
472 2429 518 2490 his
542 2432 797 2509 satis¹soperpaa
841 2427 892 2490 ito
906 2433 983 2490 ersom
994 2411 1191 2509 perspicnom
1205 2436 1251 2490 esi
1265 2445 1336 2488 vere

117 2529 277 2590 Athanasii
296 2547 360 2591 asse
379 2533 511 2609 primam
533 2511 814 2609 honc'Epistoiom,
842 2539 877 2590 at
900 2532 1014 2591 nemini
1033 2547 1097 2590 rem
1118 2533 1198 2592 serio
1221 2533 1343 2592 commi-¹

113 2634 207 2694 ¹nanti
225 2629 291 2692 aiio
308 2625 409 2711 possit
432 2631 552 2693 ohoriri
571 2635 701 2709 suspicio
724 2632 756 2692 id
776 2635 808 2692 in
831 2630 951 2692 dnhiam
973 2630 1144 2691 revocandi.

204 2731 276 2794 vlit.
321 2731 493 2814 Cardonoiis
515 2732 683 2794 Perronins
711 2730 763 2794 tio.
779 2734 809 2794 2.
839 2731 874 2793 ae
894 2729 1092 2793 Eucharistia
1119 2729 1228 2810 oiiipoe
1256 2725 1337 2792 non-

119 2833 198 2897 nolii
218 2845 405 2915 postramam
432 2852 547 2915 pnopoe
569 2844 693 2914 portem
718 2837 781 2895 siae
808 2833 999 2912 appendicem
1020 2830 1172 2911 lipo'stoloe
1202 2829 1335 2904 attimar,

120 2955 221 3028 nempp
244 2935 417 2998 Troototom
436 2939 471 2997 in
491 2937 585 2998 oerha
607 2934 754 2997 Matthaei
766 2933 950 3012 Quicumque
965 2932 1078 3008 dixerat
1092 2939 1159 3006 cta,
1181 2942 1334 3013 nepornnt
1389 2969 1396 2982 ·

123 3055 224 3101 oentm
245 3056 310 3100 esse
331 3035 364 3098 S.
386 3037 546 3101 Athanasii
565 3021 651 3117 opos.
693 3037 733 3098 At
758 3051 934 3116 permanan
961 3039 1026 3098 eins
1053 3037 1256 3116 petanense,
1289 3053 1335 3110 ea,

124 3159 194 3222 poae
214 3139 312 3221 paolo
342 3138 591 3202 mmmcmlii.
614 3149 643 3200 et
668 3137 697 3198 V.
721 3140 801 3204 dicto
828 3148 915 3209 sont,
945 3141 1134 3220 apertissime
1163 3137 1335 3201 ostendant.

126 3241 201 3304 Adia
213 3245 245 3304 in
261 3239 394 3306 Concilio
410 3239 609 3304 lateranensi
621 3241 674 3303 soh
690 3239 825 3303 Martino
837 3239 863 3301 1.
887 3238 980 3318 [Tom.
996 3239 1055 3318 Vt]
1075 3259 1146 3322 pap.
1160 3236 1256 3315 304.³)
1273 3249 1335 3300 trec

129 3343 201 3409 loros
228 3361 266 3406 eor
295 3343 350 3404 hoc
374 3340 518 3404 Tractatio
539 3353 687 3422 tamqnam
714 3361 755 3406 ea·
776 3360 848 3404 cero
870 3340 904 3403 S.
926 3341 1087 3408 Athanasii
1107 3361 1197 3424 opere
1217 3341 1336 3406 oddnci.

192 3529 213 3590 o
230 3529 333 3582 necnon
351 3527 486 3592 theologico
505 3529 608 3579 oacrum.
644 3507 710 3581 ior.
728 3530 829 3596 capot.

190 3597 213 3658 2)
230 3598 330 3648 Criticos
348 3613 425 3647 socer.
461 3597 511 3647 Lib.
524 3597 563 3646 ΙΙΙ.
582 3597 751 3662 cophiopp.
770 3597 843 3649 theol.
865 3597 937 3666 from.
950 3595 978 3648 11.
997 3595 1128 3663 poton).

138 3739 142 3744 ν
192 3663 214 3726 3)
230 3661 305 3715 Monoi
323 3664 395 3716 Cano.
415 3664 475 3716 Coti.
493 3664 594 3715 Tomi.
612 3679 637 3729 p.
649 3664 721 3715 1104.
1219 3665 1222 3674 “
