3022 5056
445 337 553 382 enarro
568 338 591 381 t.
607 337 723 382 cannas
737 339 872 384 tunnas.
1208 327 1271 394 sta

81 495 152 550 ran
171 487 312 570 indigeret
353 487 392 549 dt
411 485 500 552 Verbi
532 487 675 551 advenum
696 487 792 550 Patris
815 507 891 570 opus
912 489 1045 570 perfecit.
1090 491 1166 556 Hinc
1187 503 1357 560 aamercort

80 589 109 651 ed
126 587 208 654 idus
230 591 269 654 ad
293 589 425 672 Moysen
451 609 536 654 mors
564 590 684 671 quidem
713 595 870 672 regnauit,
903 591 955 654 sed
983 591 1071 655 Verbi
1103 597 1274 674 praesentia

79 699 184 753 nortem
201 693 313 770 penitus
336 691 492 766 destruxit,
513 711 571 754 nec
591 692 718 771 amplius
740 692 772 753 in
792 691 885 754 Adam
907 694 1067 768 morimur,
1091 695 1145 757 sed
1168 714 1272 760 omnes

78 789 101 851 in
120 791 222 854 cbristo
242 791 297 854 rita
318 793 473 856 donamur.
516 793 674 856 Praeterea
695 801 780 856 antea
808 793 910 856 alian
938 813 1033 874 usque
1060 798 1096 860 ed
1123 797 1271 860 Bersabee

76 890 114 952 les
131 892 331 972 divulgabatur,
361 902 450 974 atquc
477 893 508 956 in
537 895 601 956 sola
621 893 729 958 Iudaea
751 903 842 958 notus
864 903 928 958 erat
949 895 1044 973 Deus3
1071 916 1152 962 nunc
1172 911 1355 965 autemnns.

76 995 102 1052 in
118 1012 217 1058 onam
237 1005 351 1058 terram
373 1000 468 1060 euicit
489 1014 584 1060 sonus
607 1013 729 1069 eornm,
752 1005 783 1059 et
805 998 904 1058 omnis
926 1007 1005 1062 terra
1026 998 1080 1060 Dei
1103 1001 1271 1080 cognitione

76 1101 112 1156 est
127 1095 238 1175 repieta,
266 1106 430 1176 gentesque
457 1097 613 1160 universas
642 1098 789 1162 edocuere
809 1095 970 1178 Discipuli,
1003 1118 1037 1161 ac
1066 1100 1192 1180 denique
1214 1103 1272 1166 boc

74 1203 183 1276 tempore
207 1197 275 1259 ittud
304 1197 474 1278 Scripturas
503 1199 657 1279 impletum
685 1212 747 1262 est:
781 1199 886 1262 Erunt
913 1219 1015 1264 omnes
1048 1203 1130 1264 docti
1154 1220 1174 1263 a
1194 1203 1270 1266 Deo.

74 1295 167 1359 Etenim
185 1305 254 1378 quie
276 1307 349 1362 tnnc
371 1299 489 1380 quidem
510 1299 700 1381 apparebant,
722 1320 822 1363 merae
837 1311 921 1364 erant
935 1302 1057 1380 figurae,
1079 1321 1160 1364 nunc
1174 1311 1272 1365 eutem

73 1397 126 1476 ipsa
142 1401 268 1479 patefacta
291 1401 400 1462 veritas
424 1408 484 1475 est,
515 1402 596 1481 quod
616 1401 779 1482 Apostolus
801 1411 906 1483 postea
926 1403 1107 1466 luculentius
1128 1404 1194 1484 ipse
1218 1421 1271 1466 ex·

72 1497 144 1576 piicst
160 1500 200 1562 bis
220 1501 339 1564 serbis:
362 1502 400 1565 In
423 1513 543 1566 tanturn
560 1507 803 1584 praestantioris
827 1509 1000 1568 testamenti
1020 1524 1153 1586 sponsor
1167 1505 1271 1586 sactus

70 1611 106 1662 nt
122 1599 212 1675 Iesus,
238 1614 269 1666 et
289 1622 414 1666 rausus:
441 1603 531 1668 Nunc
559 1617 660 1667 antem
687 1605 885 1668 eantteenns
909 1612 1038 1672 sortitus
1068 1613 1113 1668 es't
1134 1610 1272 1672 ministe-

69 1703 141 1778 riun,
160 1715 265 1783 pusato
289 1716 320 1768 et
336 1709 580 1787 praestantioris
603 1709 776 1770 testamenti
795 1709 945 1771 mediator
960 1718 1014 1780 est,
1036 1709 1116 1790 paud
1130 1712 1163 1770 in
1175 1725 1271 1788 prae-

67 1806 240 1868 stantioribus
257 1808 516 1887 promissionibus
539 1811 690 1870 eann‘tnns
712 1818 767 1870 est.
803 1807 882 1870 Nam
897 1807 976 1869 atttt
994 1809 1034 1870 ad
1050 1809 1272 1888 perfectionem

67 1905 170 1968 anama
189 1906 252 1980 inc,
281 1907 338 1969 sed
358 1916 425 1969 erat
444 1908 723 1989 introductiaepei
738 1913 997 1990 praestantioris,
1021 1917 1051 1970 et
1071 1909 1159 1988 paulo
1181 1916 1267 1990 post:

64 2003 166 2070 Necesse
185 2018 229 2071 est
249 2026 327 2090 erpo
348 2007 538 2090 exemplaria
560 2009 733 2075 nebettam
755 2012 801 2074 bas
821 2011 976 2086 mundari,
999 2015 1066 2093 ipsa
1087 2024 1188 2076 antem
1203 2029 1272 2074 eae-

65 2103 134 2167 ieen'a
147 2111 426 2190 praestantioribus
450 2110 557 2172 bestiis
578 2130 667 2193 petam
682 2117 760 2174 istis.
804 2111 914 2174 Vocem
929 2112 1018 2194 igitur
1029 2115 1270 2192 praestantioris

62 2205 100 2267 bic
116 2215 141 2270 et
157 2228 209 2290 per
230 2219 334 2274 totum
350 2210 501 2292 Epistolae
523 2219 694 2274 contextum
708 2209 846 2286 Domino,
870 2215 919 2296 qui
933 2213 1135 2294 praestantior
1149 2220 1181 2274 et
1193 2213 1270 2275 alius

63 2315 98 2368 est
119 2329 133 2370 a
156 2311 243 2376 rebus
271 2312 378 2386 iactis,
406 2312 550 2377 attribuit.
595 2313 748 2394 Siquidem
775 2315 977 2396 praestantius
1006 2323 1053 2378 est
1081 2315 1268 2390 sacrificium,

61 2411 124 2487 quod
141 2431 192 2492 per
210 2415 312 2494 ipsum
333 2415 501 2495 peragitur,
531 2417 735 2496 praestantior
751 2425 847 2496 spes,
880 2436 955 2497 quae
982 2417 1015 2478 in
1037 2435 1073 2477 eo
1096 2415 1268 2489 collocatur,

62 2525 87 2570 ac
102 2515 247 2592 promissa,
270 2533 349 2596 quae
371 2515 460 2577 nobis
481 2517 639 2597 perillum
662 2527 732 2580 sunt
754 2517 924 2592 iecta,·non
946 2525 981 2580 ut
994 2535 1099 2597 magna
1115 2535 1182 2578 cum
1196 2534 1268 2597 par-

59 2611 94 2671 rts
111 2625 323 2697 comparantur,
347 2617 400 2678 sed
422 2623 457 2678 ut
478 2616 593 2680 diversa
616 2617 652 2680 ab
675 2619 741 2680 aliis
764 2622 880 2695 naturis,
903 2618 972 2698 quia
993 2619 1039 2693 is,
1063 2618 1113 2697 qui
1134 2617 1194 2678 ista
1215 2615 1269 2676 ad·
1305 2616 1311 2632 ¹

57 2713 220 2794 ministrarit,
240 2716 337 2780 rebus
359 2717 442 2780 iactis
465 2725 512 2780 est
532 2720 744 2800 praestantior.

124 3022 171 3084 60.
212 3021 281 3084 lam
308 3035 379 3081 vero
407 3019 488 3101 quod
515 3017 638 3082 dicitur:
672 3020 776 3100 sactus
805 3028 853 3082 est
878 3035 1026 3098 sponsor,
1063 3015 1270 3098 sponsionem,

53 3131 127 3196 pam
145 3121 192 3184 isse
210 3141 274 3203 pro
295 3121 384 3183 nobis
404 3122 490 3196 iecit,
522 3121 678 3210 significat.
724 3119 980 3208 Quemadmodum
1009 3117 1089 3181 enim
1109 3118 1174 3193 itte,
1202 3136 1271 3182 cum

52 3217 161 3284 ierbum
183 3231 285 3308 esset,
315 3241 383 3284 caro
412 3224 506 3285 iectus
530 3231 595 3298 est,
621 3224 755 3303 hocque,
785 3222 865 3302 quod
892 3221 1019 3283 dicimus
1049 3223 1159 3284 iactum
1188 3239 1268 3312 esse,

53 3321 119 3383 carm
132 3325 332 3388 adscribimus
355 3324 439 3399 (baec
455 3325 535 3386 enim
549 3326 629 3403 sacta,
647 3333 678 3387 et
699 3333 797 3386 creata
819 3326 888 3401 est),
911 3325 952 3385 ite
974 3322 1063 3385 etiam
1084 3323 1159 3384 baec
1180 3322 1269 3385 dictio

52 3421 136 3496 iectus
157 3437 202 3490 est
223 3427 308 3488 iuxta
331 3425 492 3488 secundam
515 3426 762 3506 significationem
777 3425 827 3486 bic
841 3433 888 3487 est
901 3423 1102 3505 intelligenda,
1125 3432 1269 3504 quatenus

52 3519 166 3590 nnbat
187 3531 287 3600 iactus
307 3528 400 3589 bomo
423 3534 480 3589 est.
523 3527 669 3590 Norerint
689 3526 816 3608 proinde
837 3526 1005 3606 pertinaces
1032 3525 1189 3599 homines,
1202 3515 1269 3586 'ra-

53 3639 112 3684 1111111
129 3647 246 3710 quoque
279 3648 417 3710 prerum-
430 3628 489 3695 hoc
515 3628 635 3692 iliorum
657 3636 857 3691 commentum
879 3647 965 3705 esse3
993 3627 1114 3690 audiant
1134 3625 1270 3697 Paulum,

51 3723 92 3783 ιιι
108 3731 381 3812 perspectissimum
404 3739 482 3804 erat,
505 3749 575 3794 eum
597 3739 628 3792 et
648 3729 755 3794 Filium
776 3749 811 3792 ac
832 3729 1024 3810 sapientiam,
1057 3725 1267 3807 splendorem·

50 3841 97 3901 que
116 3838 143 3890 et
161 3832 325 3913 imaginem
347 3831 446 3895 Patris
468 3851 548 3906 esse,
571 3832 693 3896 minime
714 3833 762 3894 bis
784 3832 884 3895 verbis
900 3831 1067 3911 significare
1082 3827 1147 3889 eius
1162 3826 1271 3886 iactam·

47 3925 128 3992 inisse
148 3941 305 4009 naamam,
337 3933 391 3996 sed
418 3954 483 3997 eam
505 3934 668 3998 dictionem
689 3936 804 3997 reierre
825 3933 862 3996 ad
883 3931 1056 3995 testamenti
1077 3923 1269 3990 administra-

44 4153 63 4192 et
83 4164 133 4202 mos
152 4167 209 4204 eura
229 4153 288 4216 neg.
307 4147 435 4272 ruspans
451 4149 629 4220 λειτουργίας.
717 4156 741 4205 h.
760 4154 818 4232 fleg.
842 4143 880 4204 de
905 4141 999 4198 ἄλλων.
1035 4145 1088 4195 idox
1106 4143 1169 4192 idern
1188 4149 1213 4194 ct
1229 4143 1270 4194 eiii

45 4211 81 4262 tut
99 4226 121 4267 et
138 4221 197 4272 editi
216 4213 318 4288 ἔγγυος
335 4214 350 4270 ὅ
367 4235 383 4271 a
403 4215 426 4276 ’ς
443 4219 629 4290 ειτέτυχελει·
682 4237 741 4272 mss.
759 4232 830 4286 apos
847 4209 921 4266 ἄλλα.
956 4213 1023 4293 sara
1036 4205 1108 4278 πρὸς
1124 4200 1211 4264 ἄλλας·

43 4285 182 4351 assyriae.
715 4290 730 4337 t.
750 4287 791 4336 Sic
814 4299 872 4335 mss.
915 4283 945 4333 it
967 4283 1024 4334 edrtr
1043 4280 1134 4330 addunt
1150 4274 1198 4327 eei
1214 4285 1271 4344 post

196 4378 280 4439 ee
296 4383 328 4439 a
344 4383 505 4442 saetae
679 4347 795 4472 ra
812 4340 1270 4482 interminuattat:

70 4500 90 4548 a.
112 4490 241 4554 inplicam.
271 4485 348 4560 παρὰ
377 4489 480 4543 ταῦτα·
508 4485 542 4543 sd
569 4483 627 4564 ἄρα
677 4499 773 4538 ravan.
811 4487 913 4548 Segaer.
938 4480 984 4536 eni
1006 4477 1129 4537 irradia
1144 4481 1269 4552 piperem

42 4555 172 4618 'itinere-
677 4547 724 4608 ira
740 4549 785 4606 nai
803 4551 894 4606 caira.

73 4643 201 4693 trunam
212 4657 266 4694 ore.
274 4657 346 4694 ross.
359 4659 408 4694 ssu.
1035 4638 1066 4690 1⁸
