3064 5054
465 347 574 392 omrro
590 347 628 391 rr.
643 347 760 394 eonem
774 345 910 396 amusos.
1220 327 1282 395 639

61 497 150 562 rideri
172 497 302 564 dederet
317 496 484 579 Scriptura,
508 515 563 560 nee
585 499 655 560 item
677 496 806 560 mundus
828 517 883 577 per
907 497 1044 570 Verbum,
1068 497 1120 560 sed
1142 517 1196 578 per
1213 499 1370 560 uni-een

60 602 190 682 genitum
205 601 309 662 Filium
326 600 424 663 salvus
442 601 507 663 lieri
523 601 639 664 dieitur.
684 600 825 679 Namque,
849 600 954 680 inquit,
978 599 1051 662 dixit
1064 601 1164 662 lesus:
1191 600 1283 666 Tanto

59 717 191 786 tmpore
212 705 366 766 nobiseum
388 722 471 774 eum,
503 715 532 768 et
553 721 615 764 non
637 697 886 782 ooqnooisti'me,
919 699 1082 783 Philippo?
1128 702 1191 775 Qut
1210 703 1372 764 moerere.

58 825 118 880 ere,
146 807 222 868 vidit
243 805 376 868 Putrem.
421 805 591 866 [Venetiam
614 823 629 866 a
653 801 765 877 Verbo,
795 804 848 866 sed
870 823 887 865 a
907 803 983 865 Filio
1006 804 1122 865 Patrem
1146 804 1285 882 cognosci
1333 859 1334 864 ,

57 909 195 988 legimus:
217 907 261 970 uti
282 925 337 969 neo
359 907 486 968 Verbum
509 887 608 968 ridere
632 905 746 967 Patrem
770 904 887 979 dieitur,
910 905 963 968 ond
986 905 1156 985 unigenitus
1179 905 1283 978 Filius,

59 1009 108 1090 qui
130 1017 176 1072 eat
198 1009 227 1070 iu
250 1009 318 1071 sinu
340 1008 445 1072 Patris.

139 1216 192 1277 2l.
236 1212 349 1292 quuid
378 1229 469 1291 porro
494 1211 622 1274 Verbum
655 1211 691 1272 ad
719 1185 852 1274 nostram
881 1210 1004 1272 salutem
1033 1209 1160 1290 amplius
1187 1207 1285 1289 possit

59 1318 209 1388 conterre,
238 1333 324 1394 quam
347 1314 455 1385 Filius,
485 1312 512 1374 si
535 1331 657 1392 nempe,
686 1321 720 1374 ut
747 1313 943 1386 arbitrantur,
973 1311 1046 1374 alius
1075 1319 1123 1373 est
1142 1309 1233 1374 Filius
1255 1320 1284 1373 et

58 1419 134 1481 aliud
155 1415 307 1480 Verbum?
350 1415 414 1478 Noe
436 1416 515 1477 enim
537 1433 597 1477 non
621 1415 650 1477 in
674 1415 811 1490 Verbum,
837 1415 942 1477 sedin
964 1415 1070 1478 Filium
1093 1414 1213 1478 eredere
1235 1413 1283 1476 iu-

56 1522 176 1595 bemur,
204 1527 238 1580 ut
258 1519 385 1580 loannes
412 1518 460 1580 bie
484 1517 586 1580 Verbis
617 1517 759 1579 declarat:
792 1518 856 1592 Qui
876 1519 971 1580 eredit
991 1521 1024 1579 in
1046 1516 1170 1588 Filium,
1199 1516 1286 1579 belet

56 1631 147 1688 ottone
169 1635 341 1694 aeternamm
364 1625 417 1704 qui
437 1631 536 1686 notor
559 1619 636 1682 ntro
658 1639 722 1682 non
745 1621 850 1690 eredit,
872 1637 936 1682 non
958 1619 1072 1682 videdit·
1085 1623 1189 1684 auom
1231 1618 1284 1679 In·

55 1743 146 1806 super
166 1733 301 1790 sanetum
323 1723 488 1803 Baptisma,
516 1721 546 1783 in
576 1740 635 1802 quo
664 1721 758 1783 totius
786 1729 908 1788 nostrae
930 1720 998 1784 lidei
1021 1721 1118 1802 posita
1142 1728 1188 1782 est
1209 1737 1284 1782 eou-

55 1828 188 1902 stitutiq,
216 1843 277 1887 non
298 1826 328 1886 in
351 1825 495 1899 Verbum,
525 1825 577 1886 sed
600 1825 630 1884 in
652 1823 769 1885 Patrem
793 1824 956 1886 etlilium
978 1832 1008 1885 et
1031 1831 1165 1885 sanctum
1187 1817 1285 1901 Spiri-
1360 1873 1364 1888 .

54 1937 113 1990 tum
139 1927 235 1988 datur.
280 1923 468 2006 Quapropter
498 1925 524 1986 si
555 1924 718 1987 seeundum
740 1925 808 1986 illos
831 1925 910 1986 aliud
936 1933 985 1986 est
1006 1923 1135 1986 Verbum
1157 1932 1188 1985 et
1207 1923 1285 1985 alius

53 2029 157 2100 Vdius,
180 2047 235 2090 neo
256 2028 383 2090 Verbum
407 2035 453 2090 est
473 2027 581 2101 tutuo,
611 2027 683 2088 nibil
706 2045 778 2088 sane
801 2026 837 2087 ad
863 2026 993 2088 Verbum
1016 2026 1166 2109 Baptisma
1188 2025 1283 2105 perti-

53 2142 112 2194 net.
167 2131 325 2203 Quomodo
359 2129 448 2209 igitur
477 2127 603 2192 Verbum
632 2129 799 2190 seeundum
833 2128 899 2190 illos
929 2147 987 2191 una
1015 2137 1063 2190 est
1091 2147 1158 2190 oum
1186 2127 1283 2200 Patre,

53 2253 117 2296 oum
143 2233 175 2294 in
196 2231 339 2311 baptismi
362 2231 522 2293 donatione
545 2249 602 2294 una
626 2249 693 2294 oum
716 2251 752 2292 eo
775 2229 918 2292 nonsit?
961 2231 998 2292 lt
1017 2232 1093 2292 lorte
1108 2228 1284 2309 responsuri

52 2347 139 2406 sunt,
168 2333 295 2396 Verbum
326 2335 355 2396 in
378 2335 475 2396 Patris
507 2335 628 2396 nomine
650 2333 805 2396 contineri.
852 2333 963 2406 Quidni
986 2351 1058 2411 ergo
1081 2341 1111 2394 et
1131 2329 1283 2413 Spiritus?
1349 2379 1354 2396 .

52 2439 94 2499 An
123 2455 196 2498 vero
225 2445 305 2496 extra
329 2436 446 2497 Patrem
476 2435 577 2496 existit
599 2433 754 2514 Spiritus?
797 2433 911 2495 Deinde
942 2433 968 2496 ei
991 2433 1119 2496 Verbum
1148 2451 1209 2494 non
1239 2438 1288 2498 est

52 2528 155 2611 Vilius,
178 2538 270 2598 bomo
293 2537 382 2616 igitur
402 2544 472 2616 post
494 2536 611 2598 Petrrm
634 2535 832 2597 nominandus
855 2536 921 2609 erit,
946 2545 975 2597 et
990 2535 1118 2615 Spiritus
1140 2533 1283 2614 postho-

52 2642 174 2714 minem,
197 2658 253 2700 nee
273 2639 330 2701 iam
353 2639 455 2700 Unitae
478 2657 514 2700 er
536 2639 653 2698 illorum
676 2636 822 2698 sententie
844 2636 875 2696 in
898 2637 1073 2698 Trinitatem
1095 2635 1274 2707 dilatabitur,

52 2744 104 2804 sed
126 2744 158 2804 in
179 2738 421 2821 quaternitatem,
449 2757 555 2818 nempe
578 2739 607 2800 in
630 2740 763 2813 Patrem,
785 2738 929 2812 Verbum,
951 2738 1057 2800 Filium
1080 2746 1111 2798 et
1131 2737 1273 2817 Spiritum

51 2856 197 2906 sanetum.
239 2842 347 2904 Verum
371 2841 418 2903 hlo
439 2860 492 2902 eos
514 2841 613 2921 pudor
634 2840 663 2902 in
686 2840 762 2901 aliud
786 2839 865 2918 cogit
885 2839 1043 2918 coningere
1058 2837 1272 2900 divertioulum.

51 2947 143 3006 Aiunt
170 2943 273 3024 igitur,
307 2962 368 3004 non
396 2944 547 3010 hominem
579 2959 733 3014 seorsum,
768 2960 855 3020 quem
885 2941 1012 3021 gestarit
1031 2940 1193 3015 Dominus,
1227 2941 1282 3003 sed

52 3055 228 3126 utrumque,
251 3045 379 3107 Verbum
402 3045 515 3106 soilioet
537 3053 568 3106 et
589 3043 761 3116 bominem,
785 3061 854 3106 esse
877 3043 1001 3116 Filium3
1025 3043 1112 3105 ambo
1135 3045 1213 3106 enim
1236 3045 1281 3108 ei·

50 3147 115 3208 mul
138 3148 305 3218 eonimti,
331 3155 364 3208 ut
393 3147 545 3226 inquiunt,
575 3146 667 3208 Filius
697 3145 868 3226 appellatur.
914 3145 987 3218 Quis
1015 3145 1106 3226 igitur
1126 3146 1282 3210 amborum

49 3268 146 3314 oense
168 3250 285 3322 alterius
307 3248 379 3312 esti
424 3249 496 3311 Uter
523 3257 623 3311 ulrum
658 3249 755 3310 elleoit
777 3247 906 3314 Filium?
950 3249 1001 3310 Vel
1028 3257 1061 3310 nt
1087 3250 1204 3329 planius
1232 3249 1281 3310 lo-

50 3369 143 3432 quar,
172 3371 241 3414 num
263 3352 392 3412 Verbum
415 3351 506 3414 Vilius
529 3361 577 3442 est
597 3359 726 3432 propter
743 3369 877 3424 earnem,
903 3369 943 3414 eu
969 3371 1039 3413 vero
1068 3371 1137 3414 caro
1160 3360 1282 3431 propter

54 3453 182 3515 Verbum
203 3453 295 3514 Filius
319 3451 450 3515 dicitur?
493 3455 576 3514 none
598 3454 698 3532 potius
721 3463 861 3516 neutrum
885 3453 968 3516 alteri
991 3473 1079 3515 causa
1102 3465 1147 3516 est
1161 3453 1293 3540 euelli-¹

52 3553 113 3614 lius
140 3555 319 3636 appelletur,
353 3555 406 3616 sed
435 3555 517 3616 solus
542 3555 696 3618 amborum
726 3555 932 3636 congressus?
977 3556 1063 3628 Quod
1093 3555 1118 3617 si
1151 3554 1280 3616 Verbum

52 3666 175 3733 propter
197 3675 314 3719 earnem
335 3657 441 3718 Filium
476 3677 544 3718 esse
568 3659 794 3737 responderint,
824 3666 903 3719 certe
931 3677 1050 3718 carnem
1077 3655 1183 3718 Filium
1212 3673 1280 3718 esse
1352 3658 1358 3671 '

51 3775 176 3820 necesse
199 3768 261 3832 est3
289 3778 348 3838 quo
378 3779 414 3820 ex
435 3778 583 3838 responso
608 3759 705 3820 omnia
728 3760 775 3820 illa
798 3760 925 3820 absurda
947 3769 1181 3838 consequentur,
1204 3777 1279 3836 quae

51 3875 88 3916 ex
115 3859 229 3922 illorum
259 3861 398 3939 superins
428 3859 538 3923 dietum
567 3872 614 3922 est
636 3861 708 3940 oriri
732 3862 893 3931 sententia,
923 3861 972 3940 qul
1001 3861 1150 3922 hominem
1172 3859 1278 3922 Filium

53 3977 124 4018 esse
149 3963 305 4022 allirmant.
350 3961 383 4023 Si
411 3981 481 4024 vero
510 3971 633 4042 propter
661 3963 788 4050 Verbum
817 3981 885 4024 earo
913 3963 1005 4026 Filius
1035 3963 1156 4036 dieitur,
1191 3961 1279 4042 igitur

53 4057 181 4124 Verbum
204 4064 291 4125 etiam
313 4073 382 4125 ante
405 4083 521 4126 earnem
544 4065 637 4126 Filius
660 4070 731 4126 erat
776 4065 849 4126 lVam
865 4067 914 4145 qui
936 4066 1001 4127 lieri
1023 4071 1133 4144 potest,
1155 4071 1189 4126 ut
1203 4064 1278 4126 alios

54 4159 104 4220 ille
128 4163 202 4226 lilios
224 4167 343 4238 reddat,
372 4165 422 4245 qui
442 4167 509 4250 ppse
532 4167 608 4228 lilius
631 4187 690 4228 non
713 4175 775 4239 est,
803 4168 978 4247 praesertim
1000 4167 1087 4228 Patre
1109 4165 1278 4228 existente?

55 4261 190 4327 Proleeto
214 4267 240 4328 si
263 4267 319 4330 sibi
342 4268 407 4348 ipse
428 4268 505 4330 lilios
530 4269 628 4345 elficit,
652 4270 739 4332 Pater
758 4268 901 4331 dicendus
924 4277 980 4344 est,
1004 4267 1030 4329 si
1045 4265 1135 4342 Patri,
1157 4267 1222 4348 ipse
1238 4269 1278 4332 sit

55 4447 149 4500 addunt
171 4449 216 4501 aori
240 4447 338 4520 λόγον,
368 4457 433 4521 qood
459 4457 499 4507 olii
532 4465 555 4508 et
584 4457 640 4508 editi
693 4457 725 4508 tlo
745 4457 861 4508 Commel.
881 4448 943 4524 ἄρα.

57 4523 183 4600 omittunt..
381 4530 406 4602 Ἰ·
727 4527 743 4575 l.
763 4525 1013 4590 stulteqetsegner.
1048 4527 1076 4577 ln
1094 4525 1148 4578 aliis
1166 4526 1278 4576 eluditis

93 4597 119 4631 ⁸·
137 4587 201 4640 basil.
219 4599 242 4642 et
254 4592 357 4644 Gobler.
375 4607 438 4658 ope.
465 4593 544 4644 Ceteri
556 4601 579 4644 et
589 4594 640 4644 edi·
694 4587 709 4654 ἡ
728 4595 803 4644 deest.

964 4914 1353 5012 -e
