2996 5056
427 379 535 422 onorio
551 379 571 422 1.
588 377 703 428 eourm
719 377 855 424 munos.
946 393 950 405 ·
1191 365 1250 427 157

63 529 153 597 ..lilius
171 529 279 592 Patrem
302 548 366 590 nou
388 539 521 592 accurato
543 529 707 609 cognoscit,
729 537 832 608 utpote
854 529 901 590 cui
920 495 1189 610 comprehendendi
1204 535 1337 592 lea-rna

63 631 153 700 ¹,cultata
171 632 253 704 desit,
273 649 378 694 rerum
398 649 454 694 nec
475 649 560 692 suam
582 631 647 711 ipse
668 638 804 692 naturam
827 639 928 692 notam
949 629 1069 692 habet“
1104 632 1191 694 Addit
1206 632 1251 693 si-

61 733 143 796 niliter
158 741 257 794 aalma
278 733 400 806 divisas,
422 731 565 806 diversas,
587 731 762 806 disiunctus,
786 731 957 810 alienasque
973 749 1028 794 noc
1042 732 1166 795 invicem
1181 751 1253 812 par-

61 835 139 913 tio'pcs
158 853 221 896 esse
241 834 348 906 Patris,
371 833 437 895 Filii
460 842 490 896 et
510 834 609 896 Sanun
634 832 763 913 Spiritus
786 832 983 894 substantias:
1006 834 1076 913 quin
1100 834 1197 908 etiam,
1222 843 1255 898 ut

61 935 107 1015 ipse
123 935 169 1010 ait,
191 935 338 1015 „penitus
366 935 444 997 iuter
473 953 507 998 se
529 943 558 997 et
578 933 743 998 suestanus
766 944 795 996 et
817 934 909 1014 gloria
933 943 1003 998 sunt
1024 935 1139 998 inlicite
1160 937 1253 998 ‹lissi-

62 1036 172 1106 „niles.“
213 1037 316 1116 ltaque
338 1035 420 1115 quod
442 1035 477 1098 ad
492 1045 615 1098 naturae
633 1045 662 1097 et
676 1035 788 1116 gloriae
803 1035 1026 1098 similitudinem
1040 1037 1156 1111 attinet,
1178 1039 1254 1100 llor-

60 1136 109 1198 lun
126 1137 156 1200 ab
176 1137 310 1218 atrisque
331 1137 420 1200 Patre
441 1137 577 1200 videlicet
599 1147 635 1198 et·
644 1137 756 1217 Spiritu
772 1138 881 1200 Sancto
903 1137 1032 1200 alionum
1048 1139 1170 1200 omnino
1186 1157 1255 1201 esse

60 1239 135 1309 toccu
152 1240 220 1302 liaeo
242 1241 324 1302 euim
346 1239 411 1319 ipsa
434 1247 505 1300 sont
526 1238 609 1318 impii
632 1239 709 1300 illius
732 1239 838 1312 rerba,
862 1239 912 1318 qui
934 1239 1004 1302 item
1027 1241 1070 1301 ait
1090 1239 1198 1302 Filium
1220 1259 1257 1302 ex

59 1358 83 1400 se
98 1359 110 1400 a
127 1341 205 1403 Patre
226 1360 298 1406 esse
319 1341 448 1402 divisum
470 1340 609 1420 nullaque
632 1341 715 1401 inre
736 1341 909 1421 participem
932 1341 997 1403 eius
1019 1359 1097 1404 esse.
1142 1343 1180 1402 Et
1201 1342 1256 1404 hae

59 1441 147 1518 uuilon
166 1453 236 1504 sunt
256 1441 420 1523 particulae
441 1441 628 1514 labellorum,
660 1459 736 1520 quae
765 1444 794 1504 in
823 1443 946 1504 ridiculo
968 1443 1030 1504 Arii
1059 1449 1174 1506 exstrnt
1200 1461 1255 1504 ro-

58 1541 149 1604 lumine.

120 1851 144 1908 l.
184 1848 258 1920 Quis
283 1865 357 1926 ergo
379 1847 427 1908 his
451 1856 481 1909 et
494 1849 624 1910 carmine
640 1845 760 1908 'lhaliae
775 1847 882 1909 auditis
897 1847 999 1908 Arium
1021 1847 1105 1927 quasi
1121 1849 1152 1910 in
1167 1867 1256 1911 scena

57 1945 82 2006 lc
97 1948 251 2010 huiusmodi
282 1949 375 2010 rebus
404 1949 552 2012 iocantem
580 1950 645 2010 iure
673 1967 734 2010 nou
763 1947 884 2010 oderit?
929 1949 1004 2022 Quis
1032 1967 1093 2012 non
1121 1951 1257 2030 agnoscit

58 2045 128 2122 llum
153 2069 215 2112 cnm
237 2050 294 2114 nsi
317 2069 429 2113 nomen
450 2051 587 2130 prolerre
610 2059 640 2113 et
661 2049 700 2112 tle
720 2049 782 2110 lleo
805 2051 886 2130 loqui
914 2051 1044 2122 videtur,
1074 2051 1256 2114 simillimum

57 2165 104 2210 esso
121 2154 270 2231 serpentis·
286 2152 406 2214 mulieri
428 2153 535 2214 danus
548 2151 728 2214 consilium?
771 2151 880 2232 Ecquis
902 2171 973 2213 vero
996 2152 1072 2226 aliis,
1100 2171 1174 2232 quse
1196 2153 1255 2214 ihi-

59 2249 105 2312 lm
126 2265 302 2334 moriuntur,
338 2253 478 2335 perlectis
510 2273 572 2316 non
601 2262 661 2315 tam
690 2254 766 2316 clare
795 2255 859 2316 eius
890 2253 1032 2334 perspicit
1064 2255 1256 2335 impietatem,

59 2369 120 2428 pan
137 2356 278 2429 murem,
304 2356 335 2416 in
358 2373 447 2435 quam
462 2373 590 2436 serpens
605 2355 760 2418 mulierem
774 2355 879 2418 dolose
894 2353 1032 2418 induxit?
1055 2357 1128 2429 Quis
1143 2373 1256 2436 quaeso

59 2451 139 2517 uls
157 2457 329 2536 irapietates
350 2475 411 2518 non
435 2457 651 2538 obstupescat?
695 2457 814 2519 Caelum
837 2459 965 2537 quidem,
988 2465 1021 2520 ut
1042 2459 1083 2519 ait
1096 2457 1255 2539 Propheta,

58 2551 185 2634 obstupuit,
207 2567 239 2619 et
262 2568 344 2620 terra
367 2559 488 2622 tremuit
509 2559 548 2621 ob
570 2557 708 2621 violatam
728 2559 832 2638 legem.
868 2559 1032 2622 Soluntum
1054 2560 1257 2622 vehementius

56 2649 190 2736 iudignum
212 2679 274 2722 neo
296 2659 397 2722 lenens
420 2659 560 2734 iniurias,
590 2677 664 2740 quas
693 2660 860 2722 communis
883 2659 1014 2722 omnium
1035 2671 1172 2722 nostrum
1194 2661 1257 2720 llo-

55 2757 128 2819 nioos
146 2771 253 2840 sponte
279 2761 447 2842 pronubis
470 2779 597 2842 corpore
619 2761 773 2835 toleravit,
801 2779 869 2824 sese
891 2762 957 2840 ipse
986 2760 1107 2832 avertit,
1136 2769 1257 2822 contra-

56 2857 141 2939 ctisque
159 2863 250 2926 radiis
277 2861 357 2924 diem
378 2862 460 2924 illum
481 2861 606 2941 privarit
626 2861 700 2926 luce.
745 2863 802 2936 Qut
824 2881 895 2924 vero
917 2862 952 2924 ad
976 2861 1064 2942 impia
1086 2861 1148 2924 Arii
1169 2861 1258 2922 verba

55 2961 161 3026 surena
181 2965 344 3028 hominum
364 2973 468 3026 natura
491 2971 617 3044 stupore
630 2983 691 3026 non
709 2965 909 3038 exhorrescat,
933 2983 1019 3026 aures
1034 2981 1096 3026 non
1112 2961 1256 3038 obstruat,
1267 2981 1342 3028 nnn

56 3063 131 3126 ouilos
149 3085 208 3129 oon
231 3067 367 3139 dandal,
394 3077 428 3128 ut
449 3085 505 3130 nec
526 3049 575 3129 illa
597 3066 697 3128 audiat
717 3085 774 3128 nac
794 3085 878 3140 enm,
906 3066 956 3146 qui
984 3065 1039 3128 ista
1069 3065 1257 3145 conseripsit,

56 3165 170 3240 sptem
210 3171 256 3232 ln
283 3185 347 3230 non
367 3168 468 3247 potius
490 3169 555 3232 iura
576 3169 685 3231 merito
708 3176 810 3230 eontra
833 3168 915 3248 ipsos
937 3177 1076 3247 tanquam
1097 3168 1208 3248 impios
1231 3175 1261 3230 et

56 3263 116 3326 rude
131 3268 262 3348 ingratos
283 3267 465 3332 *clamaverit
486 3269 550 3350 ipse
571 3269 735 3344 Dominus,
764 3287 840 3348 quae
867 3284 922 3349 per
943 3268 1121 3350 Prophetam
1151 3269 1259 3331 Ossam

57 3365 182 3435 procliuia:
208 3369 268 3432 Vua
294 3373 348 3442 eir,
371 3373 514 3451 paceium
535 3382 729 3434 recesserunt
751 3390 769 3432 c
788 3389 845 3443 me,
867 3375 974 3434 mr'sert
987 3383 1068 3442 sunt,
1091 3375 1162 3452 puio
1177 3375 1263 3452 stupis·

57 3465 77 3522 n
94 3487 129 3528 ne
145 3471 291 3549 [mmor.
335 3469 399 3549 Epo
421 3489 494 3533 vero
517 3473 631 3535 redemi
650 3489 717 3545 eos,
741 3485 770 3536 ct
791 3476 853 3552 epar·
874 3472 970 3534 locati
989 3484 1062 3535 scot
1085 3485 1192 3536 contro
1213 3489 1259 3533 me
1281 3523 1287 3534 .

60 3570 194 3644 narras,
225 3578 258 3632 et
280 3571 479 3652 paulopost:
504 3574 689 3636 Contrane
713 3579 923 3654 oopttooernat
945 3574 1043 3644 molo,
1077 3579 1109 3636 tn
1131 3574 1259 3636 os'lu'lam

60 3677 167 3732 treverii
186 3668 291 3736 ianr?
334 3671 408 3734 Nam
436 3682 595 3753 postquam
625 3673 715 3736 allel
738 3673 854 3747 Verbo,
883 3674 962 3753 quod
989 3675 1087 3754 ipsum
1111 3691 1179 3736 vere
1202 3681 1259 3744 est,

61 3779 109 3826 sese
125 3783 250 3836 auertere
275 3757 641 3853 nomannorum,
666 3775 723 3837 sibi
746 3777 935 3846 confinxere,
959 3776 989 3838 in
1011 3775 1135 3837 nihilum
1158 3775 1259 3853 utique

59 3877 108 3928 §tut
124 3873 321 3955 ipsi·dilapsi.
366 3875 446 3960 Sane
465 3877 539 3940 liaeo
560 3895 648 3940 causa
670 3877 734 3952 luit,
758 3893 810 3938 cur
832 3877 978 3956 generalis
1000 3876 1137 3955 synodus
1158 3875 1260 3936 Arium

60 4049 95 4124 lp
105 4055 253 4120 &goetani
273 4054 323 4113 τὰς
341 4051 616 4120 ἇκτῖνσςσσστείλας,
671 4056 749 4113 κατά.
786 4065 846 4114 lbid.
865 4063 938 4113 Basil.
958 4063 1049 4124 Anglic.
1069 4070 1093 4110 et
1110 4059 1215 4110 Felclm.
1234 4059 1258 4111 5.

61 4129 94 4172 'l'
108 4117 199 4196 ἡμέραν
217 4139 266 4180 etc.
304 4129 366 4179 Editi
385 4131 466 4181 etalii
485 4122 620 4195 ἅπεστρά-
671 4123 779 4194 ἀσεβῶν
797 4121 855 4197 ἅμα
871 4125 918 4180 καὶ
935 4121 1101 4198 ἀχαρίστων.

61 4187 148 4292 ptris
171 4191 286 4250 mous
313 4191 462 4251 συστείλας.
498 4193 544 4248 καὶ
569 4193 620 4258 τὴν
704 4201 727 4248 l.
747 4199 896 4278 ἱξίσὸεςσετ.Ι
918 4191 1114 4276 mitratorum
1133 4194 1258 4246 mendose.

67 4271 228 4394 Ιμὲζσιεωὶ
243 4329 337 4402 φύσις.
366 4336 428 4386 Edltl
439 4345 463 4386 et
475 4335 516 4386 alii
527 4329 618 4402 φύσις.
670 4267 780 4386 &peppo
796 4267 944 4395 ξοεὲιεῗῐιοζ.
964 4271 988 4383 iet}
1007 4265 1259 4398 gellii'loffisutmelater:

86 4392 105 4472 ,ὓς
116 4396 204 4462 Sefluer.
228 4405 304 4456 Baril.
324 4413 347 4454 et
364 4405 458 4467 lautia
478 4397 618 4454 coemitur.
672 4403 758 4465 editis,
777 4405 807 4452 ita
827 4401 928 4464 legitur:
946 4395 993 4449 eat
1009 4393 1066 4469 μετ’
1086 4391 1193 4465 ὀλίγον·
1211 4392 1258 4448 καὶ

67 4453 108 4533 ltu
121 4475 141 4542 et
155 4471 193 4519 alii
209 4464 326 4522 τούτων.
671 4461 865 4534 ἐβουλεύσαντο
883 4461 968 4526 κακά,
987 4463 1034 4519 καὶ
1052 4459 1089 4522 εἷς
1106 4463 1153 4535 ἐμὲ
1170 4460 1257 4530 ἐλογί-

89 4533 145 4582 tte
160 4537 256 4601 sepner.
277 4541 349 4591 Basrl.
368 4539 461 4604 loplio.
481 4539 578 4591 Goblsr.
597 4547 621 4590 et
672 4549 756 4586 σαντσ
776 4546 821 4589 etc.
858 4539 909 4590 llor
934 4539 1032 4603 Sepuer.
1057 4531 1107 4586 τὸν
1130 4529 1257 4599 παρόντα

70 4585 143 4650 litto
160 4605 181 4656 s.
221 4608 252 4658 st
278 4609 301 4660 na
329 4609 400 4660 eain·
425 4615 449 4658 et
474 4607 528 4658 ains
552 4609 622 4658 sesso
671 4597 913 4670 vocatorium.
