3072 5056
235 333 275 400 84
636 349 662 393 s.
677 347 833 393 ιτιιιιετιι
848 346 1072 392 κοεειευιεεοει

148 515 224 562 εστι.
235 493 339 584 ἀγιον,
362 495 487 563 τούτων
510 496 645 564 ἕκαστον
668 490 822 565 εἶναικαὶ
837 491 995 583 ὑπάρχειν
1010 495 1222 574 πιστεύοντες
1237 499 1359 580 πατέρα
1373 489 1435 580 ἀλη-
1483 485 1488 490 ’
1518 555 1519 558 ,

234 603 310 678 θῶς
331 602 461 683 πατέρα
481 601 536 665 καί
559 597 630 666 υίὸν
653 593 790 686 ἀληθῶς
811 597 884 665 υίὸν
898 598 953 664 καὶ
968 601 1099 682 πνεῦμα
1110 594 1203 684 ῦγιον
1215 591 1437 684 ἀληθῦςῦγων
1520 599 1521 614 ’

235 703 381 784 πνεῦμα,
416 698 532 778 καθὼς
559 701 611 768 καὶ
642 695 659 766 ό
689 698 800 786 κύριος
827 695 920 785 ήμιῦν
950 693 1164 774 ἀποστέλλων,
1187 697 1233 777 είς
1254 697 1293 763 τὸ
1312 696 1439 784 κήρυγμα

235 801 313 882 τοῦς
340 801 458 869 ἑαυτοῦ
486 799 641 889 μαθητὰς
670 795 760 868 εἶπε·
789 807 1011 886 πορευθέντες
1031 798 1264 889 μαθητεύσατε
1285 796 1389 866 πάντα
1406 795 1439 862 τὰ

237 904 334 991 ἔθνη,
363 902 579 988 βαπτίζοντες
602 897 721 982 αύτούς
742 902 790 981 είς
810 901 849 968 τό
872 899 977 987 όυομα
998 905 1058 968 τοῦ
1079 900 1208 990 πατρὸς
1227 902 1282 968 καλ
1304 903 1360 966 τοῦ
1381 899 1439 964 υἱοῦ

235 1007 378 1072 καὶτοῦ
407 999 501 1089 ἀγίου
529 1003 756 1088 πνεύματος“).
802 1005 879 1090 περὶ
903 993 949 1070 ιῦν
971 1006 1025 1071 καὶ
1047 1002 1332 1090 διαβεβαιούμεθα
1352 996 1440 1077 οῦτιυς
1518 1073 1519 1088 ³

236 1105 319 1189 ἔχειν
340 1107 394 1171 καὶ
417 1101 523 1184 οῦτως
545 1114 680 1192 φρονεῖν
702 1105 755 1171 καὶ
778 1103 886 1170 πύλαι
908 1101 1013 1185 οῦτως
1034 1104 1202 1192 ἐσχηκέναι
1215 1107 1270 1170 καὶ
1284 1107 1375 1188 μέχρι
1387 1107 1441 1166 θα·

236 1206 336 1274 νότου
369 1203 472 1292 Ιῦπέρ
506 1204 626 1292 ταύτης
654 1204 853 1272 ίνίστασθαι
879 1207 937 1292 τῆς
965 1212 1129 1285 πίστεως,
1162 1201 1441 1290 ἀναθεματίζοντες
1518 1241 1519 1272 1

234 1313 348 1377 πᾶσαν
376 1305 481 1402 ἀθεον
510 1307 648 1393 αἵρεσιν.
692 1308 797 1372 ταῦτα
825 1299 895 1372 ἀπὸ
921 1307 1058 1393 καρδίας
1084 1309 1138 1373 καί
1165 1309 1275 1394 ψυχῆς
1295 1304 1442 1372 ι’πάντοτε

234 1415 488 1499 πεφρονηκέναι,
511 1406 547 1486 ἐξ
568 1397 672 1492 οὗπερ
694 1407 791 1490 ’ίσμεν
813 1406 958 1488 ἑαυτούς,
981 1407 1037 1475 καὶ
1058 1411 1115 1476 νῦν
1137 1417 1273 1496 φρονεῖν
1288 1433 1323 1474 τε
1337 1409 1387 1474 καί
1400 1405 1442 1470 λί-

234 1536 303 1598 γειν
326 1509 362 1589 ἐξ
383 1505 553 1595 ἀληθείας,
578 1507 635 1576 ἐπὶ
657 1511 715 1574 τοῦ
737 1512 821 1576 θεοῦ
844 1512 903 1576 τοῦ
925 1507 1192 1597 παντοκράτορος
1205 1512 1259 1576 καλ
1275 1511 1333 1576 τοῦ
1347 1511 1442 1590 κυρίου

234 1608 328 1699 ἡμῶν
347 1605 451 1698 ’ίηοοῦ
474 1613 624 1696 Χριστοῦ
651 1609 906 1696 μαρτυρόμεθα,
941 1611 1105 1679 δεικνύναι
1133 1611 1261 1696 ἔχοντες
1283 1603 1347 1678 ‘aa'
1370 1603 1443 1676 ἀπο-

236 1713 369 1794 δείξεων
396 1714 450 1780 καὶ
478 1717 615 1780 πείθειν
643 1707 743 1796 ῦμῦς,
774 1707 828 1780 ότι
853 1715 908 1779 καί
930 1711 1007 1792 τοῦς
1028 1711 1307 1800 παρεληλυθότας
1325 1709 1444 1798 χρόνους

236 1811 340 1895 οῦτως
363 1813 578 1897 ἐπιστεύομεν
599 1837 636 1881 τε
656 1816 712 1880 καλ
734 1811 962 1901 ἐνηρόοοομεν.

319 1924 349 1984 4.
398 1914 525 2002 Ταύτης
546 1909 601 2002 ἀφ’
625 1910 718 2002 ήμῶν
740 1913 929 2004 ίκτεθείσης
950 1919 1009 2001 τῆς
1030 1920 1185 1995 πίστεως,
1208 1908 1337 1984 ἆούδενλ
1351 1913 1445 1998 πυρήν

236 2011 423 2102 ἀντιλογίας
450 2015 570 2096 τόπος,
603 2010 672 2082 ἀλλ’
697 2011 796 2096 αὐτός
822 2043 859 2084 τι
885 2021 1019 2104 πρῶτος
1041 2011 1060 2081 ό
1082 2015 1348 2103 θεοφιλέστατος
1367 2009 1446 2100 ήμῦν

233 2115 390 2203 βασιλεῦς
412 2112 583 2204 ὀρθότατα
605 2123 768 2204 περιέχειν
791 2113 891 2205 αύτήν
913 2117 1143 2205 ἐμαρτύρησεν,
1166 2112 1253 2184 οῦτω
1267 2117 1369 2184 τεκαὶ
1383 2114 1446 2182 §aas

234 2217 293 2285 τὸν
323 2228 457 2306 φρονεῖν
485 2218 769 2306 ’συνωμολόγησε
798 2223 852 2287 καί
883 2218 985 2306 ταύτῃ
1007 2218 1084 2297 τούς
1105 2217 1235 2297 πάντας
1256 2241 1397 2304 ουγιιατσ
1420 2219 1447 2281 ί-

237 2326 338 2401 σθαι,
361 2316 569 2408 ύπογράφειν
590 2346 627 2388 τε
647 2331 720 2399 τοῖς
742 2319 888 2407 δόγμασι·
905 2323 959 2387 καλ
983 2331 1173 2408 συμφωνεῖν
1193 2317 1327 2398 τούτοις
1348 2312 1448 2392 αύτοῖς

235 2419 481 2507 παρεκελεύετο,
505 2419 578 2500 ἑνὸς
599 2420 702 2506 μόνου
717 2427 1022 2512 προςεγγραφέντος
1036 2420 1182 2508 ῥήματος
1195 2424 1254 2488 τοῦ
1268 2417 1446 2506 όμοουσίοο,
1523 2454 1525 2494 η

236 2520 254 2590 ὃ
282 2525 337 2590 καί
366 2517 447 2590 αύτὸ
470 2519 665 2612 ’ἡρμήνευσε
687 2526 804 2610 λέγων,
835 2521 887 2592 ότι
914 2523 959 2612 μή
982 2522 1066 2592 κατὰ
1086 2525 1153 2592 τῶν
1176 2522 1340 2608 σωμάτιον
1361 2519 1447 2604 πύθη
1523 2513 1524 2524 ’

234 2639 248 2680 ⁸
255 2627 384 2714 λίγσιτο
407 2620 595 2710 δμοοόοιον,
620 2620 684 2693 οὔτ’
712 2616 769 2694 ούν
791 2623 874 2695 κατά
896 2627 1058 2714 διαίρεσιν
1081 2623 1158 2694 ούτε
1179 2625 1262 2694 κατά
1282 2651 1359 2694 τινα
1373 2619 1449 2690 ἀπο-

234 2727 337 2817 τομήν
365 2727 401 2796 ἐκ
429 2730 488 2796 τοῦ
515 2727 643 2815 πατρὸς
670 2724 872 2816 ῦποστήναι·
901 2729 985 2816 μηδὲ
1006 2727 1067 2816 γαρ
1090 2725 1258 2796 δύνασθαι
1279 2727 1339 2815 τήν
1361 2724 1450 2794 ἀῦλον

233 2834 287 2897 καὶ
310 2829 426 2916 νοερόιν
448 2828 503 2898 καὶ
525 2825 702 2914 ἀσώματον
725 2829 826 2918 φύσιν
849 2828 1037 2915 σωματικόν
1051 2855 1085 2896 τι
1106 2828 1223 2908 πάθος
1237 2824 1449 2917 ῦφίστασθσι,

233 2936 345 3008 θείοις
367 2931 404 2996 δέ,
425 2934 479 2997 καὶ
502 2926 706 3016 ἀπορρήτοις
727 2930 838 3016 λόγοις
861 2931 1112 3017 Ι’προςήιιειυτδι
1126 2934 1264 2998 τοιαῦτα
1279 2941 1377 2999 νοεῖν.
1404 2929 1449 2993 καί

237 3025 255 3094 ὁ
282 3031 342 3113 μέν
371 3030 567 3116 σοφώτατος
588 3027 680 3115 ήμιῦν
702 3035 757 3098 καί
780 3026 1013 3114 εὐσεβέστατος
1032 3032 1189 3118 βασιλεὺς
1209 3033 1325 3100 τοίαδε
1347 3031 1451 3120 ἐφιλο-

237 3127 352 3216 σόφει,
383 3130 416 3195 οἱ
449 3131 484 3196 δὲ
513 3130 686 3218 προφάσει
707 3136 766 3218 τῆς
787 3135 846 3198 τοῦ
870 3127 1049 3216 όμοουσίου
1071 3133 1263 3222 προςθήκης
1283 3133 1382 3220 τήνδε
1400 3129 1451 3216 τὴν

235 3227 364 3316 γραφήν
390 3229 622 3316 πεποιήκασιν.

436 3417 464 3466 Η
481 3419 534 3466 ΕΝ
551 3419 614 3468 ΤΗΙ
630 3419 796 3468 mom
816 3421 1118 3472 ΥΠΑΓΟΡΕΥΘΕΙΣΑ
1138 3424 1269 3478 mm.

362 3532 569 3616 Πιστεύομεν
598 3533 645 3613 είς
672 3535 729 3604 ένα
750 3537 848 3616 θεόν,
871 3544 1001 3624 πατέρα
1023 3537 1289 3625 παντοκράτορα,
1324 3539 1454 3606 πάντων

299 3627 426 3719 ὁρατῶν
451 3659 488 3701 τε
520 3633 576 3702 καὶ
607 3629 759 3722 ἀοράτων
791 3638 948 3728 ποιητήν,
981 3641 1033 3706 καί
1058 3639 1106 3719 είς
1128 3641 1186 3708 ἕνα
1206 3641 1317 3728 κύριον
1336 3634 1454 3728 Ἰησοῦν

297 3734 454 3821 Χριστόν,
478 3733 536 3802 τὸν
557 3735 629 3804 υίὸν
649 3742 708 3804 τοῦ
731 3743 824 3820 θεοῦ,
847 3747 1048 3830 γεννηθέντα
1070 3739 1104 3808 ἐκ
1126 3744 1184 3808 τοῦ
1206 3740 1335 3828 πατρὸς
1356 3763 1454 3826 μονο-

296 3837 380 3924 γενή,
403 3841 573 3904 τουτέστιν
596 3837 631 3904 ίκ
651 3843 709 3926 τῆς
731 3836 846 3920 οῦοίας
866 3845 925 3909 τοῦ
948 3841 1085 3928 πατρός,
1107 3841 1190 3910 θεὸν
1212 3842 1247 3911 ἐκ
1268 3846 1362 3923 θεοῦ,
1387 3843 1455 3931 φῶς

304 4027 327 4084 1)
347 4027 427 4078 nauh.
446 4025 488 4086 28,
508 4026 546 4078 19.

268 4175 289 4208 ι.
308 4163 422 4212 Socrates
441 4155 513 4210 οῦτω
532 4154 644 4228 σχήσειν
660 4153 822 4230 καλίναύτῇ
908 4181 927 4214 c.
947 4165 1067 4216 Theodor.
1087 4173 1110 4216 ιι
1128 4166 1207 4218 θελοι.
1226 4159 1334 4232 ἔχοντες
1350 4159 1397 4215 καὶ
1415 4153 1453 4212 δι’

233 4219 397 4276 ἐνίστασθαι
422 4227 455 4296 τῇ
479 4225 578 4281 πίστει.
618 4231 738 4281 Τεισίου.
764 4233 821 4282 ibid.
873 4222 1044 4288 ἀποδείξεων.
1075 4233 1134 4285 lbid.
1153 4229 1201 4282 καί
1217 4245 1272 4286 ante
1289 4230 1398 4284 πείθειν
1414 4233 1454 4282 εῦ-

232 4295 304 4344 hahet
323 4292 517 4348 συνίστασθαι.
874 4310 909 4350 εει
927 4316 940 4350 ε
959 4301 1068 4362 Sacrae,
1086 4303 1126 4366 qui
1146 4315 1199 4351 mox
1217 4319 1262 4368 pro
1275 4292 1455 4372 παρεληλυθό-

264 4363 288 4412 Ιι.
308 4363 429 4412 Theodor.
449 4367 535 4442 ειηίιιίι
552 4357 684 4421 πάντοτε,
709 4379 754 4430 pro
773 4381 820 4448 ηοο
872 4380 921 4420 τας
939 4369 1010 4417 habet
1026 4362 1222 4438 παρελθόντας.
1261 4371 1327 4421 Ιδιιο
1346 4380 1455 4436 postam-

232 4429 346 4480 Soeralos
365 4431 547 4489 ίιεῦιιπαντα,
561 4434 672 4484 ῦείοείοε
684 4448 739 4484 vero
751 4445 821 4484 σαν-
872 4425 1010 4502 ρόσσομεν
1028 4429 1125 4487 ιδδιιό
1149 4431 1222 4490 τίσις.

231 4511 302 4554 τως,
332 4500 372 4564 qni
400 4509 525 4564 ρυεειειεε
560 4515 606 4564 pro
639 4493 719 4569 ἴσμεν
749 4503 821 4554 habet
906 4503 929 4554 d.
948 4504 1068 4555 Theodor.
1087 4496 1119 4553 οῦ
1138 4499 1183 4557 είς.

230 4557 364 4633 ἔγνωμεν.
901 4585 921 4621 ι.
941 4571 1062 4623 ΤΙιευδυτ.
1076 4565 1306 4638 συνωμολογήτει.
1343 4571 1455 4621 Socrates
