3158 5050
522 335 667 378 reserans
682 335 702 378 r.
719 337 754 378 aa
771 335 967 380 susurronum
1288 321 1349 386 683
1396 308 1400 318 ’

98 487 275 550 dacorum
302 491 333 548 ia
361 490 564 567 captiuitatem
585 490 618 549 in
639 490 755 550 visione
775 489 809 550 ia
831 475 951 569 Spirilu
972 488 1038 551 Dei.
1082 488 1119 549 Et
1140 489 1217 569 apud
1240 489 1432 551 Bonis-recu.

99 589 193 650 lem:
232 588 399 651 Suscitavit
420 587 502 650 Deera
526 588 675 671 Spiritum
696 601 833 652 tanatum
851 593 946 671 pueri
965 593 1110 662 iunioris,
1134 596 1219 654 runos
1242 609 1350 654 nomen
1447 641 1456 655 ,

101 691 238 754 Daniel
245 709 255 764 ;
278 702 307 754 et
329 690 509 754 eaelamaeit
530 710 602 754 voce
622 709 744 770 mopere:
768 689 899 754 Mundus
921 709 972 772 epo
995 711 1061 753 aum
1083 711 1102 754 a
1123 698 1269 772 saapuiae
1292 693 1350 755 itu-

104 797 176 856 ius.
228 792 374 857 Michaeas
404 792 474 853 item
503 792 587 856 dicit:
620 793 735 856 Domus
763 791 852 855 iacob
879 797 1018 856 irritavit
1042 792 1190 873 Spiritum
1216 795 1348 858 Domini.

109 895 155 956 Et
177 912 238 973 per
259 893 371 956 letalem
392 894 470 956 Deus
492 893 577 956 dicit:
606 893 645 956 Bt
666 898 726 958 erit
744 906 816 976 post
837 913 888 967 ea,
912 896 1064 978 effundam
1087 897 1122 958 de
1144 895 1262 976 Spiritu
1284 915 1347 962 meo

112 1015 220 1076 super
250 1013 365 1058 omnem
393 1015 524 1059 caraem.
574 997 631 1058 Per
658 997 826 1058 Zachariam
859 995 996 1058 similiter
1030 997 1069 1058 iia
1085 997 1228 1076 ‘loquitur
1254 999 1348 1062 Deus:

117 1098 338 1160 Verumtamen
367 1099 461 1160 oerda
486 1117 552 1160 ntea
580 1109 609 1162 et
637 1098 768 1178 iepitime
794 1117 859 1160 mea
887 1100 1043 1179 suscipite,
1076 1118 1275 1181 quoecumque
1297 1119 1348 1180 epa
1432 1149 1435 1160 .

110 1203 279 1281 praecipio
301 1205 334 1261 in
356 1198 474 1279 Spiritu
495 1217 560 1262 meo
583 1203 680 1263 cervia
705 1205 779 1262 meir
801 1199 971 1280 Prophetis.
1015 1199 1088 1262 Cum
1111 1201 1180 1262 item
1202 1201 1348 1280 Propheta

114 1301 267 1382 populum
289 1300 471 1381 increparet,
495 1301 582 1381 padio
603 1311 675 1380 post
695 1303 751 1363 ait:
781 1302 818 1364 te
842 1321 1005 1364 corsuum
1028 1301 1211 1378 obstinatam
1234 1307 1348 1364 coacti-

118 1414 262 1474 tueruat,
284 1421 322 1465 ne
344 1405 486 1466 audirent
508 1404 599 1483 irpeas
620 1421 715 1466 meam
736 1415 764 1466 et
785 1405 886 1476 cerda,
915 1421 990 1486 puae
1010 1407 1092 1468 misit
1112 1403 1261 1466 Danu'uue
1283 1417 1348 1466 am-

118 1509 265 1587 aipotetu
293 1510 325 1568 ia
354 1504 472 1586 Spiritu
500 1525 555 1568 auo
581 1524 639 1587 per
665 1485 788 1568 manum
816 1503 1039 1586 Prophetarum
1063 1511 1215 1586 priamum.
1269 1505 1349 1568 liaeo

118 1625 217 1687 panca
239 1625 275 1668 ex
297 1619 396 1669 vetere
418 1605 609 1668 Testamenta
631 1607 811 1687 collegimus.
1050 1605 1057 1618 '

210 2017 239 2079 6.
284 2011 344 2076 lam
366 2031 421 2074 vos
445 2012 598 2093 Evangelia
620 2019 650 2074 et
671 2031 747 2094 quae
768 2013 1183 2094 Apostaiimonsmipsemnt,
1207 2014 1232 2076 si
1254 2015 1430 2088 lebannes.
1475 2005 1478 2018 '

124 2116 286 2189 consulite,
316 2125 401 2195 atque
423 2115 482 2178 iilic
504 2115 591 2177 adam
613 2115 741 2178 audituri
763 2116 851 2190 estis,
881 2133 948 2178 eum
976 2114 1101 2196 plurima
1125 2117 1167 2178 sit
1188 2117 1345 2196 spirituum

124 2218 302 2288 differentia,
337 2217 488 2296 speciatim
516 2225 614 2278 umen
636 2217 936 2304 Spiritumsanetum
965 2235 1025 2278 non
1054 2217 1227 2296 simpliciter
1247 2218 1344 2297 Spiri-

125 2329 196 2392 tum,
219 2319 272 2382 sed
295 2337 362 2380 urm
384 2327 547 2381 memorato
570 2318 768 2380 additamento
791 2319 949 2382 nominari.
992 2319 1094 2398 ltaque
1110 2337 1177 2382 eum
1193 2319 1345 2394 Dominus,
1386 2367 1393 2376 .
1499 2339 1505 2350 ¹

124 2431 267 2500 utsupra
288 2419 358 2502 dixin,
381 2421 551 2482 humanitus
572 2421 778 2499 baptizaretur,
801 2430 924 2500 propter
946 2427 1107 2482 assumtam
1130 2439 1247 2482 earnem
1269 2421 1345 2484 diei-

126 2531 174 2584 tur
194 2539 282 2601 super
303 2541 369 2584 eum
393 2523 582 2584 descendisse
604 2523 733 2602 Spiritus
756 2530 888 2596 sanetus,
911 2539 999 2601 quem
1014 2521 1080 2600 ipse
1102 2539 1169 2582 oum
1190 2521 1345 2602 discipulis

128 2623 208 2684 daret
228 2621 357 2686 dicebat:
389 2625 519 2704 decipite
541 2622 691 2704 Spirinrm
712 2635 858 2687 eoactum
901 2623 963 2684 Eos
985 2622 1056 2683 item
1078 2621 1217 2684 docebat:
1244 2623 1345 2686 Paro-

129 2723 227 2797 ciitut,
250 2721 387 2807 Spiritus
409 2737 548 2798 canctus,
572 2745 656 2806 poem
675 2729 773 2790 mittet
794 2725 887 2790 Pater
908 2728 941 2786 iu
963 2728 1083 2786 nonu'ae
1103 2741 1185 2799 meo,
1214 2724 1267 2786 iiie
1289 2716 1344 2788 aas

128 2828 236 2892 docebit
257 2831 368 2890 amaia.
415 2827 451 2888 Et
472 2835 654 2907 postpauca
677 2827 714 2890 ds
735 2827 840 2890 eodem
868 2824 1003 2888 subiicit:
1033 2824 1109 2886 Cum
1139 2831 1257 2888 venerut
1283 2826 1344 2889 Pa-

127 2929 265 3002 raeiitua,
297 2949 382 3011 puras
403 2947 455 3008 epa
477 2933 594 2992 mittam
615 2929 699 2993 codic
719 2947 740 2990 a
762 2929 868 3000 Patre,
898 2927 1048 3009 Spiritum
1068 2931 1222 3000 ueritatis,
1252 2933 1344 3011 quie
1427 2999 1435 3016 Ι

9 3089 10 3092 ,
127 3031 215 3094 Patre
234 3031 385 3112 procedit,
414 3029 466 3094 iiie
492 3033 694 3094 testimouium
719 3031 888 3111 periac'ietit
910 3031 944 3092 de
966 3047 1021 3090 me.
1066 3027 1104 3089 Et
1123 3027 1246 3090 iterem:
1276 3030 1345 3094 Noa

129 3138 202 3198 taint
220 3151 275 3196 eoa
296 3136 380 3206 ectio,
404 3137 457 3215 pai
477 3133 640 3215 iopm'rairei
663 3135 716 3196 sed
737 3131 872 3215 Spiritus
889 3129 991 3194 Patria
1008 3134 1113 3202 uestri
1132 3125 1190 3212 'pur’
1210 3132 1346 3215 loquitur

128 3235 268 3298 in-oodia.
312 3234 349 3296 Et
369 3235 457 3315 panio
479 3242 564 3315 post:
594 3235 630 3298 Si
649 3249 748 3300 autera
769 3253 821 3316 epa
844 3239 876 3296 ia
898 3234 1019 3313 Spiritu
1040 3231 1099 3296 Dei
1119 3236 1202 3297 eiicio
1225 3235 1345 3299 Memo-

129 3343 189 3410 aia,
214 3342 310 3419 ipitur
329 3341 471 3418 peruenit
490 3343 523 3399 in
545 3356 598 3402 vot
621 3356 747 3418 repausa
769 3337 834 3400 Dei.
878 3335 1052 3398 Universum
1074 3334 1144 3397 item
1166 3319 1359 3418 theologiam⁸

128 3553 438 3700 idssid⁰i.'¹2i⁰d¹ssdid
453 3557 705 3690 ἐἐἒξῗῗέὶιῗῗῖἳῖῐ
755 3557 985 3690 riisff'ssssiiais
1004 3555 1344 3690 'iuiiffi‘i‘sffl's'r‘iid'i

130 3705 150 3744 et
168 3693 219 3742 aditi
238 3695 357 3745 omittunt.
390 3695 451 3744 ibid.
470 3685 515 3743 ὅτε
533 3704 556 3743 et
575 3686 702 3760 moxpar’
757 3695 854 3744 Gohier.
872 3694 1031 3743 cristatam!
1061 3685 1256 3744 hahentariiw.
1284 3694 1341 3742 item

130 3755 202 3825 ὀλίγα
218 3761 305 3811 desem
323 3761 346 3811 in
365 3764 460 3814 Gebier.
482 3771 505 3812 et
524 3761 627 3812 Feiekm.
648 3763 670 3812 i.
756 3762 815 3810 haee
832 3763 902 3810 verba
922 3753 991 3809 ὅταν
1006 3753 1071 3827 ἔλθῃ
1082 3769 1127 3812 eie.
1139 3760 1253 3823 usqtteud
1266 3751 1344 3825 παρὰ

754 3827 804 3876 τοῦ
821 3821 926 3894 πατρός
952 3829 1040 3878 habent
1060 3831 1115 3891 iirg.
1135 3829 1155 3878 l.
1175 3829 1273 3888 Segusa:
1293 3829 1342 3877 Go-

754 3897 856 3949 bieriau.
874 3897 979 3946 Feicirm.
1000 3897 1020 3946 1.
1039 3897 1138 3956 anatis..
1157 3895 1269 3944 omittant
1286 3910 1341 3944 rere

755 3963 795 4014 eiii
814 3972 837 4014 ai
855 3965 892 4013 sd.
909 3965 1028 4015 Commsi.
1064 3965 1123 4015 lcii.
1137 3962 1259 4023 ingiicau.
1277 3963 1343 4012 addit

754 4026 802 4079 καί
817 4041 871 4081 anie
891 4026 921 4080 τὸ
941 4031 1047 4098 πνεῦμα
1065 4029 1113 4092 τῆς
1130 4022 1265 4088 ἀληθείας.

161 4099 704 4164 ἀ.8ἰοΒος.ί.8εμιετ.ῦοὺΙοτ.Έο1οΙιηι.Ι.
789 4115 810 4160 g.
831 4101 1070 4162 Ηε3.1.ιι8εςιιοτ.
1090 4091 1139 4165 οὐχ
1157 4091 1240 4164 ὑμεῖς.
1279 4097 1342 4147 ilaec
1410 4131 1423 4158 .

128 4176 153 4220 ai
169 4169 218 4232 dep.
237 4169 260 4218 2.
285 4161 331 4216 rai
348 4167 405 4216 τῶν
421 4159 587 4232 εὐαγγελίων
602 4163 647 4215 rai
666 4151 706 4216 eiu
755 4177 834 4217 autem
859 4169 929 4217 rerba
954 4162 999 4214 uui
1022 4160 1116 4215 πάλιν·
1141 4157 1173 4214 οὗ
1195 4159 1248 4232 γὰρ
1267 4157 1342 4232 ὑμεῖς

130 4243 172 4287 eie.
203 4230 323 4286 artasia
341 4233 398 4284 teir
414 4228 443 4285 εὖ
499 4232 578 4284 edictu
593 4231 639 4284 καὶ
657 4219 704 4286 ὧν.
756 4243 801 4285 cte.
820 4250 895 4300 usque
914 4236 943 4285 ad
962 4237 1086 4300 sequentia
1110 4227 1124 4294 ἡ
1151 4229 1275 4298 βασιλεία
1293 4233 1341 4282 τοῦ

59 4319 66 4338 ¹
130 4303 170 4354 iiii
186 4313 206 4354 et
223 4305 279 4354 editi
304 4299 368 4370 περὶ
385 4303 442 4352 τῶν
459 4299 637 4368 ευαγγελίων,
665 4287 705 4353 ὦν
754 4301 863 4354 deciis
888 4303 1177 4365 assumesque.
1202 4301 1342 4354 Gabiensi

131 4379 170 4422 eie.
756 4371 859 4422 Feickm.
871 4372 890 4421 1.
903 4379 997 4422 exstant
1010 4377 1066 4434 post
1077 4371 1131 4430 isto,
1149 4385 1210 4435 arare
1228 4371 1290 4421 inira
1301 4385 1341 4420 se·

160 4453 179 4490 e.
194 4435 243 4505 μέν
260 4440 329 4489 abest
352 4454 364 4488 a
393 4441 491 4490 Gabios.
515 4448 538 4489 et
557 4441 659 4490 istriam.
683 4440 704 4490 1.
755 4449 869 4504 quantur,
886 4433 931 4486 rai
949 4436 998 4486 tori
1016 4432 1096 4502 ἁγίου
1113 4431 1274 4504 πνεύματος.

132 4508 166 4570 qai
180 4509 245 4558 iidem
265 4509 337 4572 panio
347 4501 542 4590 postididaaus
559 4503 590 4556 di
606 4503 702 4574 λέγων,
790 4511 811 4558 h.
831 4509 870 4558 Sic
882 4509 939 4568 Rea.
957 4509 1057 4569 sepner.
1076 4507 1155 4558 Oitob.
1182 4509 1243 4558 eoin
1262 4517 1341 4560 antem

131 4567 159 4622 ri
174 4573 273 4641 ascopa
293 4571 323 4624 ri
343 4591 430 4642 ayrar-
465 4569 549 4626 irriso
568 4585 612 4627 rte.
756 4583 779 4625 ct
796 4577 836 4626 aiii
854 4569 933 4642 ἡμᾶς.
1394 4569 1401 4581 “

161 3880 179 3913 c.
197 3863 233 3912 Sic
251 3863 306 3924 Rea.
327 3863 347 3913 l.
367 3872 389 3914 et
405 3863 428 3913 2.
448 3865 546 3925 sepner.
566 3863 704 3914 Gobierian.

129 3932 225 3982 ieiekm.
246 3931 266 3980 i.
286 3933 391 3984 Graecus
410 3931 496 3996 Script.
515 3939 599 3982 textas.
626 3931 705 3982 Ceteri

130 4009 151 4050 et
167 4001 218 4050 editi
237 4010 294 4047 σου.

655 4749 665 4786 Q
687 4763 689 4772 .
