3122 5060
542 349 648 394 onemo
663 349 707 394 ur.
724 349 988 396 nonnullatenus.
1308 337 1378 402 573·

143 504 294 587 prolicere
325 520 387 564 non
420 502 564 582 significet
595 502 690 582 ipsam
723 501 905 581 Sapientiam
938 501 1098 582 prolicere,
1130 505 1182 566 sed
1213 507 1454 577 hemenonem.

144 617 260 670 tantum
283 613 417 668 naturam
439 604 470 666 in
493 625 526 666 ea
548 605 702 685 prolicere.
739 604 892 684 Siquidem
915 603 1000 668 lesus
1020 607 1201 688 prolin'ebot
1223 613 1371 688 sapientia

145 722 177 773 et
203 711 319 791 pretio,
342 707 388 768 vel
422 707 540 787 potine,
569 716 602 768 ut
630 707 768 787 apposite
796 705 884 768 simol
914 714 943 768 et
965 725 1032 768 vere
1055 707 1223 788 loquamur,
1253 709 1318 789 ipse
1340 710 1370 772 in

145 812 251 892 seipso
272 807 460 890 proficiebat.¹
499 807 572 868 Nam
594 807 751 888 Sapientia
774 809 946 890 aedificavit
968 810 1027 872 sibi
1040 812 1166 882 domum,
1189 809 1315 896 fecitque
1335 820 1379 874 nt·

144 913 255 975 domus
277 911 308 972 iu
331 911 431 991 seipsa
452 912 619 990 proficeret.

233 1019 284 1082 53.
330 1015 466 1076 Ceterum
489 1031 632 1094 quaenam
655 1013 703 1074 ille
726 1021 771 1074 est
790 1014 981 1093 progressio,
1005 1017 1102 1096 quim,
1124 1014 1167 1076 nti
1189 1014 1369 1094 supradixi,

144 1115 239 1196 gratia
262 1123 291 1176 et
313 1114 449 1178 divinitas
471 1114 642 1176 bominibus
665 1135 681 1176 a
705 1115 853 1195 Sapientia
882 1115 1043 1196 impartita,
1073 1117 1224 1180 destructo
1252 1117 1283 1194 in
1310 1116 1369 1178 illis
1475 1168 1481 1186 ,

142 1225 267 1298 peccato
290 1225 321 1279 et
342 1219 532 1297 corruptione
553 1224 677 1297 propter
698 1218 831 1297 ipsorum
855 1235 920 1278 cnm
936 1235 1023 1280 carne
1038 1218 1126 1280 Verbi
1148 1217 1371 1280 simibtudinem
1463 1257 1470 1273 ·

145 1330 178 1382 et
206 1318 437 1399 cognationem?
463 1320 516 1401 ‚lte
549 1320 628 1381 enim
661 1337 787 1398 corpore
819 1327 914 1382 aetate
942 1328 1093 1382 crescente
1121 1321 1151 1381 in
1180 1319 1229 1396 illo
1252 1337 1370 1399 qnoque

145 1421 298 1484 erescebat
311 1422 407 1484 maior
422 1419 582 1484 divinitatis
599 1422 764 1502 explicatio,
781 1422 979 1502 omnibusque
993 1421 1213 1495 ostendebatur,
1230 1422 1370 1501 templum
1461 1435 1467 1444 ·

142 1523 201 1586 Dei
226 1524 324 1603 ipsum
354 1542 423 1586 esse
452 1532 481 1585 et
509 1523 601 1585 ileum
630 1543 695 1586 esse
725 1524 755 1584 iu
778 1541 914 1604 corpore.
960 1525 1046 1597 Quod
1069 1525 1096 1587 si
1118 1525 1207 1588 rixari
1229 1524 1318 1586 veiint
1338 1522 1369 1586 iu

142 1645 193 1700 eo,
216 1626 296 1706 quod
322 1625 448 1688 Verbum
469 1643 541 1688 coro
564 1628 680 1705 suctum
702 1626 786 1688 lesus
810 1625 849 1688 sit
875 1627 1053 1706 appellatus,
1084 1627 1120 1688 ad
1150 1645 1276 1710 eumque
1298 1613 1454 1692 illudnooe.

140 1729 256 1790 dietum
284 1728 466 1809 proficiebat
493 1728 639 1801 referant,
673 1727 795 1790 audiant
820 1746 916 1808 neque
945 1747 980 1790 ea
1007 1747 1040 1790 re
1062 1727 1196 1790 imminui
1218 1706 1369 1819 paternam

141 1831 256 1904 lucem,
287 1847 361 1910 quae
383 1829 476 1890 Vilius
497 1830 562 1909 ipse
585 1837 639 1890 est.
683 1830 792 1891 Verum
813 1829 843 1892 id
865 1849 970 1893 rursus
993 1830 1137 1902 ostendit,
1160 1830 1288 1892 Verbum
1310 1829 1367 1891 bo·
1413 1857 1419 1872 ·
1502 1812 1510 1829 ¹

140 1933 255 1994 minem
279 1932 476 1994 sessionum
498 1950 658 2012 veramque
680 1949 797 1994 carnem
819 1931 970 1994 habuisse.
998 1911 1097 2006 Unde,
1121 1927 1370 2012 quemadmbdum
1482 1936 1496 1977 ⁸

141 2035 272 2097 diximus
295 2051 362 2096 eum
385 2051 471 2096 carne
493 2046 725 2114 pessum'esse,
757 2053 844 2096 cerne
873 2035 1034 2109 esuriisse,
1064 2051 1150 2096 carne
1180 2033 1369 2112 defatigatum

142 2155 223 2210 esse,
244 2135 285 2197 ita
307 2135 465 2198 etmerito
489 2137 607 2216 quidem
630 2137 777 2198 affirmare
793 2136 861 2197 licet
876 2153 944 2198 eum
960 2155 1047 2198 cerne
1061 2135 1236 2216 proiecisse.
1267 2135 1370 2215 Neque

142 2237 293 2302 enim'illa
316 2237 558 2318 qualemcumque
580 2237 903 2318 diximue·progressio
927 2237 1029 2312 fiebat,
1058 2237 1144 2318 quasi
1166 2237 1292 2299 Verbum
1316 2255 1369 2298 ex·

141 2341 292 2403 trinsecus
316 2340 466 2413 existeret,
492 2339 545 2402 sed
567 2340 597 2400 in
619 2339 669 2402 illo
693 2348 756 2402 erat
777 2348 807 2401 et
829 2340 894 2402 eius
917 2339 1026 2402 dicitur
1047 2359 1116 2402 oaro
1138 2339 1314 2419 proficiens,
1336 2345 1369 2400 ut

142 2443 255 2506 seilicet
283 2443 435 2505 bominum
464 2460 643 2522 progressus
673 2449 797 2522 propter
826 2442 961 2522 ipsorum
991 2460 1056 2504 cum
1078 2441 1175 2503 Verbo
1199 2441 1369 2502 sociotatem

143 2543 259 2606 stabilis
287 2553 393 2624 posset
420 2562 621 2624 perseverare.
665 2543 727 2605 Neo
748 2562 820 2622 ergo
843 2543 971 2606 Verbum
998 2543 1187 2624 proficiebat,
1217 2561 1273 2604 nec
1300 2559 1368 2602 earo

143 2653 207 2708 erat
228 2645 395 2726 Sapientia,
425 2645 478 2706 sed
508 2663 576 2706 caro
605 2645 681 2706 lacta
709 2651 755 2706 est
776 2644 943 2723 Sapientiae
971 2663 1090 2724 eorpus.
1135 2643 1297 2717 (leoninos,
1325 2641 1368 2702 uti

141 2747 310 2820 docuimus,
331 2765 393 2808 non
416 2747 565 2828 Sapientia
587 2753 733 2826 quatenos
751 2753 798 2808 est
811 2745 960 2825 Sapientia
982 2747 1045 2825 ipsa
1068 2763 1123 2826 per
1144 2744 1272 2823 seipsam
1296 2760 1368 2821 pro·

141 2848 269 2922 liciebat,
293 2849 347 2910 sed
370 2849 434 2912 sola
456 2847 625 2910 humanitas
641 2847 671 2908 in
687 2847 837 2926 Sapientia
851 2845 1033 2927 proficiebat,
1056 2846 1214 2908 humanam
1229 2843 1368 2925 paulatim

140 2951 356 3012 transcendens
387 2959 541 3022 naturam,
576 2949 673 3011 divina
705 2949 820 3012 reddita
852 2948 1008 3030 ipsiusque
1036 2947 1203 3029 Sapientiee
1235 2949 1310 3009 lacte
1340 2953 1369 3008 et
1412 3003 1414 3011 s

143 3051 284 3115 omnibus
306 3069 451 3132 apparens
474 3051 720 3125 instrumentum,
748 3069 807 3131 quo
834 3051 869 3112 ad
893 3052 1035 3131 agendum
1059 3059 1088 3114 et
1110 3050 1281 3114 eluceudum
1303 3049 1369 3128 ipse

141 3161 278 3217 uteretur
304 3153 449 3217 divinitas.
494 3153 572 3215 Hinc
603 3171 787 3234 nequaqnam
816 3153 903 3216 dixit:
937 3152 1065 3216 Verbum
1091 3151 1279 3233 proficiebat,
1313 3151 1367 3214 sed
1485 3148 1491 3158 '

142 3257 248 3330 lesus,
280 3255 359 3338 quod
390 3255 509 3336 quidem
531 3273 640 3320 nomen
663 3257 806 3320 Dominus
829 3259 922 3320 lactus
943 3257 1034 3319 bomo
1056 3254 1184 3336 aceepit3
1216 3253 1255 3316 ita
1277 3261 1310 3316 ut
1330 3253 1367 3316 ed

140 3361 300 3422 humanam
330 3366 464 3422 naturam
493 3376 674 3440 progressus
705 3360 754 3422 ille
782 3359 928 3440 pertineat
955 3378 990 3422 eo
1017 3377 1075 3440 quo
1097 3377 1193 3450 supra
1209 3355 1366 3437 explicari·

139 3479 209 3526 mus
231 3461 332 3524 modo.

177 3651 193 3700 l.
212 3649 253 3700 Sic
271 3663 329 3699 mss.
364 3649 391 3699 ln
410 3648 515 3700 editione
534 3657 613 3699 sotem
633 3649 725 3699 comm.
814 3651 835 3699 b.
855 3649 911 3711 lleg.
931 3647 953 3698 l.
972 3655 996 3698 et
1013 3647 1153 3710 Sequerirn.
1171 3639 1219 3698 διὰ
1235 3635 1310 3694 τοῦθ’
1331 3639 1368 3700 ὥς

140 3717 211 3768 deest
227 3707 279 3767 ὅτι.
313 3717 365 3768 lior
389 3717 445 3779 iles.
467 3717 487 3765 l.
512 3717 611 3778 Seguer.
630 3718 726 3768 Gobler.
777 3716 919 3784 προεῖπον.

140 3793 165 3835 et
188 3785 294 3836 Felolm.
314 3785 334 3835 l.
361 3777 374 3834 t
401 3777 479 3864 ipsos
505 3779 600 3849 σάρκα.
635 3783 679 3834 tili
704 3793 727 3834 et
813 3785 827 3834 i.
846 3787 886 3833 sio
904 3791 1004 3848 uterque
1026 3783 1083 3843 fleg.
1107 3781 1207 3843 Segner.
1225 3779 1299 3830 llesii.
1318 3779 1366 3830 ln-

140 3854 213 3904 editio
232 3853 350 3903 Commel.
383 3845 580 3919 φορεισάρκα.
778 3851 831 3914 glir„
852 3851 950 3902 Gobler.
968 3859 992 3900 et
1009 3850 1148 3900 Felclm.l.
1184 3853 1211 3898 tt
1229 3851 1252 3898 io
1270 3848 1324 3898 eliis
1343 3855 1367 3900 et

172 3969 197 4016 x·
216 3955 320 4019 Uterque
337 3955 434 4018 Regios,
457 3955 556 4017 Sequor.
580 3951 678 4030 beler.
703 3960 727 4003 et
777 3907 1367 4048 ἱῖἰὼξᾞξ’ἐςΠετθῑοῖὧῗῗυίἵῖαἴίἔμῖῗξῗΐ

136 4023 244 4072 felem
265 4021 286 4071 ι’
305 4022 396 4072 'ddum
411 4015 473 4080 'ac’
500 4023 563 4087 quod
588 4023 612 4072 in
630 4021 684 4070 ’ωε
703 4029 727 4071 ⁰²
777 4003 841 4120 qobd
865 4023 905 4105 bic
928 4055 968 4105 alii
983 4001 1016 4105 ⁸et
1034 4023 1091 4103 edict
1111 3999 1224 4110 hebent?
1240 4053 1283 4102 sed
1303 4015 1365 4102 tetri

137 4091 210 4140 editis
228 4089 304 4140 deest.
340 4091 431 4142 ibidem
456 4091 512 4152 lleg.
533 4091 554 4140 l.
578 4097 601 4140 et
624 4089 724 4152 Sequer.
776 4130 937 4186 mmmmm
962 4128 1017 4188 9⁰⁸²
1039 4113 1175 4186 ἔκλαμψιν
1193 4111 1292 4178 αὐτῆς,
1318 4119 1365 4169 tbi.

135 4149 727 4278 transultare.ituantem}
778 4192 881 4308 gpqp
897 4191 997 4308 ,tint
1014 4180 1261 4322 gastaldiis?

138 4286 175 4342 δ”
191 4289 308 4360 ²⁵7⁰“⁰⁹
328 4287 408 4362 MV
424 4290 598 4370 mm·
613 4353 621 4376 ‚
636 4292 726 4371 ΜΨ
813 4327 835 4376 l.
854 4327 894 4376 sn
911 4327 968 4388 neg.
989 4325 1010 4374 r.
1038 4325 1136 4376 center.
1165 4333 1188 4374 n
1215 4325 1318 4376 return.
1341 4326 1364 4376 1.

136 4361 329 4486 ppppg,
342 4353 726 4482 Seggquq’ppffffigsg
777 4393 806 4445 n
824 4395 896 4444 son
915 4403 938 4443 ,ι
956 4393 1013 4444 aare
1031 4385 1097 4440 mc
1111 4383 1221 4472 upa.
1291 4455 1298 4472 .

138 4489 203 4578 ⁰²de
224 4491 280 4578 κὰρ
303 4489 413 4553 ἔξωθεν·
451 4498 528 4549 Edam
552 4497 669 4548 emma·
694 4489 725 4558 οὗ
778 4461 1239 4584 Gobleffifgetlielbbmb‘glieb‘icabmlb.
1255 4453 1364 4580 “bibiti

135 4577 193 4634 Μ
211 4559 274 4618 ⁰⁰³³
292 4557 401 4622 “mm
777 4599 834 4650 edin
853 4590 890 4652 eir
906 4591 944 4648 ἐν.
1168 4543 1186 4598 ρ
