3072 5056
145 557 220 598 ΗΜ

145 757 221 800 mw.

230 373 270 438 86
465 425 468 430 .
627 389 651 432 s.
668 389 823 432 ιτιιιιιιτιι
838 387 1061 434 ιοοιιιιιιιεοοιι

294 537 329 604 ἐκ
356 535 483 624 φωτός,
517 535 599 603 θεὸν
626 529 844 624 ἀληθινὸνδκ
864 539 949 604 θεοῦ
972 529 1149 660 ἀληθινοῦ,
1174 541 1377 624 γεννηθέντα,
1401 529 1432 600 οὗ

294 634 538 724 ποιηθέντα,(
521 637 698 722 ομοούσιον
720 641 766 724 τῷ
788 643 901 758 πατρί,
880 633 972 704 λ’δι
998 628 1037 703 03
1058 639 1101 704 τά
1114 623 1232 706 πάντα
1253 635 1431 722 ἐγένετο,’
1399 663 1433 702 τα

1519 588 1521 666 λ

294 765 330 805 τε
352 738 386 805 ίν
407 742 454 824 τῷ
477 733 605 826 οὗρανιό
626 742 697 805 καί
721 738 763 805 τὰ
784 738 818 805 ἒν
840 741 879 826 τῇ
902 742 951 826 γῇ,
974 737 1032 805 τόν
1055 734 1146 804 διΗ
1127 733 1433 826 ημᾶςτοὶςάνθρά·
1519 757 1520 760 ’

294 864 380 919 ποος
407 841 461 906 καί
491 840 548 906 διὰ
575 839 633 927 τὴν
654 837 813 929 ἡμετέραν
837 846 1001 927 σωτηρίαν
1023 839 1229 906 κατελθόντα
1249 843 1302 906 καὶ
1324 861 1432 924 σορκω·

294 946 414 1022 θέντα,
438 941 778 1030 1’ἕνανθρωπήσαντα,
808 940 983 1021 παθόντα,
1013 936 1109 1008 κάλ’
1091 940 1278 1008 αναστάντα
1299 944 1336 1028 τῇ
1356 935 1433 1025 τρίτη

294 1038 413 1132 ἡμέρᾳ,
443 1038 629 1111 ἀνελθόντα
658 1043 705 1121 εἰς
726 1037 899 1126 οόρανοός,
928 1047 982 1110 καὶ
1005 1039 1178 1128 ἒρχόιιενον
1200 1055 1308 1127 κρῖναι
1330 1043 1436 1123 ζῶντας
1518 1131 1519 1136 ¹

293 1147 347 1212 καλ
371 1145 509 1232 νεκρούς
547 1143 703 1222 καλεῖς
710 1143 749 1210 τὸ
772 1140 865 1229 άγιον
887 1147 1025 1229 πνεῦμα.
1063 1143 1141 1222 τοὺς
1163 1145 1200 1212 33
1223 1131 1419 1267 λέγοντας·
1404 1167 1437 1262 ην

293 1271 378 1313 ποτε
400 1243 455 1314 ὅτε
478 1242 536 1312 οόκ
556 1249 604 1332 ἠν,
628 1251 700 1313 καί·
722 1249 803 1331 πρὶν
825 1248 1031 1334 γεννηθῆναι
1046 1240 1103 1311 οόκ
1117 1236 1166 1332 ἦν,
1189 1244 1245 1312 καὶ
1269 1241 1321 1312 ότι
1340 1238 1419 1323 λζ’
1390 1265 1437 1308 ουκ
1518 1261 1519 1302 ι

294 1345 397 1415 όντων
431 1338 625 1434 ἔγένετο,”
603 1375 623 1434 η
652 1347 688 1427 ἐξ
716 1347 829 1434 ἑτέρας
850 1343 1066 1424 ὑποστάσεως
1087 1341 1109 1434 ἢ
1131 1343 1246 1426 οὐσίας
1269 1345 1438 1434 φάσκοντας

294 1445 379 1517 εἶναι
410 1444 431 1534 ἢ
462 1447 595 1514 κτιστόν
623 1442 807 1535 ἢτρεπτόν
836 1443 857 1536 ἢ
880 1445 1062 1516 ἀλλοιωτὸν
1092 1447 1149 1514 τὸν
1179 1447 1250 1514 υλὸν
1278 1450 1336 1514 τοῦ
1357 1447 1437 1522 θεοῦ,

293 1544 552 1633 ιιάναθεματίζει
573 1544 592 1636 ἡ
614 1549 776 1638 καθολικὴ
800 1549 960 1632 ἐκκλησία.
1176 1541 1178 1544 ’

316 1659 345 1718 5.
391 1653 456 1718 Καὶ
485 1649 526 1736 δὴ
555 1649 674 1738 ταύτης
703 1655 760 1740 τῆς
788 1655 917 1740 γραφῆς
946 1647 1002 1718 373
1027 1645 1136 1717 αὐτῶν
1159 1646 1438 1738 όπαγορευθείσηςι

231 1749 326 1832 ὅπως
358 1751 485 1841 εἴρηται
505 1748 639 1831 ἀὐτοῖς
658 1751 709 1818 τό
738 1752 772 1818 ἐκ
800 1757 858 1838 τῆς
886 1748 1001 1832 οὐσίας
1029 1756 1087 1818 τοῦ
1117 1751 1244 1836 πατρὸς
1273 1755 1326 1819 καί
1347 1749 1382 1817 τό
1401 1748 1440 1832 τῷ

232 1858 335 1974 πατρί
359 1851 546 1939 όμοοόσιον,
572 1849 630 1920 οόκ
652 1848 865 1934 ἀνεξέταστον
889 1850 1002 1932 αὐτοῖς
1024 1853 1333 1938 ’κατελιμπάνομεν
1376 1850 1441 1917 ίπε-

231 1955 390 2042 ρωτήσεις
411 1958 586 2040 τοιγαροῦν
607 1957 660 2020 καὶ
684 1949 877 2039 ἀποκρίσεις
892 1950 1080 2022 ἓντεῦθεν’
1062 1957 1279 2036 ανεκινοόντο,
1304 1950 1441 2040 ἐβασάνι-

232 2054 284 2135 ζέν
305 2080 342 2122 τε
364 2079 381 2119 ο
370 2049 554 2140 (λόγος
520 2080 578 2140 την
600 2055 751 2122 διάνοιαν
772 2059 838 2122 τῶν
860 2056 942 2144 ελρηι
944 2062 1047 2136 ιένων,
1070 2058 1124 2122 καλ
1147 2055 1186 2142 δη
1209 2055 1247 2121 τὸ
1272 2057 1366 2124 ln*
1328 2081 1383 2142 της
1396 2046 1443 2119 οό-

232 2160 308 2232 σίας
341 2103 607 2241 ῦιῦμολογεῒτό
598 2155 683 2242 πρὸς
712 2152 820 2224 αὐτῶν
850 2156 1030 2244 δηλωτικὸν
1059 2152 1144 2224 εἶναι
1171 2160 1230 2222 τοῦ
1261 2157 1374 2240 ἐκμλν
1393 2153 1441 2220 τοῦ

231 2254 360 2342 πατρὸς
382 2251 536 2335 εἶναι,
500 2281 538 2323 ου
559 2257 622 2342 μὴν
646 2254 690 2336 ιός
711 2254 849 2344 μέρος”
831 2257 1006 2344 οπάρχειν·
1012 2262 1071 2324 τοῦ
1094 2257 1229 2345 πατρός.
1276 2257 1393 2342 ιιταότη
1413 2255 1443 2320 δὲ

232 2358 286 2428 καί
314 2352 393 2442 ἡμῖν
416 2356 523 2424 ἐδόκει
543 2359 690 2437 καλιός”
673 2385 755 2441 εχειν
778 2365 1131 2446 συγκατατίθεσθαι
1107 2387 1146 2446 τη
1131 2359 1282 2426 ’διανοί
1268 2365 1304 2447 ίᾳ
1325 2361 1380 2447 τῆς
1400 2349 1444 2423 εό-

232 2461 350 2542 οεβοῦς
373 2459 547 2525 διδασκαλί
534 2464 594 2538 ίας,
617 2456 884 2547 ὑπαγορευοόσης
906 2459 940 2526 ἐκ
961 2463 1021 2525 τοῦ
1044 2459 1171 2546 πατρὸς
1194 2455 1281 2527 εἶναι
1303 2460 1403 2527 τόνί
1373 2457 1444 2534 υιόν,

233 2553 270 2624 03
292 2558 389 2646 μὴνι
377 2567 477 2647 μέρος
499 2555 599 2625 αὐτοῦ
620 2563 678 2647 τῆς
701 2555 815 2640 οόσίας
837 2561 1020 2647 τυγχάνειν·
1044 2561 1162 2646 διόπερ
1184 2565 1224 2648 τῇ
1248 2561 1380 2649 διανοίᾳ
1399 2559 1446 2626 καὶ

232 2654 327 2729 αότολ
349 2664 520 2732 ’συνετιθέ
519 2667 627 2744 μεθα,
653 2657 689 2728 οὐ
714 2662 804 2729 33
771 2689 829 2748 την
852 2662 965 2751 φωνὴν
986 2665 1046 2729 τοῦ
1070 2658 1248 2746 ὁμοουσίου
1270 2659 1446 2748 παραιτοό·

230 2785 334 2846 μενοι,
358 2765 416 2829 τοῦ
438 2787 496 2878 της
518 2763 646 2852 ειρήνης
668 2767 796 2830 σκοποῦ
818 2763 885 2849 πρὸ
909 2759 1098 2851 ὀφθαλμῶν
1119 2759 1198 2848 ἡμῖν
1218 2770 1379 2848 κειμένου,
1400 2762 1447 2828 καὶ

317 2970 345 3028 6.
391 2963 486 3030 Κατὰ
512 2965 554 3029 τὰ
583 2963 667 3030 αι’πά
696 2965 732 3031 δὲ
761 2871 869 3030 καίί
845 2965 884 3029 τό
912 2970 1111 3052 γεννηθέντα
1131 2967 1184 3030 καὶ
1208 2959 1246 3030 03
1268 2971 1450 3086 ποιηθέντα

231 3061 487 3145 κατεδεξάμεθα,
512 3063 682 3182 ἐπειδὴ
649 3089 688 3129 το
711 3065 856 3150 ποιηθὲν
878 3063 1018 3131 κοινὸνὶ
1025 3066 1167 3152 ἔφασκεν
1183 3060 1269 3131 εἶναι
1283 3067 1450 3152 πρόςρημα

231 3161 298 3225 τῶν
330 3161 459 3228 λοιπῶν
491 3163 677 3246 κτισμάτων
710 3166 775 3230 τῶν
804 3163 860 3230 διά
886 3167 946 3230 τοῦ
969 3165 1041 3231 υἱοῦ
1062 3171 1258 3288 γενομένων,
1293 3157 1341 3234 ὦν
1363 3161 1450 3233 οὐδὲν

234 3255 351 3344 όμοιον
383 3261 466 3344 ἔχειν
497 3261 555 3329 τὸν
583 3261 669 3330 υἱόν·
703 3262 755 3330 διὸ
780 3262 834 3350 ’δὴ
862 3263 907 3352 μὴ
931 3261 1138 3333 ελναιαοτὸν
1160 3273 1291 3353 ποίημα
1312 3278 1385 3346 τοῖς
1406 3257 1450 3331 δι>

232 3355 334 3426 αὐτοῦ
366 3368 552 3447 γενομένοις
579 3364 762 3452 ι“·ε’μφερές,
795 3373 980 3452 κρείττονος
1008 3362 1092 3434 δλ”
1071 3393 1090 3452 η
1119 3366 1203 3434 κατὰ
1229 3370 1298 3433 πᾶν
1327 3373 1452 3453 ποίημα

232 3459 423 3545 ’τυγχάνειν
445 3459 610 3543 οὐσίας,“
590 3491 629 3552 ην
652 3465 686 3532 λκ
707 3469 765 3532 τοῦ
781 3465 908 3553 πατρὸς
922 3471 1140 3589 γεγεννῆσθαι
1154 3465 1196 3533 τά
1210 3473 1293 3535 θεῖα
1308 3465 1452 3534 διδάσκει

232 3560 343 3681 λόγια,
366 3565 425 3627 τοῦ
447 3561 574 3682 τρόπον
596 3567 654 3652 τῆς
674 3565 853 3652 γεννήσεως
875 3565 1101 3655 ἀνεκφράστοο
1124 3570 1178 3633 καὶ
1201 3562 1377 3654 ἀνεπιλογί
1378 3589 1454 3634 στου

231 3660 324 3749 πάση
347 3665 479 3750 ογενητῇ
503 3662 601 3750 φύσει
623 3665 845 3750 τυγχάνοντος.

317 3770 346 3831 7.
397 3761 492 3830 Οὕτω
516 3764 627 3831 δὲκαὶ
650 3761 728 3830 τό(
712 3766 889 3851 ομοοόσιον
912 3763 997 3834 εἶναι
1012 3769 1070 3833 τοῦ
1086 3767 1213 3853 πατρὸς
1227 3768 1285 3834 τὸν
1300 3769 1374 3835 υλὸν
1390 3768 1456 3847 ἐ-ξε

231 3857 447 3948 ταζόμενος“
431 3887 448 3930 ο
471 3863 567 3950 λόγος
587 3873 681 3932 Ρσυνί
681 3889 805 3954 στησιν,
830 3863 868 3934 03
890 3866 973 3934 κατὰ
986 3867 1044 3933 τὸν
1058 3871 1125 3933 τῶν
1140 3867 1303 3952 σωμάτιον
1318 3868 1453 3954 τρόπον,

232 3959 310 4031 οὐδὲ
294 3966 410 4044 ὲτοῖς
437 3971 577 4052 θνητοῖς
600 3964 697 4045 ζώοις
718 3969 979 4054 παραπλησίως·
1009 3964 1085 4034 οότε
1105 3968 1166 4054 γάρ
1187 3966 1271 4035 κατὰ
1293 3969 1365 4036 διαί
1351 3975 1523 4056 ίρεσιν

266 4183 387 4234 οΗῦοΙιε
405 4178 441 4234 τό
457 4200 494 4236 τε.
868 4189 958 4238 ΊΊιεοδ
978 4180 1070 4247 1λίδῆ
1095 4182 1162 4252 ἀγία
1178 4185 1308 4250 καθολικὴ
1326 4185 1373 4240 καὶ
1392 4181 1459 4238 ἀπο·
1522 4177 1523 4190 ’

265 4197 290 4298 3.
310 4251 390 4300 Gelas.
418 4255 483 4302 addit
507 4255 553 4301 καί
576 4261 599 4303 τι
623 4267 677 4302 mox
694 4261 749 4316 ροεῑ
767 4267 817 4302 τια-
869 4249 975 4314 croam&
994 4249 1126 4334 ἐκκλησία.

231 4307 322 4362 sarra
339 4317 404 4366 addit
422 4315 555 4384 ταφέντα.
591 4319 642 4369 Μαι
662 4321 782 4370 ΤΙιεοδοι.
794 4330 817 4371 ει
902 4339 923 4371 ι.
943 4325 1063 4373 ΤΙιοοιιοι.
1084 4309 1170 4376 αὖθις·

231 4383 300 4432 Socr.
315 4384 364 4430 κοί
379 4385 492 4435 οιιιίιιιιιιι
511 4396 566 4436 τοτε
584 4379 742 4466 ίρχδμενον.
902 4389 1058 4439 ῐΗΤίιιαδοι
1078 4400 1100 4438 ει
1119 4393 1186 4441 Socr.
1205 4383 1409 4456 καταλιμπάνω
1409 4403 1457 4440 τεν
1522 4383 1523 4390 ’

265 4465 285 4499 c.
304 4450 417 4500 Socrates
435 4446 466 4498 τὸ
484 4452 594 4532 masma,
610 4449 641 4500 τὸ
660 4445 748 4518 λόγων.
868 4455 948 4504 Gelas.
966 4451 1218 4524 καταλαμβάνομεν.
1255 4457 1315 4507 Ιοίδ
1334 4457 1457 4508 ‘theodor

264 4516 288 4566 δ.
307 4517 419 4567 Socrates
445 4512 552 4571 τούτοις
579 4512 814 4598 ιἰναθεμυιτίζειι
801 4536 816 4580 η
868 4513 1018 4588 ἐρωτήσεις.
1048 4525 1098 4574 Mox
1114 4525 1235 4575 Theodor.
1255 4533 1278 4574 ει
1297 4525 1376 4575 Gelas.
1396 4516 1460 4586 ἒβ-ιι

230 4578 360 4644 καθολεκη
401 4579 449 4634 καὶ
483 4576 648 4647 ἀποστολικὴ
684 4581 816 4646 ἐκκλησία.
869 4585 990 4644 σανίζετο
1011 4585 1131 4656 aaaron
