3128 5052
507 313 654 358 anieron
668 313 687 356 ι.
704 315 741 358 ιο
757 313 952 371 semproniani.
1274 305 1337 386 739,

90 463 205 542 prium
227 453 356 524 Verbum
379 464 498 538 creavit,
522 461 719 544 coniungatis.
765 465 846 538 Quae
862 473 959 528 autern
977 465 1061 528 vobis
1083 468 1123 532 ita
1139 469 1335 536 sentientibus
1344 485 1420 528 tarn

89 583 176 643 spes
199 582 267 626 esse
288 562 410 644 possit?
453 565 506 626 Vel
528 565 594 644 quie
616 583 670 626 ros
692 584 759 628 eum
782 564 843 629 lleo
867 566 1040 646 eeniunget,
1070 570 1120 648 qui
1149 589 1211 632 non
1239 571 1334 652 ipsius

89 664 168 738 Dei,
192 665 246 728 sad
267 666 312 728 rei
336 678 451 726 creatae
473 664 610 744 spiritum
632 664 778 728 habetisl·
817 667 899 740 Quae
915 669 1033 730 undem
1048 679 1146 732 restra
1169 679 1215 733 est
1238 667 1335 736 temess

91 767 177 828 ritae
200 777 231 828 et
250 765 510 842 inconsiderantia,
533 767 584 846 qui
598 767 716 830 Patrem
733 778 762 829 et
784 768 848 830 eius
863 768 990 832 Verbum
1007 771 1042 832 ad
1065 789 1115 834 res
1137 790 1233 853 nsque
1248 792 1333 836 crea-
1354 805 1358 820 ν

93 874 150 930 tas
173 867 355 947 deprimitis,
383 887 553 948 rursusque
575 887 638 932 rem
661 877 789 932 creatam
810 870 873 932 Dee
897 870 1089 950 exaequatis?
1131 871 1165 934 ld
1187 873 1335 953 siquidem

94 967 208 1046 agitis,
241 989 308 1030 eum
336 970 374 1032 de
396 969 513 1050 Spiritu
529 989 590 1032 non
614 989 702 1037 seeus
723 990 758 1034 ae
772 971 816 1032 de
839 961 991 1036 recreata
1013 973 1166 1052 rogitatis,
1194 982 1225 1036 et
1250 975 1334 1036 illum

92 1068 297 1132 nihilominus
319 1072 350 1132 in
373 1071 517 1136 Trinitate
539 1072 685 1136 eolloeare
707 1091 767 1153 non
790 1074 942 1136 veremini.
988 1075 1061 1148 Quis
1084 1081 1183 1136 tantus
1205 1074 1253 1135 ille
1279 1094 1331 1136 ve-

97 1179 168 1232 ster
188 1173 280 1246 furor,
303 1181 336 1234 nt
359 1181 416 1234 tam
440 1173 539 1254 iniqua
562 1173 598 1235 de
613 1174 675 1236 Deo
694 1175 840 1250 sentiatis,
864 1175 913 1254 qui
936 1174 1049 1236 seilicet
1070 1193 1131 1236 non
1155 1193 1259 1236 omnes
1282 1193 1331 1236 res

97 1280 218 1335 creatas
239 1273 287 1334 rel
309 1291 413 1336 omnes
434 1274 582 1354 Angelos,
615 1274 669 1337 sed
697 1295 789 1338 unum
817 1275 957 1338 duntaxat
986 1295 1021 1338 ex
1043 1276 1102 1339 illis
1123 1273 1185 1338 Deo
1209 1275 1333 1354 eiusque

96 1373 200 1435 Verbo
223 1374 450 1438 annumeretis?
493 1377 655 1455 Postquam
677 1377 756 1439 enirn
774 1377 867 1438 semel
881 1378 1025 1457 Spiritum
1039 1395 1103 1440 rem
1118 1383 1247 1439 creatam
1262 1381 1418 1439 esseldll·

97 1475 263 1538 censuistis
286 1476 374 1556 eique
394 1477 545 1540 loeum.in
568 1478 713 1544 Trinitate
735 1478 928 1558 assignastis,
962 1496 1024 1541 non
1052 1495 1142 1541 unum
1172 1485 1252 1540 certe
1278 1477 1333 1540 sed

100 1593 209 1640 omnes
232 1587 348 1640 oreatus
370 1578 499 1656 Angelos
521 1579 553 1639 in
576 1579 624 1640 illa
646 1597 763 1658 qunque
786 1579 931 1643 collocare
954 1578 1105 1659 oportuit,
1128 1597 1184 1640 neo
1205 1577 1332 1656 amplius

99 1678 279 1740 Trinitatem
302 1697 387 1752 esse,
411 1679 463 1740 sed
486 1679 731 1760 innumerabilem
754 1679 899 1759 quandam
922 1679 1082 1745 divinitatis
1104 1679 1333 1756 multitudinem,

101 1789 137 1840 ut
160 1788 189 1841 et
210 1787 309 1841 rostra
332 1777 474 1854 initiatio,
508 1799 584 1860 quae
604 1781 636 1842 in
659 1785 692 1842 ea
715 1780 779 1842 lieri
802 1780 931 1853 ridetur,
960 1781 1019 1842 hue
1046 1789 1075 1842 et
1101 1780 1171 1843 illue
1192 1780 1334 1844 distracta

100 1879 250 1947 instabilis
274 1885 354 1942 tanta
383 1880 553 1944 diversitate
575 1881 759 1945 redderetur.
802 1881 935 1960 Namque
963 1881 1110 1944 eiusmodi
1138 1890 1209 1944 sunt
1236 1891 1334 1944 vestra

102 1992 134 2044 et
155 1981 331 2050 adanorum
353 1983 509 2062 mysteria,
537 1983 588 2063 qui
610 1991 669 2044 tam
691 1982 781 2062 impia
804 1982 946 2044 adversus
968 1982 1150 2044 divinitatem
1174 1981 1332 2045 commini-

100 2081 232 2156 seimini‚
255 2091 285 2144 et
306 2083 397 2146 rebus
420 2084 526 2148 creatis
548 2084 650 2164 potius
673 2101 761 2164 quam
776 2084 838 2144 Deo
855 2083 987 2148 omnium
1009 2083 1137 2145 creatori
1159 2082 1290 2144 servitis.

189 2187 241 2250 30.
284 2184 329 2246 En
353 2201 423 2266 ergo
452 2204 527 2264 quae
555 2185 640 2250 vobis
662 2185 789 2248 absurda
812 2203 857 2246 ex·
869 2184 1008 2246 dualitate
1030 2184 1199 2247 decurrunt.
1245 2183 1334 2257 Quod

101 2285 130 2346 si
153 2285 286 2348 Trinitas
310 2285 359 2360 sit,
381 2286 424 2348 uti
445 2288 544 2367 reipsa
567 2297 623 2362 est,
646 2306 720 2366 quae
743 2285 879 2366 quidem,
901 2295 934 2347 ut
956 2285 1160 2358 ostendimus,
1182 2284 1333 2356 individua

101 2405 167 2448 nee.
181 2386 335 2448 dissimilis
359 2395 415 2462 est,
437 2406 561 2453 nmesse
583 2396 630 2450 est
651 2405 740 2450 unam
763 2387 827 2448 eius
850 2404 920 2448 esse
942 2385 1144 2458 sanctitatem,
1167 2403 1257 2460 unam
1279 2402 1331 2445 ae-

102 2489 273 2552 ternitatem
294 2487 565 2567 immutabilemque
587 2497 733 2550 naturam.
778 2487 815 2548 Ut
837 2486 915 2548 emm
942 2485 1034 2558 tides,
1064 2503 1152 2566 quam
1180 2486 1243 2548 eius
1272 2502 1331 2568 no7
1383 2561 1391 2572 .

103 2589 184 2651 mine
207 2589 385 2669 accepimus,
408 2607 466 2652 una
489 2597 544 2660 est,
567 2597 597 2650 et
618 2607 673 2651 nos
697 2605 764 2650 eum
784 2587 848 2648 Deo
870 2585 1032 2672 coniungit,
1055 2594 1088 2646 ut
1110 2586 1181 2648 item
1201 2585 1253 2664 qui
1276 2583 1332 2644 ali·

103 2691 175 2770 quid
196 2691 233 2752 de
255 2689 399 2755 Trinitate
422 2687 549 2752 detrahit
572 2696 602 2749 et
622 2688 653 2750 in
675 2689 740 2751 solo
763 2686 859 2778 Patris
882 2687 926 2750 vel
941 2685 1006 2749 Filii
1022 2684 1142 2748 nomine
1158 2683 1331 2764 baptizatur,

102 2801 154 2854 aut
176 2793 241 2854 sine
264 2791 377 2872 Spiritu
397 2792 427 2852 in
443 2774 536 2852 ‘Patre
560 2797 589 2850 et
607 2789 692 2864 lilio,
715 2788 788 2850 nihil
810 2787 925 2866 arripit,
949 2785 1001 2846 sed
1024 2803 1133 2848 saeuus
1155 2802 1212 2846 nee
1232 2781 1332 2844 initia-

102 2902 152 2956 tus
175 2893 239 2973 ipse
261 2902 291 2955 et
312 2893 355 2966 is,
378 2893 428 2972 qui
450 2893 521 2954 dare
543 2888 674 2964 videtur,
702 2897 817 2974 manet,
840 2887 985 2966 siquidem
1008 2885 1135 2949 initiatio
1157 2882 1279 2946 nonnisi
1301 2881 1334 2972 in

62 3059 71 3070 ‚
103 2994 249 3058 Trinitate
271 2995 326 3057 sita
350 2999 413 3066 esl3
442 2993 482 3053 ita
511 2991 561 3071 qui
583 2991 690 3054 Filium
723 2990 849 3052 aPatre
870 2989 974 3050 dividit
995 2988 1040 3050 rel
1060 2986 1203 3068 Spiritum
1224 2985 1260 3048 ad
1282 3001 1332 3045 res

104 3114 200 3176 usque
221 3103 334 3158 creatas
356 3092 513 3174 deprimit,
536 3110 593 3154 nee
612 3078 717 3154 Filium
740 3110 798 3154 nee
817 3091 936 3154 Patrem
957 3089 1056 3164 habet,
1079 3088 1133 3150 sed
1155 3095 1202 3150 est
1222 3084 1333 3166 impius

104 3205 135 3258 et
155 3195 267 3258 infideli
289 3195 429 3267 deterior,
453 3193 629 3274 quidvisque
651 3193 752 3273 potius
775 3211 862 3272 quam
878 3191 1061 3254 Christianus
1084 3187 1192 3252 merito
1214 3206 1249 3248 ae
1269 3186 1334 3248 iure

101 3297 251 3382 putandus
275 3306 330 3358 est
377 3293 633 3370 Quemadmodum
654 3295 733 3356 enim
748 3311 839 3386 anum
862 3293 1083 3374 estssaptiama,
1107 3290 1187 3370 quod
1202 3289 1231 3350 in
1246 3287 1334 3350 Patre
1383 3311 1387 3318 ·

104 3407 134 3461 et
153 3399 229 3461 Filio
253 3407 283 3460 et
306 3398 419 3480 Spiritu
440 3404 543 3460 saneto
567 3397 668 3471 datur,
700 3403 736 3486 ut
753 3414 811 3460 una
834 3391 970 3456 similiter
991 3393 1065 3470 tides
1088 3399 1134 3454 est
1155 3392 1186 3454 in
1209 3387 1335 3452 eandem

103 3499 291 3574 Trinitatem,
314 3497 562 3578 quemadmodum
586 3498 673 3560 doeet
693 3497 872 3578 Apostolus3
900 3496 940 3556 ita
962 3503 1062 3556 saneta
1084 3491 1230 3564 Trinitas,
1258 3503 1334 3566 quae

104 3598 208 3660 eadem
231 3600 260 3661 in
283 3600 382 3679 seipsa
405 3608 452 3661 est
473 3607 503 3660 et
524 3617 625 3662 seeum
648 3598 714 3678 ipsa
736 3599 894 3660 coniuncta
915 3603 978 3668 est,
1013 3592 1087 3656 nihil
1111 3591 1141 3652 io
1171 3607 1204 3650 se
1232 3601 1334 3648 rerum

105 3701 249 3762 laetarum
272 3699 372 3773 habet,
394 3700 525 3779 haecque
542 3698 696 3761 Trinitatis
711 3699 810 3762 unitas
832 3695 981 3759 individua
997 3701 1053 3766 est,
1076 3708 1194 3770 unaque
1209 3687 1240 3748 in
1256 3701 1329 3746 ean-

102 3913 171 3985 ὑμῖν
188 3920 264 3970 abest.
299 3919 374 3972 lidera
397 3928 421 3970 et
444 3921 502 3983 Rep.
523 3919 546 3969 1.
563 3893 621 3984 po⁹st
637 3929 694 3966 τοι·
746 3925 770 3967 et
796 3916 853 3967 edltl
879 3905 1090 3980 ὑφαιρούμενος.
1140 3906 1193 3958 llos
1217 3916 1263 3969 pro
1289 3894 1337 3950 aul

104 3985 175 4036 οὖτα
199 3988 341 4052 perticulam
366 3983 418 4053 priv
441 3989 546 4046 addnut,
577 3999 639 4052 quae
664 3986 693 4035 ab
745 3973 978 4047 liep21i'habet.
1257 4038 1262 4048 ·

103 4057 157 4106 aliis
176 4064 200 4106 et
217 4053 288 4106 editis
306 4054 382 4106 abest
779 4067 801 4113 p.
821 4048 892 4102 Gobl.
910 4058 933 4098 et
951 4045 1056 4096 Felelm.
1076 4043 1099 4092 1.
1118 4034 1198 4089 οὐδέν
1215 4041 1333 4088 omittunt.
1396 4047 1400 4055 ’

138 4125 155 4172 t.
175 4123 232 4184 seg.
251 4123 272 4173 l.
290 4122 389 4185 Sequer.
408 4121 658 4175 carternitanum.
671 4121 693 4171 l.
778 4119 802 4168 h.
821 4119 879 4180 deq.
893 4117 915 4166 l.
934 4116 1034 4176 Sequar.
1053 4110 1149 4162 Gooler.
1162 4103 1298 4186 et'l'elelm.
1310 4100 1333 4150 l.

101 4182 176 4249 risle
192 4185 296 4249 ταύτην
312 4190 422 4250 (Gobler.
440 4199 464 4241 et
481 4190 587 4240 Fslolm.
608 4189 629 4240 l.
648 4179 694 4238 αιί-
744 4179 863 4238 retroc-
901 4182 976 4232 l’aulo
1012 4189 1051 4229 ost
1067 4192 1112 4242 pro
1130 4168 1332 4240 redamate-

103 4252 164 4318 rq'r)
190 4251 398 4337 παραδιδομένη
422 4250 514 4323 φύσις.
550 4258 606 4320 neg.
620 4256 644 4306 T.
670 4264 694 4308 et
744 4255 784 4331 eil.
803 4253 875 4304 habet
892 4241 1088 4314 διαδιδομενον
1105 4250 1128 4294 et
1144 4239 1232 4324 θοι).
1251 4231 1332 4284 nitt-

105 4324 186 4376 0ttob.
208 4327 245 4375 eie
263 4324 365 4376 habeut:
384 4340 399 4384 η
418 4313 560 4386 straden
574 4318 693 4391 naqade-
745 4333 869 4388 οομενον.

104 4385 206 4458 raptvs
224 4387 317 4447 ntem
334 4383 466 4441 συνάπτει
479 4391 519 4458 τῷ
536 4389 600 4456 θεῷ.
635 4391 694 4442 lbid.
779 4391 795 4438 i.
813 4389 855 4438 Sie
872 4387 929 4449 neg.
941 4385 963 4435 1.
982 4383 1081 4460 Sequar·¹
1099 4377 1169 4460 popl.
1186 4381 1210 4426 et
1225 4369 1334 4483 Felelqn

104 4459 480 4523 sepesquenontsrua.
504 4459 694 4513 attentant.
747 4457 770 4508 1.
807 4455 886 4534 Cetqri
905 4468 959 4504 vero
978 4459 1002 4502 et
1019 4449 1076 4500 edrtr
1093 4461 1108 4506 η
1126 4437 1288 4509 “ymetus
1318 4446 1335 4479 Υ

102 4520 538 4594 οοοιι.1ιοοοοιῦοιεξοιιροὺμινος.
573 4527 619 4578 dlii
638 4541 693 4578 vero
746 4513 815 4589 οὔτῇ
834 4533 912 4578 οοσιι,
930 4513 978 4570 arni
993 4525 1038 4569 etc.
1070 4592 1128 4645 47*
