3158 5050
206 330 269 398 648
488 313 501 344 “
603 340 630 384 ν.
644 337 801 384 numm
814 334 1041 380 νεεειτειεσονι

121 515 197 562 vm.
206 491 379 572 αἰώνιος).
419 487 448 556 εί
470 487 507 556 δέ
530 481 547 552 5
570 483 643 564 οἶός
664 483 754 552 ἐστιν
775 479 796 570 5
819 483 899 570 ζωή,
924 484 980 550 καὶ
1001 477 1083 569 αῦτη
1106 477 1192 566 πρὸς
1213 477 1270 546 τὸν
1291 485 1445 563 πατέρα,
1543 536 1547 557 ,

204 597 261 666 καί
282 593 311 662 εί
334 587 352 658 5
374 588 446 668 υίὸς
467 577 506 675 ἦν
528 585 614 672 πρὸς
634 584 692 652 τὸν
715 591 854 672 πατέρα,
877 586 965 670 λέγει
986 585 1022 652 δὲ
1045 577 1063 650 5
1086 576 1202 660 αῦτός·
1224 577 1280 646 καὶ
1303 575 1449 664 όλόγος

179 685 244 780 ,ἦν
276 691 364 782 πρὸς
391 689 449 758 τόν
475 686 605 768 θεόν’)
640 682 659 754 5
687 685 759 767 ολός
786 681 826 754 ἀν
850 685 900 773 ε’ίη
924 681 942 752 5
964 684 1061 771 λόγος
1083 679 1102 750 5
1125 677 1179 752 ἀεὶ
1200 675 1246 748 ὢν
1266 679 1358 768 πρὸς
1378 681 1450 756 τὸς

205 801 345 881 πατέρα.
384 787 495 875 ιόςπερ
517 789 554 858 δέ
577 785 595 856 5
616 787 689 870 υἱός
710 787 808 875 λόγος
830 785 935 868 ἐστίν,
959 781 1066 866 οῦτως
1088 781 1106 852 5
1128 782 1210 864 θεὸς
1232 777 1251 850 5
1272 777 1377 862 αῦτὸς
1394 776 1450 871 ἂν

207 897 258 984 τίη
282 891 300 962 5
321 892 442 981 πατήρ.
481 887 581 976 ὁμέν
603 913 659 958 τοι
678 890 751 970 υίὸς
772 887 874 958 Ικατὰ
894 887 952 956 τὸν
971 883 1122 976 Ἰωάννην
1135 884 1219 966 θεὸς
1233 879 1293 969 οῦγ
1307 879 1446 964 ἁπλῶς,

207 991 276 1066 ἀλλ’
301 991 464 1082 ἀληθινὸς
485 992 568 1072 θεός
589 992 669 1060 ἔστι.
706 990 763 1060 καὶ
783 991 845 1078 γάρ
866 989 951 1058 κατὰ
964 989 1022 1058 τὸν
1037 985 1138 1058 αῦτὸν
1152 989 1269 1056 τοῦτον
1282 985 1342 1054 καὶ
1356 985 1448 1064 θεὸς

206 1088 247 1186 ἦν
269 1093 288 1164 5
310 1097 453 1182 λόγος’),
477 1093 566 1182 έλεγέ
586 1090 665 1163 τιό
686 1091 772 1172 αίός·
801 1091 865 1179 ἐγώ
888 1092 957 1179 εἶμι
979 1087 1017 1178 ¹³5
1041 1089 1144 1174 ζωό).
1183 1082 1300 1158 οῦκοῦν
1324 1082 1342 1152 5
1366 1085 1446 1166 υἱός

122 1221 199 1266 εισι.
208 1198 305 1286 λόγος
327 1197 399 1266 ἐστὶ
420 1199 475 1264 καλ
497 1195 562 1284 ζωὴ
584 1192 604 1284 5
627 1185 711 1264 οῦσα
732 1193 827 1282 παρὰ
847 1198 895 1282 τῷ
917 1201 1031 1282 πατρί.
1068 1190 1172 1262 πόλιν
1189 1188 1279 1280 δὲτὸ
1295 1189 1331 1258 έν
1345 1183 1445 1276 αὐτῷ

207 1304 255 1388 τῷ
273 1296 404 1385 Ἰωάννῃ
428 1299 612 1386 είρημένον·
635 1294 654 1364 5
674 1295 853 1384 μονογενὴς
874 1295 946 1376 υίὸς
969 1291 988 1362 5
1010 1290 1056 1362 ὢν
1079 1294 1127 1374 είς
1147 1291 1206 1360 τόν
1226 1291 1355 1360 κόλπον
1377 1294 1442 1358 τοῦ

207 1400 381 1489 πατρόςέ),
412 1400 557 1468 δείκνυσι
583 1396 642 1468 τόν
670 1399 743 1468 υἱὸν
772 1393 825 1466 ἀεὶ
847 1391 942 1466 εἶναι.
982 1395 1019 1464 ὃν
1040 1393 1102 1484 γάρ
1124 1395 1228 1481 ελέγει
1249 1389 1267 1461 5
1286 1388 1444 1480 Ἰωάννης

208 1502 296 1584 νλόν,
325 1504 443 1570 τοῦτον
470 1511 566 1588 χεῖρα
597 1496 615 1567 5
637 1501 750 1588 Δαβλδ
777 1499 902 1587 ιμάλλει
923 1500 1045 1586 λέγων·
1079 1498 1134 1566 ἵνα
1155 1503 1189 1566 τί
1210 1490 1444 1584 ἀποστρέφεις·

209 1603 269 1691 τὴν
299 1602 395 1690 χεῖρά
418 1624 479 1670 σου
512 1605 567 1672 καὶ
594 1602 654 1690 τὴν
681 1601 794 1684 δεξιάν
823 1625 884 1670 σου
914 1599 949 1670 ἐκ
969 1606 1073 1686 μέσον
1095 1601 1154 1666 τοῦ
1175 1597 1302 1666 κόλπου
1326 1603 1442 1680 σου*),·

210 1700 326 1790 οῦκοῦν
355 1705 385 1772 εί
406 1699 426 1791 5
446 1706 518 1792 χεὶρ
541 1703 576 1772 έν
597 1709 646 1792 τῷ
666 1703 799 1791 κόλπῳ,
832 1702 889 1771 καὶ
911 1698 930 1770 5
952 1701 1024 1782 υἱὸς
1045 1701 1080 1770 ἐν
1101 1699 1232 1788 κόλπῳ,
1262 1696 1280 1768 5
1302 1699 1377 1780 αδδς
1401 1692 1443 1768 ἀν

210 1805 261 1893 εἴη
282 1801 302 1892 5
322 1811 410 1890 χείρ,
433 1809 488 1874 καί
510 1802 531 1892 5
552 1809 622 1893 χείρ
646 1801 686 1874 ἀν
708 1807 759 1894 εἴη
782 1801 800 1872 5
823 1804 909 1886 υἱός,
933 1799 973 1873 δι’
1000 1793 1039 1872 οὗ
1062 1801 1263 1891 ἐποίησετὰ
1284 1801 1400 1870 πάντα
1425 1797 1444 1866 5

209 1906 330 1994 πατήρ.
374 1901 394 1991 5
421 1913 493 1992 χείρ
516 1929 576 1974 σον
598 1907 675 1995 γάρ,
700 1913 818 1996 φησίν,
843 1905 982 1995 ἐποίησε
1002 1909 1108 1974 ταῦτα
1128 1902 1286 1992 πάντα),
1319 1906 1375 1972 καὶ
1399 1906 1444 1992 τῇ

206 2010 293 2092 χειρὶ
315 2005 470 2092 ἀἐξήγαγε
491 2005 549 2074 τὸν
572 2007 698 2090 λαόν),
729 2004 845 2076 οῦκοῦν
877 2007 934 2076 διὰ
961 2011 1019 2076 τοῦ
1042 2008 1125 2076 υἱοῦ.
1170 2005 1200 2074 εί
1221 2007 1258 2074 δὲ
1279 2007 1334 2072 καί
1355 2001 1444 2094 αῦτη

208 2102 246 2192 ⁸5
274 2101 453 2186 ἀλλοίωσις
480 2111 539 2194 τῆς
560 2109 671 2190 δεξιᾶς
692 2113 752 2176 τοῦ
774 2099 964 2195 ὑψίστου),
994 2112 1050 2178 καὶ
1072 2108 1190 2178 πάλιν·
1214 2107 1262 2188 εἰς
1283 2106 1446 2186 τὸτέλος

183 2203 293 2294 ,ὑπὲρ
314 2210 381 2274 τῶν
403 2203 726 2296 ἀλλοιωθησομένων
748 2205 816 2297 ᾠδὴ
837 2205 924 2298 ὑπέρ
946 2215 1005 2280 τοῦ
1028 2207 1246 2299 ἀγαπητοῦ),
1269 2203 1288 2274 5
1310 2203 1447 2297 ἀγαπη-

208 2307 267 2387 τός
299 2306 365 2396 ἀρα
392 2308 482 2378 ἐστὶν
511 2307 531 2398 5
552 2317 622 2400 χείρ
643 2307 664 2398 5
687 2306 933 2393 ἀλλοιωθείσα,
968 2315 1047 2398 περὶ
1069 2301 1108 2380 οῦ
1129 2310 1186 2380 καὶ
1207 2312 1296 2398 λέγει
1316 2307 1335 2398 5
1357 2316 1446 2380 θεία

178 2436 181 2442 ¹
211 2411 323 2498 φωνή·
347 2400 444 2492 οὗτός
466 2412 556 2481 ἔστιν
579 2410 598 2480 5
619 2415 691 2494 υἱός
711 2437 776 2500 μον
800 2409 1061 2503 δάγαπητός““)·
1085 2408 1158 2482 ἶσον
1173 2411 1238 2500 ἀρα
1253 2412 1343 2480 ἐστίν
1357 2408 1443 2500 αῦτη

209 2507 230 2598 5
248 2519 320 2600 χείρ
342 2537 407 2599 μου
429 2517 494 2602 ’τῷ
517 2504 614 2595 οὗτος
637 2512 655 2584 5
677 2515 748 2596 υἱός
768 2539 843 2601 μου.

295 2621 348 2682 27.
389 2609 520 2704 Ἐπειδὴ
550 2618 587 2685 δέ
614 2643 702 2698 τινες
728 2621 795 2686 τιῦν
825 2615 1036 2685 ἀπαιδεύτων
1059 2610 1271 2702 ἀναιροῦντες
1290 2615 1330 2682 τὸ
1353 2609 1443 2684 εἶναι

211 2715 284 2784 υἱόν
306 2711 510 2798 εὐτελίζουσι
535 2718 573 2784 τὸ
596 2718 631 2788 ἐν
652 2717 794 2807 γαστρὸς
815 2718 883 2806 πρὸ
905 2717 1075 2808 ἑωςφόρον
1098 2716 1253 2804 ἐγέννησέν
1275 2721 1370 2798 σε’),
1393 2714 1443 2798 ὦς

211 2810 253 2885 ἀν
275 2816 335 2886 ἐπὶ
355 2821 415 2904 τῆς
435 2826 575 2908 Μαρίας
596 2817 797 2908 ἁρμόζοντος
817 2821 946 2902 τούτου,
969 2819 1152 2910 φάσκοντες
1173 2818 1241 2903 πρὸ
1260 2822 1320 2885 τοῦ
1335 2818 1443 2888 ἑωθι-

211 2921 270 2985 νοῦ
284 2913 432 3005 ἀστέρος
453 2925 691 3008 ιγεγεννῆσθαι
705 2918 805 2989 αῦτὸν
826 2917 896 2988 ἀπὸ
911 2929 1059 3007 Μαρίας,
1081 2919 1127 3006 μὴ
1148 2918 1210 3006 γὰρ
1226 2913 1266 2986 ἀν
1282 2919 1341 2988 ἐπὶ
1354 2911 1442 2988 θεοῦ

211 3015 366 3104 ἁρμόζειν
393 3029 537 3109 γαστέρα
559 3024 682 3110 λέγειν·
714 3018 810 3108 όλίγο
831 3023 939 3092 εἰπεῖν
962 3017 1092 3110 ἀνάγκη.
1130 3021 1160 3090 εί
1180 3023 1241 3107 μὲν
1263 3011 1322 3089 οῦν
1345 3017 1440 3108 ὅτιῆ

210 3114 584 3208 γαττὴράνθρώπινόν
606 3122 694 3204 έστι,
723 3121 782 3191 διὰ
803 3127 901 3190 τοῦτο
924 3119 1099 3211 ἀλλότριον
1122 3127 1221 3204 θεοῦ,
1245 3124 1365 3210 ιδῆλον
1389 3119 1442 3190 ὅτι
1557 3143 1559 3202 z

174 3249 180 3258 ·
210 3220 265 3285 καλ
290 3215 311 3304 5
339 3221 459 3306 καρδία
487 3217 704 3309 ἀνθρώπινον
733 3224 801 3308 ἔχει
819 3223 859 3290 τὸ
881 3224 1138 3312 σημαινόμενον,
1175 3219 1358 3293 ἀκολουθεῖ
1378 3223 1439 3312 γὰρ

209 3317 282 3386 ἰτὸν
310 3320 449 3405 καρδίαν
472 3323 588 3406 έχοντα
609 3325 693 3409 ἔχειν
714 3323 771 3392 καὶ
791 3330 943 3412 γαστέρα.
981 3320 1178 3416 ἀμφοτέρων
1201 3324 1242 3414 55
1264 3321 1442 3416 ἀνθρωπί·

209 3445 276 3488 νων
299 3417 403 3489 όντων
425 3415 447 3511 ἢ
468 3419 616 3511 ἀναιρεῖν
638 3425 790 3512 έκάτερον
813 3422 944 3514 ἀνάγκη,
967 3421 1200 3518 ῦάμφοτέρων
1215 3425 1273 3516 τὴν
1290 3429 1439 3498 διάνοιαν

212 3521 319 3610 ζητεῖν
339 3522 408 3612 χρή.
447 3519 492 3604 ὥς
512 3525 574 3614 γὰρ
597 3527 632 3596 ἐκ
652 3527 790 3616 καρδίας
811 3527 917 3614 λόγος,
940 3523 1047 3608 οῦτως
1069 3529 1104 3598 έκ
1124 3529 1266 3616 γαστρὸς
1286 3535 1436 3619 γέννημα.

137 3719 141 3728 Ι
210 3622 267 3691 καὶ
295 3621 405 3713 ιῦςπερ
432 3628 571 3714 καρδίας
595 3632 681 3698 θεοῦ
703 3630 878 3718 λεγομένης
900 3625 958 3698 οῦκ
981 3625 1198 3720 ἀνθρωπίνην
1220 3635 1360 3716 νοοῦμεν
1382 3625 1439 3698 αῦ-

210 3722 279 3811 τήν,
302 3722 408 3807 οῦτως
429 3727 486 3796 ἐὰν
509 3729 543 3798 ἐκ
564 3729 706 3818 γαστρός
726 3726 746 3818 5
768 3731 879 3822 γραφὴ
901 3734 1011 3821 Ιίλέγῃ,
1035 3727 1075 3801 οά
1091 3733 1279 3822 σωματικὴν
1295 3735 1348 3802 δεῖ
1361 3733 1439 3801 τοῦ·

281 3951 308 4012 1)
331 3953 354 4002 1.
372 3953 439 4002 Ισεο.
457 3953 482 4014 5,
502 3952 542 4004 2⁰.
630 3953 656 4017 2)
680 3957 748 4008 loun.
768 3957 835 4019 1,1.
920 3956 947 4018 3)
964 3957 1031 4008 ίοοο.
1052 3958 1092 4018 ίί,
1110 3959 1136 4010 θ.
1221 3959 1248 4014 4)
1266 3958 1334 4010 loun.
1357 3957 1379 4018 1,
1399 3957 1437 4008 18.

146 4081 149 4098 Ι
211 4017 238 4077 ὅ)
256 4020 319 4069 Paul.
337 4020 371 4070 74
389 4015 443 4086 [73.
463 4017 610 4088 Lxx.]‚'11.
681 4023 707 4083 6)
726 4026 780 4074 Est.
799 4024 841 4088 66,
860 4024 884 4075 2.
953 4024 979 4082 7)
998 4025 1066 4076 Dent.
1085 4025 1110 4082 7,
1129 4024 1153 4076 8.
1222 4025 1249 4086 8)
1268 4025 1330 4076 ΡειΙ.
1341 4023 1373 4074 ’Π
1384 4021 1437 4089 [76.

210 4083 461 4222 ίῐιῐμγίοέίὶωθγ
474 4089 542 4206 ἕνα.
560 4089 594 4140 4⁵
612 4085 667 4155 [44.
685 4088 774 4158 ml,
796 4093 817 4144 1.
889 4090 929 4152 10)
947 4091 1031 4144 unuh.
1049 4093 1074 4156 ³,
1095 4093 1140 4156 1’ί;
1162 4093 1201 4154 Π,
1220 4094 1244 4150 δ.
1316 4094 1357 4156 11)
1375 4091 1437 4142 Pul.

244 4299 266 4334 a.
290 4286 347 4362 βις.
372 4297 396 4338 ει
419 4291 520 4352 Seguer.
544 4285 590 4340 καὶ
605 4284 682 4342 νιατά.
719 4294 800 4346 Ceteri
850 4291 956 4342 τοῦτον.
990 4295 1081 4357 Angue.
1091 4287 1231 4349 θεόεέστι.
1251 4290 1360 4362 καὶγὰρ
1369 4287 1437 4345 mc}

212 4351 317 4429 ςλιδιίί
337 4351 387 4432 γαί
412 4361 534 4436 ospitium.
570 4359 729 4422 ίίοκέοςίία
749 4351 800 4428 οῦγ
851 4355 901 4409 τόν
918 4350 1010 4410 αότόν.
1046 4365 1092 4414 Alii
1110 4374 1134 4416 τι
1152 4365 1209 4416 odiu
1227 4355 1287 4414 ἔστι
1303 4357 1373 4413 κατὰ
1390 4357 1438 4412 τὸν

209 4411 309 4494 ‘0¹5⁰’ss
330 4417 468 4488 αδηθυςοε.
506 4427 567 4478 lbid.
585 4429 641 4489 2ος.
658 4435 682 4478 ει
699 4428 791 4490 Seguer
875 4421 883 4440 '
910 4419 918 4439 '

209 4480 358 4562 'mmm‘
376 4483 422 4538 καὶ
459 4485 494 4556 ἀρ
512 4485 569 4544 κατ’
589 4487 674 4544 αὐτόν
692 4495 779 4544 τοῦτο·
1034 4490 1133 4559 ἥξων).
1150 4493 1267 4567 καὶγὰρ
1284 4493 1341 4550 κατ’
1355 4490 1438 4546 αῦτδν
1561 4537 1562 4556 ,

210 4549 337 4606 nemnem.
355 4550 419 4609 δεῦε
435 4505 502 4608 ἴση.
527 4556 644 4630 καὶγὰρ
661 4555 759 4614 κατάτ
1047 4559 1156 4633 τλόγοι·
1172 4561 1284 4620 έοτίιιε.
1312 4567 1438 4629 mmm.
1561 4589 1562 4596 ν
