3122 5060
479 275 486 292 ’
520 315 629 360 omnm
645 318 690 362 m.
705 298 971 365 conrnr'rarruns.
1277 306 1338 370 591

107 474 158 530 eet
166 461 186 540 ,⁸
204 451 238 528 'in
267 484 326 545 quc
349 484 400 528 res
422 473 512 546 prout
533 466 590 530 sibi
613 469 758 548 placuerit
779 468 848 530 iacit
869 478 899 530 et
919 477 1089 549 regenerat,
1125 477 1158 532 ut
1178 471 1425 550 bunstclnencru
1452 513 1459 524 -

107 569 148 632 ad
171 566 461 632 Thessalonicenses
490 567 537 630 his
566 569 666 632 verbis
695 570 814 634 scribit:
842 570 923 634 ilaec
952 581 997 633 eet
1018 577 1096 634 enim
1118 572 1260 636 culuratea
1283 574 1343 638 Dei

108 675 144 739 aie
168 669 290 732 Cbrirto
313 666 385 730 lesu
408 685 481 748 erqo
503 687 569 732 oue.
612 670 708 732 Porro
732 671 757 732 si
780 672 822 745 is,
844 672 875 733 in
898 690 958 752 qno
979 689 1029 734 res
1051 671 1132 734 Deus
1154 674 1239 748 iacit,
1261 675 1342 740 idem

109 779 175 845 eet,
198 771 230 834 in
251 787 311 848 quo
333 768 398 832 eine
421 769 557 832 voluntas
581 780 642 846 est,
666 772 693 833 ai
713 772 784 836 item
809 771 837 836 in
855 773 980 848 ,Christo
1003 771 1139 836 uoluntas
1160 775 1256 837 Patris
1279 787 1341 852 θείς

108 875 164 953 qul
185 871 249 934 lieri
272 879 382 951 potest,
405 879 437 932 nt
459 870 525 950 ipse
545 871 706 938 voluntate,
719 883 749 936 et
769 873 893 936 arbitrio
915 875 1009 936 iactus
1032 873 1095 936 siat
1138 875 1211 938 Nam
1228 879 1254 938 si
1275 877 1341 956 ipsa

110 972 275 1037 secundum
298 989 352 1034 vos
375 971 525 1038 voluntate
547 975 640 1038 lactus
664 981 720 1049 est,
744 994 868 1038 necesse
891 983 947 1048 eet,
970 984 1003 1038 ut
1024 975 1159 1038 voluntas
1182 995 1250 1038 eum
1272 997 1340 1040 cre·

110 1074 181 1136 andi
209 1073 240 1136 in
262 1072 321 1136 alio
344 1074 475 1154 quodam
496 1074 603 1147 verbo,
626 1093 681 1156 per
702 1076 782 1156 quod
806 1085 835 1156 et
857 1077 923 1158 ipae
945 1077 1013 1150 liat,
1036 1076 1243 1140 constituatur.
1288 1079 1341 1142 Si·

110 1174 232 1254 quidum
254 1175 454 1248 ostendimus,
476 1175 530 1238 Dei
552 1177 734 1260 veluntatem
756 1196 818 1240 non
840 1177 871 1242 in
892 1175 1001 1252 rebus,
1023 1196 1099 1257 quae
1119 1178 1211 1252 liunt,
1234 1180 1288 1242 sed
1310 1181 1342 1242 in

112 1276 164 1338 illo
186 1296 264 1350 esse,
286 1295 452 1357 perquem
475 1287 505 1340 et
525 1278 556 1340 iu
579 1297 640 1358 qno
660 1297 711 1340 res
725 1281 807 1342 liant
841 1279 998 1342 Praeterea
1011 1279 1251 1359 quandoquidem
1261 1281 1342 1344 idem

113 1387 172 1452 est,
194 1378 292 1442 dicere
314 1379 464 1442 voluntate
486 1379 613 1462 aliquem
634 1381 743 1446 laetum
765 1399 844 1456 esse,
868 1389 898 1444 et
918 1380 1012 1443 luisse
1027 1377 1186 1460 mmaedc'
1199 1399 1265 1444 cum
1281 1399 1343 1447 non
1364 1437 1366 1446 .

113 1488 212 1554 ceset;
239 1480 312 1544 satis
343 1479 401 1544 illis
431 1481 472 1543 sit
499 1483 662 1556 affirmare,
693 1483 788 1546 luisse
815 1481 974 1562 aliquando
1002 1499 1069 1548 urm
1097 1501 1160 1544 non
1182 1489 1279 1558 esset,
1310 1492 1345 1546 ut

111 1581 230 1662 pudore
259 1581 383 1656 suffusi,
412 1584 491 1662 quod
513 1583 684 1663 hujusmodi
707 1583 805 1646 verbis
828 1590 964 1664 tempora
984 1583 1204 1664 significentur,
1232 1583 1344 1646 intelli-

111 1691 185 1764 gaut
206 1703 256 1757 se,
285 1701 353 1754 cnm
373 1683 481 1746 Filium
502 1685 653 1748 voluntate
675 1687 784 1748 lactum
806 1705 876 1748 esse
899 1685 1015 1761 dimnt,
1044 1693 1179 1765 tempora
1208 1685 1344 1748 similitor

111 1793 182 1848 ante
204 1785 311 1849 Filium
334 1786 485 1848 exstitisse
507 1786 682 1865 significare
726 1787 781 1848 llis
803 1786 894 1861 enim,
917 1807 992 1866 quae
1013 1787 1171 1867 aliquando
1194 1805 1255 1849 non
1275 1789 1343 1850 lne-

111 1895 201 1960 runt,
224 1886 418 1976 utromnibus
439 1887 530 1950 rebus
553 1889 661 1951 creatis
684 1888 805 1950 omnino
828 1888 976 1950 antecedit
995 1887 1179 1952 deliberatio.
1217 1887 1251 1951 Si
1272 1905 1343 1952 reru

110 1986 243 2050 Verbum
266 2005 368 2052 rernm
389 1998 554 2052 creatarum
576 1999 622 2052 est
643 1989 751 2070 opifex,
774 1998 862 2069 atque
885 2007 942 2050 una
964 2008 1031 2054 cum
1052 1989 1141 2052 Patre
1161 1989 1272 2064 existit,
1293 1993 1345 2069 qul

112 2089 169 2164 illi,
191 2090 243 2170 qai
264 2089 301 2152 ab
323 2090 495 2154 aeternitate
518 2091 627 2166 existit,
650 2090 733 2171 quasi
756 2091 821 2170 ipse
843 2099 929 2154 antea
950 2109 1012 2152 non
1034 2090 1157 2165 inisset,
1179 2100 1268 2170 queat
1289 2091 1344 2154 de·

111 2189 251 2252 liberatio
280 2190 477 2256 antecedere?
527 2192 559 2254 Si
594 2193 674 2254 enim
707 2192 855 2254 antecedit
880 2191 1073 2268 deliberatio,
1109 2193 1261 2272 quomodo
1289 2209 1345 2273 per

112 2291 215 2372 ipsum
244 2293 343 2356 omnia
371 2295 446 2358 iacta
474 2291 567 2356 sunt?
610 2293 691 2368 Quin
716 2293 817 2374 potins
845 2293 910 2374 ipse
938 2312 1057 2374 quoqne
1076 2293 1168 2356 Filius
1195 2293 1274 2356 inter
1294 2311 1345 2356 res

113 2411 222 2456 omnes
244 2394 448 2458 numerandus
471 2395 543 2470 erit,
565 2404 598 2458 nt
618 2403 689 2475 pote
710 2395 862 2458 voluntate
883 2403 1074 2475 procreatus,
1096 2395 1346 2475 quemadmodum

112 2502 147 2558 et
167 2513 224 2558 noe
247 2494 343 2558 Verbo
372 2496 505 2560 veritatis
527 2497 595 2562 lacti
618 2515 723 2560 summ
745 2495 814 2572 alii,
841 2513 876 2558 ae
902 2495 1029 2576 proinde
1051 2513 1178 2558 necesse
1209 2503 1273 2571 est,
1302 2496 1347 2560 uti

70 2621 78 2636 ·
112 2595 225 2658 dictum
248 2605 312 2672 est,
340 2597 417 2660 aliud
440 2617 618 2680 quaeramus
639 2597 779 2670 verbum,
806 2615 862 2676 per
888 2597 968 2676 quod
994 2597 1075 2660 istud
1097 2614 1214 2676 quoqne
1235 2597 1278 2660 eit
1297 2597 1344 2658 la·

112 2706 195 2760 ctum
219 2707 336 2761 etcum
358 2700 514 2774 omnibus,
536 2719 612 2780 quae
634 2699 713 2761 Deus
735 2699 901 2778 producere
923 2697 1031 2772 voluit,
1052 2704 1252 2777 procreatum.

203 2801 257 2866 62.
294 2800 327 2862 Si
348 2800 439 2882 igitur
462 2809 509 2864 est
530 2801 608 2866 alind
630 2801 684 2862 liei
705 2799 838 2874 verbum,
860 2798 993 2861 concedo
1013 2798 1143 2862 Verbum
1163 2797 1256 2860 verbo
1278 2815 1346 2860 esse
1441 2830 1451 2844 ι

112 2902 236 2966 laenam.
271 2885 351 2966 arbi
366 2902 444 2966 aliud
459 2903 573 2966 nullum
595 2910 650 2974 est,
673 2901 715 2964 nti
737 2920 771 2964 se
793 2919 844 2964 res
866 2900 966 2976 babet,
988 2899 1043 2964 red
1064 2899 1162 2962 omnia
1176 2918 1232 2980 per
1246 2899 1347 2980 ipsum

112 3002 191 3065 lacta
219 3011 307 3076 enat,
330 3021 404 3084 quae
425 3005 514 3068 Pater
534 3004 599 3066 beri
621 3001 730 3078 voluit,
758 3019 796 3064 an
819 3019 884 3064 non
911 3001 982 3064 inde
1012 3001 1105 3082 liquet
1133 3001 1346 3064 multiformem
1464 3081 1469 3088 .

112 3121 188 3166 esse
208 3102 327 3168 illerum
355 3104 539 3170 versutiam?
574 3105 708 3186 Namque
730 3103 816 3166 veriti
837 3102 967 3166 Verbum
988 3102 1042 3166 bai
1069 3103 1180 3166 iactum
1202 3111 1233 3165 et
1259 3119 1346 3166 creas

113 3211 180 3268 nrm
203 3203 301 3268 dicere
319 3207 375 3288 ⁵rel
397 3225 459 3270 non
481 3207 573 3272 lumea
594 3207 769 3287 priusquam
791 3205 923 3286 genitum
947 3213 1009 3279 est,
1032 3205 1131 3286 ipsum
1153 3203 1208 3266 alie
1230 3205 1346 3268 ratione

114 3312 250 3368 creatum
272 3293 343 3370 esse
364 3316 510 3372 conentur
532 3307 709 3384 ostendere,
738 3326 805 3370 cum
826 3306 986 3370 nummu
1007 3324 1117 3370 nomen
1138 3308 1346 3398 praetendunt,

116 3417 149 3469 et
176 3407 251 3470 baec
279 3407 441 3472 distinato
468 3409 527 3484 „Si
555 3409 707 3472 uoluntate
728 3427 790 3474 nou
811 3411 922 3472 lactum
944 3417 1000 3482 eet,
1022 3426 1102 3488 erqo.
1116 3409 1296 3474 necessitate
1318 3415 1349 3472 et

116 3509 254 3585 „nolens
276 3510 357 3574 bens
379 3504 485 3574 Filium
512 3510 648 3574 nahmen
692 3509 801 3592 Ecquis
827 3511 917 3590 igitur
943 3510 1150 3572 necessitatem
1178 3508 1221 3569 illi
1246 3517 1351 3589 potest

115 3609 283 3690 imponere,
306 3631 323 3672 u
346 3612 578 3688 sceleratissimi,
600 3612 651 3692 qui
673 3613 773 3676 omnia
793 3612 831 3674 ad
852 3619 982 3674 nestram
1004 3610 1152 3674 baeresim
1173 3605 1347 3672 attrahitis?

117 3711 237 3776 Sciliret
256 3711 399 3804 xidmuat
417 3714 556 3794 quidem,
577 3713 657 3794 qnod
679 3713 821 3776 nobrntan'
841 3713 1020 3794 opponitur,
1043 3719 1074 3774 at
1095 3709 1175 3790 quod
1199 3710 1296 3774 maine
1317 3716 1434 3772 eteur.

61 3851 65 3854 -
118 3814 259 3893 superius
287 3825 348 3890 est,
376 3814 498 3878 minime
527 3813 743 3877 intellexerunt.
787 3813 826 3876 Ut
854 3815 933 3875 enim
955 3812 1099 3876 volantati
1120 3812 1284 3891 opponitur
1305 3811 1367 3884 id,-

119 4059 133 4080 ‚
152 3999 178 4052 d.
195 3991 287 4050 πάντα
305 4001 374 4052 abest
391 4017 404 4051 a
421 4001 479 4065 Req.
493 4001 516 4052 1.
534 4000 712 4063 resurrect
768 4057 779 4080 ²
797 4015 820 4062 ς.
838 4000 895 4064 eea.
904 3999 930 4078 l·
943 3999 1042 4078 Sequar.
1060 3993 1117 4075 teir
1131 3985 1244 4074 n‘l’s‘wf
1262 4003 1351 4076 qtmux

117 4081 213 4118 eneae
230 4085 244 4120 a
262 4069 361 4120 Gcbler.
379 4078 403 4120 et
421 4071 525 4121 Felelm.
546 4069 568 4120 1.
763 4071 926 4128 απωευηθεκ
942 4080 1010 4122 uror.
1045 4066 1089 4116 ltu
1101 4065 1351 4141 et'edanrnrauev·

153 4151 175 4186 e.
194 4137 235 4214 ¹Sic
252 4137 310 4200 Reg.
323 4137 345 4187 l.
364 4137 463 4201 Seguer,
483 4136 581 4216 Gobler.
592 4135 710 4214 etlJelck·
762 4149 820 4186 serr
837 4146 862 4188 et
879 4127 1042 4196 ἆποκυηθεὶε
1060 4123 1075 4182 ὃ
1091 4123 1157 4186 otor.

119 4205 249 4324 aare,
271 4205 457 4322 etitem
469 4197 713 4352 ,eterianus
797 4239 821 4287 1·-
840 4237 938 4289 n.
957 4243 980 4287 r
1122 4235 1144 4286 ¹·
1161 4225 1300 4300 rem

120 4341 176 4418 Req.
190 4340 213 4390 l.
231 4339 331 4418 Sequar.
350 4341 449 4392 Gcbler.
467 4350 491 4390 et
508 4341 613 4418 lelclm.
627 4341 650 4392 i.
669 4353 713 4390 ote
798 4355 814 4418 ι’.
832 4339 889 4416 lleq.
903 4338 924 4388 l.
943 4337 1042 4400 Sennea.
1062 4337 1161 4388 Gobler.
1177 4337 1349 4388 eiectatur.

119 4421 167 4458 m
182 4403 316 4472 βουλησει.
352 4409 379 4458 ln
389 4409 443 4459 aliie
457 4407 561 4488 et'edrtie
570 4402 619 4456 atui
634 4408 713 4498 decet.
762 4419 809 4454 και
827 4403 1352 4526 οωιξιιιηὲὀεὲιυέῐοαεοειωίὶῖἑεςὲιὶ.ωῇἰὸἒὲ

120 4476 506 4623 mettuffittlzlt
522 4475 714 4610 ttttlttt
762 4487 973 4614 ilil'nliss‘nu.
997 4487 1030 4541 ²⁴
1088 4512 1094 4525 '
