3128 5052
512 375 656 418 errorum
672 377 710 418 ιν.
726 375 764 418 nn
781 377 977 422 asserionem
1284 367 1344 432 777

87 519 144 580 in
172 523 300 602 ipsoque
322 535 378 588 est.
423 525 495 588 Nam
519 535 582 589 erat
604 544 671 588 cum
693 535 844 588 creaturae
867 545 928 588 non
944 538 1054 590 essent
1100 527 1187 603 erod
1210 533 1236 593 si
1259 549 1427 596 crea-rora.

89 631 185 686 tura
208 635 264 697 est,
288 645 355 688 cum
378 635 528 689 creaturae
551 627 612 688 sint
633 645 667 688 ex
688 645 749 688 non
773 628 951 700 extantibus,
977 629 1073 708 palam
1095 642 1142 694 est
1163 631 1255 694 luisse
1276 651 1344 696 cum

89 743 179 786 non
203 735 283 787 esset
304 727 444 802 Trinitas,
467 729 520 790 sed
543 729 685 802 dualitas3
707 747 766 808 que
789 729 859 809 quid
882 730 975 808 magis
993 730 1114 809 impium
1129 733 1196 811 quis
1212 734 1343 798 dixerit?

91 825 158 887 Ex
182 829 345 890 mutatione
368 837 398 890 et
425 829 560 908 proiectu
588 831 689 892 dicunt
716 839 854 892 constare
882 830 1075 905 Trinitatem,
1109 851 1143 894 ac
1172 825 1340 898 dualitatem
1350 854 1426 901 noca.

93 929 235 1007 quidem
258 949 335 1004 esse,
358 932 411 992 sed
436 937 607 1011 exspectare
629 939 781 992 creaturae
802 930 1040 1011 productionem,
1062 941 1095 994 ut
1117 951 1182 995 cum
1203 937 1289 997 Patre
1312 946 1343 999 et

94 1030 190 1092 Filio
213 1033 368 1111 copuletur
390 1043 420 1094 ct
440 1034 491 1096 liat
512 1033 653 1095 Trinitas.
697 1032 782 1094 dbsit
803 1040 837 1094 ut
858 1032 928 1112 quid
943 1033 1114 1096 huiusmodi
1136 1035 1181 1097 rel
1202 1036 1232 1100 in
1254 1057 1340 1102 men-

95 1141 174 1194 tem
203 1151 330 1213 unquam
355 1133 590 1196 Christianorum
621 1136 713 1197 cadat.
759 1134 1014 1207 Quemadmodum
1037 1136 1115 1197 enim
1136 1136 1245 1211 Filius,
1274 1159 1340 1203 cnm

99 1253 234 1315 semper
256 1237 304 1308 sit,
328 1255 389 1298 non
412 1247 458 1298 est
479 1245 629 1310 creatura3
653 1236 696 1297 sio
718 1236 859 1315 quoniam
884 1253 1002 1316 sempor
1024 1245 1071 1298 est
1092 1237 1232 1312 Trinitas,
1255 1240 1286 1300 in
1306 1259 1340 1303 ea

99 1337 192 1398 nulla
215 1345 263 1397 est
284 1347 428 1412 creatura,
452 1347 539 1418 atque
561 1339 635 1400 adeo
658 1356 718 1399 nou
742 1345 789 1400 est
811 1346 945 1400 creatura
967 1337 1106 1418 Spiritus.
1150 1339 1234 1401 Siout
1261 1341 1340 1402 enim

100 1455 232 1517 semper
253 1438 317 1513 luit,
340 1439 380 1500 ita
403 1447 433 1501 et
453 1457 532 1500 nunc
555 1449 611 1512 est,
634 1447 664 1500 et
685 1439 863 1501 sicut‘nnnc
884 1447 941 1512 est,
965 1440 1004 1500 ita
1027 1454 1147 1519 semper
1160 1441 1217 1502 luit
1237 1451 1340 1522 eatque

101 1539 242 1601 Trinitas
272 1551 301 1602 ot
329 1541 359 1602 in
382 1541 447 1621 ipsa
469 1542 572 1614 Pater,
606 1541 699 1602 Filius
728 1549 758 1603 et
790 1541 919 1620 Spiritus
947 1549 1078 1602 sanctus.
1121 1541 1160 1603 Et
1186 1561 1263 1604 unus
1292 1553 1340 1606 cst
1392 1615 1397 1622 ,

102 1640 191 1703 Deus
214 1631 310 1716 Pater]
334 1643 384 1722 qui
406 1651 451 1704 est
473 1661 565 1724 snper
587 1643 685 1704 omnia
708 1651 738 1703 et
759 1661 813 1722 per
828 1642 933 1704 omnia
956 1649 986 1703 et
1008 1642 1037 1703 in
1054 1642 1203 1717 omnibus,
1225 1645 1276 1724 qul
1291 1655 1339 1708 est

100 1743 284 1806 benedictus
306 1743 336 1805 in
360 1746 485 1807 saecula.
529 1746 632 1806 Amen.
677 1746 739 1824 ligo
763 1745 892 1824 quidem,
914 1752 948 1804 ut
963 1744 1145 1822 significasti,
1166 1745 1239 1806 haec
1260 1765 1337 1826 pau·

102 1844 152 1906 cis
176 1847 343 1926 conscripta
366 1847 401 1908 ad
424 1856 453 1909 te
476 1847 554 1909 misi.
599 1848 644 1908 Tu
668 1863 739 1908 vero
762 1846 895 1925 prudens
918 1863 985 1906 curm
1006 1845 1067 1918 sis,
1095 1845 1122 1906 si
1144 1845 1214 1924 qnid
1236 1846 1266 1907 in
1289 1847 1336 1908 lris

103 1945 220 2019 deerit,
249 1947 281 2010 id
308 1967 420 2027 quaeso
443 1949 580 2028 suppleas
604 1957 634 2010 et
656 1947 827 2010 domesticis
850 1947 916 2008 lidei
939 1945 1037 2024 legam
1066 1963 1120 2008 eos
1142 1954 1256 2020 autem,
1285 1949 1336 2027 qui

102 2065 164 2128 per
185 2050 404 2112 contentionem
426 2049 642 2129 blasphemant,
668 2049 849 2128 redarguito.
895 2049 1036 2110 Fortasse
1059 2045 1103 2108 vel
1125 2065 1195 2108 sero
1217 2049 1334 2110 tandem

102 2150 322 2230 resipiscentes
350 2162 418 2213 ante
446 2152 568 2213 insitum
597 2169 730 2213 errorem
759 2149 929 2229 abstergent
955 2147 991 2210 ab
1020 2147 1116 2208 anima
1145 2165 1209 2209 sua.
1253 2149 1277 2210 E
1302 2167 1335 2212 re

104 2251 187 2311 enim
210 2251 299 2313 luerit
321 2269 440 2325 eorum,
474 2260 507 2315 ut
528 2253 671 2333 scripturn
694 2261 755 2325 est,
778 2251 896 2314 r'esilire
918 2267 973 2311 nec
995 2249 1274 2328 comperendinare,
1298 2271 1335 2314 ne

105 2354 133 2413 si
157 2362 359 2432 permaneant,
382 2353 501 2416 audiant
522 2355 601 2434 qnod
624 2355 733 2416 dictum
757 2361 803 2414 est
820 2371 836 2412 a
852 2351 995 2412 Domino:
1021 2351 1206 2429 Quicumque
1221 2351 1334 2430 decerit

107 2455 231 2516 verdum
253 2467 362 2518 contro
384 2453 532 2535 Spiritum
555 2467 703 2525 anacteam,
727 2471 789 2515 aon
811 2457 984 2524 remittetur
999 2455 1133 2532 er’nepua
1147 2453 1182 2511 ira
1195 2450 1250 2512 doc
1264 2469 1333 2513 soa—
1414 2457 1420 2465 '

109 2554 178 2617 culo
201 2575 293 2638 aeque
313 2559 346 2618 in
368 2557 488 2636 futuro.

509 2739 518 2772 Ι

416 2908 563 2968 lilUSlllill
587 2907 629 2966 nu
652 2905 789 2964 nunnmt
813 2899 1025 2962 sultsrlodntt

624 3020 811 3074 EPlSTOM

552 3127 609 3175 item
619 3125 658 3174 ·de
680 3130 764 3174 sancto
782 3121 882 3186 Spiritu.

189 3251 230 3329 1.'
261 3261 333 3344 Legi
355 3260 518 3342 Epistolam
540 3277 557 3320 a
579 3265 630 3321 tua
651 3257 760 3338 pietate
783 3253 873 3316 modo
895 3253 1051 3332 scriptam,
1082 3252 1330 3334 vehementerque

104 3367 264 3429 admiratus
286 3363 502 3427 haereticorum
525 3358 737 3439 impudentiam
760 3355 951 3419 animadverti
972 3354 1046 3418 nilril
1061 3371 1154 3434 aeque
1173 3353 1231 3416 illis
1254 3373 1328 3417 con-

103 3468 202 3528 venire
225 3484 259 3528 ac
279 3463 413 3545 Apostoli
435 3469 640 3542 praeceptum:
662 3455 855 3523 Haereticam
878 3457 1024 3520 dondcem
1041 3465 1115 3536 post
1128 3473 1221 3518 uriom
1237 3465 1265 3518 at
1280 3473 1329 3516 se-

107 3571 230 3630 condum
253 3569 473 3647 correptionem
494 3565 612 3634 devito,
635 3566 733 3624 aciens
754 3565 826 3642 quic
847 3559 1012 3620 subversus
1034 3569 1089 3626 est,
1112 3559 1165 3636 qua·
1184 3556 1332 3617 riumodi

106 3679 161 3740 est,
190 3679 219 3730 at
248 3667 407 3748 delinquit,
442 3683 507 3727 cum
535 3667 576 3726 sit
600 3666 731 3743 proprio
753 3662 863 3722 audicio
887 3658 1109 3720 condemnetur.
1152 3655 1327 3715 Perversam

106 3769 181 3830 enim
203 3775 333 3830 mentem
355 3785 420 3828 cnm
442 3764 564 3837 habeat,
592 3780 653 3823 non
675 3761 744 3822 ideo
767 3759 948 3832 sciscitatur,
977 3764 1010 3818 ut
1031 3773 1097 3816 cnm
1119 3753 1246 3816 audierit
1268 3752 1325 3814 ob·

106 3877 261 3950 temperet,
290 3886 386 3947 nequa
408 3875 440 3929 ut
462 3884 527 3928 cum
551 3863 688 3926 didicerit
708 3859 882 3940 resipiscat,
912 3858 965 3920 sed
988 3875 1090 3918 eorum
1112 3873 1218 3928 cansa,
1251 3871 1326 3932 quos

104 3971 166 4050 ipso
187 3969 312 4049 decepit,
335 3986 372 4029 ne
395 3967 527 4039 scilicet,
551 3966 578 4026 si
601 3971 704 4036 taceat,
727 3962 764 4023 ab
787 3960 863 4040 ipsis
886 3977 1004 4040 quoquc
1026 3957 1191 4018 damnetur.
1234 3953 1327 4014 Erant
1384 3982 1387 3996 ·

105 4069 370 4152 sanequaeprius
394 4069 561 4132 dictasunt
584 4065 674 4138 satis,
703 4061 889 4126 sufficiebant
918 4061 966 4121 illa
993 4065 1038 4120 tot
1065 4063 1202 4134 tantaque
1235 4071 1325 4132 argu-

105 4179 196 4234 menta
219 4171 274 4233 sibi
297 4170 443 4252 opposita,
467 4176 500 4229 ut
521 4168 610 4229 finem
633 4167 763 4227 lacerent
788 4159 1012 4242 blasphemandi
1034 4158 1065 4220 in
1087 4154 1230 4236 Spiritum
1253 4172 1324 4226 san·

136 4406 153 4440 c.
170 4391 269 4442 Gobler.
287 4399 311 4439 ot
329 4389 436 4438 Telclm.
453 4386 474 4435 l.
492 4377 612 4454 γράψας.
660 4443 662 4448 ¹
770 4382 785 4431 l.
806 4382 832 4430 ln
848 4379 917 4429 titnlo
936 4377 992 4438 ¹⁸08·
1012 4383 1036 4426 et
1052 4378 1124 4438 sagn.
1144 4367 1323 4439 Σαραπίωνα.

129 4458 155 4506 n.
172 4457 212 4506 Sic
231 4457 285 4536 llcp¹
303 4457 403 4518 Seguer.
422 4451 492 4503 Gobl.
508 4461 531 4503 et
544 4453 646 4504 Felclm.
661 4452 683 4502 l.
738 4448 829 4498 llrldern
848 4439 951 4511 ὁμοίως·
969 4444 1037 4494 abest
1054 4459 1068 4494 a
1085 4441 1158 4492 Baril.
1297 4499 1306 4517 Ι

105 4523 159 4574 liliti
176 4539 232 4573 tero
251 4521 350 4572 αυτῶν.
770 4531 794 4578 g.
812 4515 853 4566 Sic
870 4515 926 4574 lter.
945 4519 969 4564 et
980 4512 1062 4573 norit,
1080 4510 1121 4561 sed
1141 4511 1165 4560 iu
1183 4509 1252 4560 editis
1269 4517 1323 4572 γαρ

136 4605 154 4640 c.
171 4585 260 4656 scorp
279 4591 347 4641 deest
365 4591 390 4640 in
408 4587 480 4638 llasil.
736 4586 812 4636 deest.
