3098 5040
479 353 625 396 nrrsrom
640 353 677 395 sn
692 351 871 396 restratus.
993 417 995 424 y
1220 338 1281 402 859
1316 371 1318 376 ·

61 515 105 567 tor
135 505 190 580 sit,
222 521 323 566 rerum
357 511 521 566 creatarum
550 504 618 565 luit·
633 503 748 584 opifex,
782 503 850 566 ideo
874 503 904 565 in
928 503 987 564 line
1009 483 1195 566 saeculorum
1217 523 1365 568 remeare.

60 619 179 670 cresum
203 605 315 692 induit,
339 593 372 668 ut
393 624 457 668 eam
482 615 619 684 tanquam
642 613 759 667 creator
780 606 941 668 resarciret
963 615 993 666 et
1016 615 1176 685 repararet.
1220 607 1281 668 Neo
1323 658 1333 680 ,

61 710 133 770 enim
154 727 205 770 res
227 689 324 769 creata
346 725 411 768 rem
434 717 561 769 creatam
584 716 691 788 posset
707 707 816 768 salvam
832 709 940 776 lacere,
962 707 1210 786 quemadmodum
1227 727 1281 770 noo

59 829 105 872 res
126 818 239 871 creatae
261 827 277 870 a
299 827 333 870 re
354 816 454 870 creata
475 809 651 888 potuissent
673 809 778 882 creari,
802 808 860 872 nisi
875 809 1003 870 Verbum
1026 817 1144 870 creator
1165 810 1281 874 luisset

59 913 195 974 Desinant
223 911 314 990 igitur
341 911 482 990 deinceps
504 911 673 991 Scripturas
702 911 817 973 divinas
845 910 920 972 lalse
950 910 1156 989 interpretari,
1187 930 1282 991 neque
1351 956 1358 969 .

60 1013 115 1074 sint
136 1012 274 1076 seandalo
297 1011 528 1091 simplicioribus
551 1014 694 1086 fratrum3
725 1013 779 1075 sed
802 1013 829 1073 si
851 1012 970 1092 quidem
993 1011 1083 1072 velint
1105 1013 1282 1074 sententiam

59 1124 168 1176 muoeot
188 1105 225 1175 et'
239 1113 308 1193 ipsi,
331 1112 466 1176 neniam
489 1114 581 1176 rebus
604 1115 712 1176 creatis
735 1114 835 1193 potius
857 1132 945 1194 quarn
960 1113 1023 1174 lieo
1047 1111 1179 1174 omnium
1196 1131 1281 1174 creo-

60 1217 112 1277 tori
134 1215 272 1280 serviant.
318 1215 370 1277 Sin
393 1235 465 1278 vero
488 1216 518 1277 in
542 1235 596 1278 sua
618 1232 812 1296 perseverare
834 1216 986 1295 impietate
1001 1215 1123 1288 malunt,
1147 1234 1180 1277 se
1196 1215 1280 1276 solos

59 1337 90 1380 ea
110 1317 188 1380 inlisi
209 1317 283 1379 salis
305 1317 448 1390 babeant,
477 1317 677 1397 dentibusque
700 1335 761 1379 non
785 1335 873 1380 secus
894 1336 929 1379 ac
950 1317 1084 1396 ipsorum
1105 1316 1193 1378 Pater
1213 1316 1279 1378 dia-

58 1419 139 1482 bolus
159 1417 314 1492 strideant,
336 1420 454 1499 quando
477 1420 596 1499 quidem
620 1419 694 1482 fides
717 1419 884 1482 Catholicae
905 1418 1054 1482 Ecclesiae
1076 1419 1129 1480 uei
1151 1419 1281 1482 Verbum
1347 1443 1354 1454 ·

58 1539 151 1583 rernm
180 1521 313 1583 omnium
336 1529 501 1584 creatorem
523 1530 554 1582 et
575 1521 710 1601 opificem
736 1539 806 1584 esse
827 1521 977 1600 agnoscit,
1006 1521 1178 1599 scimusque
1199 1520 1280 1614 qued

57 1626 87 1684 in
104 1627 264 1704 principio
281 1634 349 1686 erat
372 1623 499 1686 Verbum
522 1633 550 1685 et
574 1622 702 1686 Verbum
727 1634 796 1685 eret
826 1624 908 1703 opud
930 1622 1042 1708 Deum,
1077 1622 1176 1702 ipsum
1209 1621 1280 1684 item

56 1732 174 1802 propter
200 1731 335 1786 nosbam
364 1723 488 1786 salutem
512 1725 619 1786 lactum
641 1725 801 1787 adoramus
824 1723 999 1794 bominem„
1021 1741 1082 1784 non
1105 1721 1224 1802 quidem
1247 1731 1280 1784 ut

59 1825 173 1904 aequale
194 1825 224 1888 in
247 1825 360 1905 aequali
383 1827 490 1889 lactum
512 1844 649 1906 corpore,
675 1825 784 1888 sedut
805 1826 975 1896 Dominum,
999 1825 1049 1904 qui
1071 1825 1149 1886 servi
1168 1823 1281 1914 accepit
1340 1855 1347 1869 ν

58 1926 193 1999 formam,
216 1945 333 1988 necnon
355 1937 388 1988 ut
410 1927 546 2008 opificem
569 1931 804 2000 mercatorem,
836 1928 886 2008 qui
908 1928 940 1988 in
962 1946 1002 1988 ren
1017 1934 1115 1988 creata
1136 1926 1201 1988 lieri
1224 1943 1279 1990 va·

58 2027 119 2100 luit,
140 2037 172 2092 ut
191 2029 291 2090 omnia
313 2028 345 2090 in
366 2029 431 2109 ipsa
453 2029 585 2092 liberans
608 2031 752 2092 mundum
775 2029 898 2092 odorent
911 2025 991 2090 Patri
1014 2035 1177 2106 cunctaque
1196 2025 1279 2105 paci-

57 2131 162 2198 ficaret.
183 2131 248 2193 sive
270 2127 346 2211 quae
368 2131 398 2192 in
421 2132 509 2194 caelis
533 2132 596 2194 sive
618 2149 694 2212 quae
716 2131 746 2192 in
771 2131 859 2192 torris
883 2138 962 2192 suut.
1007 2129 1057 2190 Sic
1078 2127 1157 2190 euim
1180 2117 1279 2206 etpa'-

57 2243 164 2296 umam
186 2233 252 2296 eins
274 2233 463 2312 agnoscimus
485 2233 667 2296 divinitatem
690 2242 720 2296 et
741 2232 938 2312 praesentiam
965 2247 1141 2309 corpoream
1169 2229 1279 2290 edora-

58 2353 128 2406 mus,
152 2335 375 2414 disrumpantur
397 2335 465 2398 licet
478 2334 589 2396 Ariani.
634 2335 734 2396 Saluta
757 2353 871 2407 omnes,
895 2332 945 2412 qni
960 2331 1119 2394 Dominum
1142 2341 1356 2392 nostrumnon

57 2435 148 2499 lesum
171 2436 323 2499 Christum
351 2436 485 2516 diligunt.
512 2437 634 2509 ‚Valere
664 2445 693 2496 te
722 2445 752 2496 et
773 2452 936 2496 memorem
959 2432 1055 2494 nostri
1078 2431 1155 2511 apud
1177 2429 1279 2492 Domi·

57 2555 122 2598 unm
144 2557 215 2601 esse
235 2555 410 2618 precamur,
439 2539 593 2600 carissime
621 2547 750 2616 vereque
772 2535 970 2615 optatissime.
1017 2533 1097 2596 Haec
1118 2532 1223 2604 etiem,
1254 2530 1281 2591 si
1319 2550 1321 2557 ·

59 2657 128 2718 opus
150 2640 252 2714 luerit,
273 2639 414 2702 Hierocae
434 2639 611 2721 presbytero
633 2637 751 2700 recitari
774 2637 920 2716 cupimus.

57 3025 107 3078 ²⁰⁹·
143 3031 220 3082 Iidem
239 3045 294 3080 mai
312 3027 516 3088 accettemrtc
532 3021 642 3075 nudula·
693 3019 779 3090 ἱέρακι
796 3023 959 3076 scribendum.
996 3017 1296 3071 llicenimilleestllie·,

56 3096 105 3156 eds·
141 3099 187 3149 dlii
206 3107 231 3148 et
249 3099 306 3148 editi
324 3097 411 3147 babent
429 3094 477 3168 ξῆς
493 3087 621 3142 καθόλου.
692 3109 747 3152 rar,
771 3108 842 3157 quern
861 3091 940 3141 Ariani
968 3105 1012 3139 nun
1039 3103 1091 3138 earm
1116 3087 1233 3150 ldelpliin
1258 3093 1280 3134 et

693 3162 775 3212 multis
793 3161 848 3210 eliis
868 3161 891 3209 iu
902 3158 998 3208 exilium
1009 3157 1171 3221 proiecerunt,
1190 3163 1214 3204 ut
1225 3168 1281 3202 nar·

692 3238 729 3280 rat
746 3231 859 3278 tutanos.
878 3228 937 3277 lliet.
956 3227 986 3276 ed
1006 3225 1137 3274 Mouscbos
1154 3237 1209 3288 pag.
1221 3221 1279 3272 387.

692 3312 756 3346 nom.
768 3295 809 3346 tt.
829 3304 851 3345 et
869 3296 984 3359 Apologia
1004 3294 1033 3343 de
1052 3293 1107 3354 boffa
1119 3307 1168 3361 ,sna
1188 3307 1212 3355 p.
1223 3287 1281 3340 324.

692 3363 795 3414 nnm'l.
988 3365 992 3374 '

87 3199 109 3248 d.
127 3199 192 3251 llaec
215 3199 246 3250 ad
264 3201 335 3249 doeio
355 3199 442 3248 desunt
459 3197 481 3245 in
501 3195 640 3258 anglicano.

58 3265 142 3317 ibidem
161 3268 261 3330 sepner.
282 3259 373 3334 ῖερακῇ
391 3262 550 3320 hebetudini
571 3253 640 3326 ἱερα-

55 3333 99 3398 ῑῷ,
118 3337 217 3388 Gubler.
236 3345 261 3386 et
278 3335 382 3386 ldckm
396 3334 417 3383 1.
437 3323 539 3399 ἱέρακα.
570 3332 640 3380 leste

1524 1723 1526 1778 l

1524 1781 1526 1850 l

1525 1959 1526 1994 l

1524 2027 1526 2076 l

1525 2077 1526 2134 l
