3110 5064
290 1484 333 1574 e.
366 1481 653 1574 ssflnousss
688 1417 1091 1576 uucflsoosscoos

492 1671 720 1776 EXPOSITIO
745 1671 871 1746 FIDEI.

531 1917 840 1930 ’'Q-m

484 2127 880 2191 ADMONITIO.

161 2312 240 2398 Coos
261 2333 412 2394 incertum
433 2335 474 2394 ss'i
497 2342 621 2412 ternpus,
643 2349 702 2413 quo
724 2343 892 2413 sequentem
912 2332 986 2412 fidei
998 2305 1215 2410 expositionem
1232 2329 1296 2390 edi·
1316 2328 1381 2374 ¹³³⁷·

87 2428 151 2490 ierit
171 2431 202 2493 S.
225 2431 431 2504 Athanasius,
462 2451 527 2495 eom
548 2439 668 2514 aptiore
693 2433 756 2496 ioco
779 2451 843 2496 nan
861 2445 1006 2513 putamus
1025 2451 1116 2514 posse
1141 2433 1295 2504 collocari,

87 2549 158 2608 puoso
183 2537 213 2594 ies
243 2535 351 2612 [rante
373 2551 513 2613 operum,
543 2553 617 2616 puae
639 2533 673 2596 S.
695 2535 813 2598 Doctae
835 2535 983 2597 adversus
1007 2536 1138 2598 Arianos
1161 2537 1298 2596 conscri-

84 2635 144 2706 psit.
182 2633 267 2697 Haec
287 2635 388 2696 autent
411 2634 538 2714 duplicis
561 2646 634 2697 sunt
656 2639 793 2715 poneris:
815 2639 848 2696 in
870 2636 942 2696 aliis
964 2639 1043 2696 enim
1064 2637 1152 2714 fidens
1169 2634 1297 2696 nenote-

85 2747 139 2792 wm
163 2737 311 2800 assessus
334 2736 480 2798 Ace'anaen
507 2742 689 2818 respectarem
711 2747 835 2800 strenue
854 2748 1031 2816 propnpnat
1054 2740 1185 2796 invictus
1212 2733 1299 2794 Veros·

86 2829 226 2910 himas:
257 2841 292 2898 in
320 2837 390 2899 oiiie
418 2855 490 2900 vero
518 2843 623 2901 aare'oe
651 2843 906 2918 provissisnosqne
928 2845 1064 2899 recenset
1086 2851 1191 2905 casus,
1223 2820 1298 2912 quos

86 2937 138 3010 ipse
155 2956 209 3017 pso
232 2940 366 3002 nussam
387 2939 462 3019 fidei
481 2941 656 3019 defensione
678 2941 802 3002 Arianis
825 2923 1001 3002 auctoribus
1026 2946 1201 3000 constanter
1220 2953 1297 3014 pes·

86 3035 159 3110 tulin
187 3059 222 3102 oc
247 3041 381 3120 proinde
407 3040 495 3102 ualde
525 3052 759 3104 consectaneum
780 3041 916 3111 as'sietur,
946 3039 1031 3100 illane
1052 3040 1139 3118 fidem
1160 3042 1296 3118 priosum

85 3143 188 3215 repon,
207 3159 269 3220 pro
295 3141 564 3204 ceramussense
585 3145 769 3222 perfunctus
786 3153 830 3204 eet
845 3141 1010 3212 laboribus,
1034 3159 1108 3220 quos
1124 3141 1188 3218 ipse
1203 3153 1296 3200 enor-

86 3249 137 3308 ros,
165 3251 191 3302 st
213 3241 368 3321 pleraque.
391 3261 465 3322 qnae
494 3243 631 3324 deinceps
661 3255 831 3324 sequnntur
863 3261 956 3323 opera
988 3244 1164 3322 composuit.
1215 3239 1296 3310 Quid

86 3333 142 3400 isoes
163 3347 311 3422 copositio
336 3347 503 3414 contineat,
526 3349 592 3424 ipso
614 3347 697 3407 docet
719 3345 845 3408 titulus:
874 3363 980 3423 ssesnpe
1001 3345 1102 3406 breuis
1125 3352 1170 3403 cst
1192 3339 1294 3420 expli·

86 3445 151 3502 sotio
169 3442 242 3522 fidei
259 3442 424 3506 nsnotteoe
446 3443 595 3508 aduersus
617 3447 759 3516 Arianae,
782 3465 871 3528 quon
893 3448 1008 3527 quidem
1031 3443 1193 3506 Facundus
1214 3441 1295 3504 Her-

85 3543 231 3606 oenones
255 3542 307 3608 ito.
325 3543 378 3606 ΧΙ.
399 3564 460 3625 pro
484 3547 660 3626 defensivus
682 3553 777 3610 trium
801 3548 923 3628 enpitni.
942 3565 965 3609 c.
981 3551 1012 3610 2.
1051 3546 1188 3626 Syneon·
1200 3561 1296 3623 capo·-

86 3643 207 3706 sirionem
227 3645 374 3726 appellat,
397 3665 474 3728 pesae
493 3649 578 3727 sorte
602 3661 674 3711 tunc
695 3651 757 3728 suit
781 3651 870 3712 Ausees
887 3654 989 3730 operis
1005 3653 1174 3726 inscriptio.
1212 3645 1296 3718 Quin

85 3741 108 3800 is
126 3761 209 3810 cesus
230 3750 271 3810 sit
288 3747 320 3808 S.
338 3749 498 3810 Athanasii
517 3749 609 3828 setus,
632 3750 720 3812 nulio
743 3770 816 3814 saue
838 3763 884 3813 est
907 3751 1065 3814 dubitandi
1079 3755 1177 3818 rotio;
1201 3765 1296 3826 neque

86 3855 167 3916 pereo
189 3849 218 3909 isi
236 3851 375 3928 proboso
395 3849 460 3914 uilo
482 3853 570 3914 uoao
595 3871 671 3932 opere
692 3851 805 3930 suerit,
833 3855 977 3932 siqseieiene
999 3857 1063 3932 ipse
1085 3851 1203 3928 stylus,
1226 3851 1295 3928 ipso

86 3939 208 4010 doctrine
227 3969 371 4029 enopnuns
386 3952 587 4014 Athanasium
609 3957 684 4016 sotis
703 3972 763 4034 per
785 3973 816 4015 ee
838 3957 960 4017 s‘ssis'cot.
1007 3953 1067 4014 Nec
1089 3955 1168 4012 enias
1190 3965 1230 4008 ec
1250 3965 1295 4018 eo,

85 4047 150 4119 teti
168 4048 213 4112 aio
234 4061 354 4115 tantum
377 4053 539 4119 iumanass
562 4054 678 4117 Cisristi
697 4067 841 4116 natsssoos
863 4054 1043 4116 dominicum
1066 4049 1216 4112 hausissem
1239 4067 1295 4130 op-

85 4144 164 4218 peiiat
184 4149 215 4210 S.
237 4151 349 4225 Pater,
380 4154 458 4216 nanc
479 4161 697 4239 expositionem
720 4161 783 4219 eius
805 4177 867 4220 non
890 4177 954 4220 esse
977 4146 1045 4214 tica
1067 4155 1231 4230 eseepicari.
1260 4161 1297 4212 ut

86 4247 226 4316 nonnullis
249 4257 366 4335 pstr‘dens
388 4259 486 4321 uisum
509 4259 568 4322 esi:
593 4264 664 4339 quin
683 4263 786 4338 potius
810 4261 885 4320 s'siesn
902 4257 1092 4318 cosstrorinen
1109 4253 1296 4316 aaic'dissime

83 4349 188 4422 erosas,
212 4373 279 4416 eunt
299 4369 414 4420 veteres
438 4360 556 4440 put'dans
579 4365 746 4440 scriptores
770 4361 841 4421 iaec
864 4363 932 4438 ipso
954 4356 1049 4418 acrba
1069 4373 1138 4418 aere
1153 4353 1186 4416 S.
1200 4353 1294 4415 Atiso-

87 4453 156 4510 saeii
174 4471 235 4518 esse
255 4469 359 4538 aperte
382 4469 542 4532 testentur,
564 4472 600 4524 ut
618 4466 726 4542 passeis
748 4461 869 4536 referre
893 4463 1149 4539 operaepretium
1165 4455 1296 4518 otietur·
1411 4521 1414 4524 .

88 4543 200 4629 flifimss
222 4560 359 4641 spobpio
376 4581 438 4643 pro
464 4563 597 4643 Oripene,
615 4567 697 4662 enter
720 4580 813 4641 opero
827 4559 861 4624 S.
878 4559 1058 4641 Hieronymi
1078 4561 1218 4627 editionis
1234 4553 1296 4614 Po-

117 4653 230 4706 noussen
241 4673 293 4710 oss.
303 4675 373 4722 soon.
385 4679 434 4711 ses.
816 4684 822 4693 '
1077 4661 1088 4708 ¹
