3158 5050
431 313 436 320 ’
519 339 660 383 eeisroca
675 339 696 382 1.
713 341 748 382 eo
765 341 958 385 susurrones.
1102 336 1105 347 ¹
1288 325 1348 392 685

116 490 282 570 nostrique
303 489 516 564 initiationem,
549 490 580 552 in
608 509 664 570 qua
693 492 805 553 scilicet
831 509 888 553 nos
918 493 975 553 sihi
1003 493 1060 572 ipsi
1090 501 1120 554 et
1140 513 1194 572 per
1217 495 1434 575 seipsumruo.

120 593 206 654 Patri
228 591 390 664 coniunxit,
415 592 453 652 in.
468 592 573 653 eodem
596 593 917 674 complensdiscipulis
937 595 1011 656 hoec
1030 595 1243 674 praecipiebat:
1266 594 1351 658 Bure-
1403 641 1408 652 .

122 707 171 758 tes
193 697 292 758 docete
315 711 415 756 omnes
438 705 559 772 pentes·
576 696 765 774 baptizantes
789 713 838 758 eos
855 700 893 756 in
915 700 1035 759 nomine
1056 696 1158 758 Patris
1182 709 1211 758 et
1232 696 1304 758 Filii
1324 709 1352 759 et
1403 759 1404 770 ,

121 796 262 878 Spiritus
285 800 393 858 sancti.
438 795 595 858 Praeterea
618 815 683 858 cum
707 815 740 858 se
755 795 813 858 illis
829 816 896 860 eum
912 798 1072 858 missurum
1087 797 1235 877 promisit,
1255 815 1350 878 prae-

123 903 204 980 cepit
224 899 261 959 ab
284 896 477 976 ierosolymis
499 917 536 960 ne
559 900 753 970 discederent,
776 917 811 960 sc
831 899 933 978 paucis
955 899 1059 960 diebus
1082 898 1260 970 interiectis,
1284 911 1350 962 cum

122 1001 326 1081 compleretur
348 1000 410 1060 lies
433 998 634 1072 Pentecostes,
664 1011 753 1063 erant
776 1019 877 1074 omnes
897 1005 1019 1081 puriter
1040 1006 1071 1062 in
1094 1003 1193 1063 eodem
1217 1001 1298 1078 loce,·
1321 1011 1350 1064 et

119 1103 227 1182 sactus
250 1111 293 1163 est
315 1110 438 1182 repente
461 1101 495 1163 de
518 1101 717 1164 coelotenus
740 1113 883 1182 tanquam
904 1105 1090 1165 advenientis
1109 1106 1238 1183 spiritus
1261 1101 1349 1164 vehe-

120 1207 242 1274 mentis,
265 1214 293 1266 et
315 1202 443 1282 repleuit
465 1211 559 1264 totam
581 1203 709 1275 domum,
731 1205 786 1266 ubi
805 1217 896 1267 erant
909 1206 1061 1276 sedentem
1086 1215 1114 1266 et
1135 1213 1350 1284 apparuerunt

121 1305 188 1378 illis
219 1305 394 1385 dispertitae
426 1303 544 1382 liupuae
571 1315 713 1386 tanquam
733 1309 826 1386 e'pm's,
860 1307 1060 1388 sederuntque
1088 1323 1185 1385 supra
1213 1304 1348 1385 stropulos

123 1425 245 1478 eorum;
269 1416 299 1468 et
320 1405 432 1484 repleti
452 1417 524 1468 stant
547 1425 647 1468 omnes
670 1405 791 1487 Spiritu
810 1389 929 1482 senato,
953 1417 982 1470 et
1005 1417 1169 1488 coeperunt
1192 1405 1274 1488 loqui
1293 1419 1351 1468 va-·

121 1513 181 1570 riis
203 1507 328 1586 linquis,
354 1517 452 1587 prout
474 1506 610 1586 Spiritus
633 1518 756 1571 sanctus
787 1509 877 1570 dabat
905 1508 1006 1590 eloqui
1031 1509 1104 1570 iilis.
1148 1507 1223 1569 Hine
1243 1516 1348 1588 postes

121 1609 315 1690 impositione
337 1627 477 1670 manuum
498 1609 710 1688 Apostolorum
732 1609 862 1690 Spiritus
891 1620 1011 1672 sanctus
1040 1609 1264 1672 renascentibus
1293 1611 1347 1670 do-

120 1711 218 1773 batur.
264 1710 389 1784 Quidam
412 1710 537 1790 insuper
553 1711 669 1790 Agabus
693 1711 722 1772 in
746 1713 850 1774 eodem
874 1712 1045 1774 vaticinatus
1068 1721 1124 1786 est,
1147 1711 1244 1772 aiens:
1267 1710 1348 1773 Hace

121 1817 196 1879 dicit
217 1812 352 1894 Spiritus
375 1824 509 1874 sanctus.
553 1812 591 1874 Et
612 1813 737 1875 Paulus:
771 1813 809 1876 ln
831 1831 887 1896 quo
910 1833 963 1877 eos
980 1815 1120 1894 ‚Spiritus
1143 1822 1268 1875 sanetus
1286 1831 1347 1894 po-

120 1921 185 1978 suit
205 1919 375 1996 episcopos,
399 1933 504 1994 repere
526 1911 689 1976 Ecclesiam
709 1915 781 1987 Dei,
816 1934 904 1996 quom
931 1919 1090 1997 acquisivit
1113 1918 1245 1995 proprio
1274 1933 1347 1976 son-

120 2021 220 2098 puine.
282 2017 319 2078 Et
352 2015 495 2076 Eunucho
528 2016 675 2097 baptizato
709 2016 845 2098 Spiritus
873 2017 998 2080 Domini
1028 2021 1134 2097 rapuit
1164 2015 1345 2096 Philippum.

120 2119 247 2200 Scripsit
268 2135 385 2197 quoque
408 2116 529 2178 Petrus:
559 2117 761 2199 deportantes
789 2120 881 2200 linem
908 2119 981 2200 fidei
1009 2117 1136 2180 salutem
1164 2121 1345 2180 animarum.

120 2221 167 2283 De
188 2240 246 2302 pua
269 2219 368 2282 solute
390 2223 599 2301 exquisierunt
620 2231 710 2302 etque
731 2226 864 2283 scrutati
884 2231 958 2282 sunt
978 2219 1155 2301 Prophetae,
1178 2224 1231 2301 qui
1244 2221 1279 2281 de
1292 2221 1347 2299 su-

120 2334 194 2385 tura
217 2327 248 2384 ia
270 2321 355 2387 vobis
382 2325 483 2400 pratia
502 2321 780 2401 prophetaverunt,
814 2333 987 2385 scrutantes
1016 2325 1049 2382 in
1078 2323 1157 2401 quod
1183 2320 1232 2383 vel
1259 2319 1347 2402 quale

122 2435 238 2504 tempus
261 2422 489 2503 sipnificoretur
510 2425 543 2482 iu
565 2426 607 2484 eis
631 2421 765 2503 Spiritus
792 2423 919 2492 Christi,
940 2428 1167 2503 praenuncians
1197 2441 1249 2483 eas
1272 2435 1431 2502 praeesse.

120 2529 155 2586 im
179 2523 297 2586 Christo
319 2533 392 2586 sunt
409 2509 577 2602 passiones
596 2533 624 2586 et
643 2531 833 2604 posteriores
856 2523 982 2602 plarias.
1026 2523 1153 2584 Ioannes
1176 2522 1246 2584 item
1269 2523 1345 2583 scri-

119 2624 179 2690 bit:
209 2623 245 2687 ln
268 2625 321 2688 boe
344 2628 565 2704 cognoscimus,
594 2629 736 2705 quoniam
763 2628 797 2686 in
825 2641 857 2686 eo
884 2643 1038 2686 manemus
1061 2635 1090 2684 et
1111 2627 1175 2703 ipse
1196 2627 1233 2699 in
1250 2623 1344 2694 nobis,

120 2729 260 2808 quoniam
283 2727 317 2788 ds
339 2724 458 2805 Spiritu
480 2743 536 2787 suo
560 2727 639 2786 dedit
660 2726 756 2787 nobis.
798 2723 906 2786 Paulus
929 2724 1064 2786 similiter
1085 2724 1158 2784 liaeo
1180 2723 1215 2784 ad
1234 2723 1345 2784 Roma·

118 2848 176 2890 nos
198 2827 314 2890 scribit:
347 2826 402 2890 Vos
425 2837 523 2889 autem
544 2831 577 2888 in
600 2845 691 2888 carne
712 2845 774 2888 non
796 2829 883 2896 estis,
912 2828 964 2888 sed
986 2831 1018 2888 in
1040 2830 1168 2906 spiritu,·
1199 2830 1228 2886 si
1248 2835 1346 2886 tamen

120 2929 254 3010 Spiritus
276 2929 336 2992 Dei
356 2928 471 2992 habitat
492 2933 524 2989 ia
546 2928 640 2992 uobis.
685 2927 722 2990 Si
748 2931 815 3011 puis
842 2939 941 2991 autem
963 2925 1113 3009 Spiritum
1143 2926 1260 2988 Christi
1284 2945 1346 2990 nou
1425 2919 1430 2936 ⁸

120 3033 216 3103 babet,
241 3031 287 3092 hic
309 3049 373 3092 non
393 3042 438 3092 est
460 3035 533 3093 erus.
579 3029 615 3092 Si
634 3041 734 3092 autem
752 3029 891 3092 Christus
913 3034 946 3090 in
968 3031 1051 3092 vobis
1075 3039 1127 3100 est,
1151 3047 1262 3108 corpus
1278 3032 1346 3111 pai-

120 3135 190 3196 dem
205 3144 361 3194 mortuum
383 3143 428 3194 est
448 3142 579 3213 propter
596 3141 767 3212 peccatum,
801 3135 929 3211 spiritus
957 3150 1029 3196 vero
1058 3135 1122 3194 nita
1149 3142 1194 3193 est
1212 3142 1345 3212 propter

120 3238 274 3297 melitium.
324 3232 413 3306 Quod
445 3238 473 3294 si
497 3233 635 3314 Spiritus
663 3238 744 3305 eius,
779 3235 831 3312 qui
857 3236 985 3296 suscitat
1014 3234 1168 3296 Christum
1196 3231 1297 3296 lesum
1327 3251 1346 3294 e

117 3339 264 3408 mortuis,
295 3335 410 3398 habitat
432 3338 464 3396 in
486 3336 585 3406 cobis,
615 3339 667 3417 qui
687 3337 847 3398 suscitavit
869 3333 968 3396 lesum
992 3335 1144 3398 Christum
1166 3354 1185 3395 a
1205 3339 1344 3406 mortut's,

118 3437 283 3518 vivificabit
315 3445 343 3498 et
364 3435 507 3500 mortalia
530 3455 663 3518 corpora
684 3449 787 3501 vestra
806 3446 937 3516 propter
957 3436 1173 3499 inhabitantem
1196 3435 1346 3517 Spiritum

119 3543 183 3600 eius
203 3543 238 3600 in
260 3538 353 3600 cabis.
397 3537 435 3600 Et
448 3539 485 3600 sd
500 3538 688 3600 Corinthios:
711 3537 847 3618 Spiritus
863 3542 941 3600 enim
956 3541 1056 3600 omnia
1071 3548 1241 3610 scrutatur,
1257 3541 1345 3632 etcum

153 3761 170 3809 l.
188 3753 219 3808 ἒν
236 3741 259 3824 ᾦ
276 3749 347 3825 ὖμᾶς
363 3761 475 3810 omittunt
493 3759 549 3820 fleg.
568 3758 588 3808 1.
608 3759 706 3820 Seguer.
757 3751 918 3823 παθήματα,
937 3750 981 3804 rai
996 3747 1137 3815 Ἰωάννης·
1152 3749 1182 3804 ἒν
1199 3749 1287 3822 τούτῳ
1298 3764 1344 3806 etc.

118 3828 260 3884 Gohler.,et
278 3827 381 3878 Felchto.
402 3828 423 3877 1.
758 3827 816 3877 item
837 3825 893 3874 ibid.
911 3824 983 3874 hasii.
1001 3817 1160 3872 ἐπέστελλεν.
1350 3873 1354 3888 Ι

152 3912 174 3959 p.
193 3897 249 3958 hep.
267 3896 288 3944 l.
305 3909 338 3943 reu
357 3890 407 3944 iae.
443 3896 471 3956 it
488 3897 589 3958 Segucr.
609 3891 707 3945 Gobier.
792 3894 808 3942 l.
827 3893 898 3942 Basti.
909 3901 932 3942 et
942 3893 1009 3954 engi.
1027 3885 1132 3940 ἐνοικεῖ.
1170 3893 1236 3950 Quae
1254 3891 1342 3941 ibidem

119 3973 141 4014 st
160 3963 265 4016 dclckm.
286 3963 307 4012 1.
326 3909 459 4030 §praesis
756 3969 890 4024 sequnntur
908 3975 983 4024 osque
1002 3961 1030 4010 ed
1040 3953 1163 4026 Χριστὸς
1180 3951 1209 4007 ἒν
1219 3949 1283 4023 ὑμῖν
1300 3960 1347 4022 hc7

755 4029 814 4078 bont
832 4029 906 4091 liegii,
920 4029 1019 4091 Seguer.
1038 4030 1105 4090 Aegl.
1118 4028 1213 4078 Gohler.
1224 4039 1246 4076 et
1258 4027 1341 4076 tetck-

152 4059 174 4106 h'
193 4056 288 4122 mm
307 4059 375 4106 ΒΜ
392 4057 471 4118 ΒΜ
484 4055 506 4106 ²⁰
543 4055 593 4106 M⁰¹
605 4055 667 4106 idem
684 4063 707 4104 et
755 4091 837 4146 insum
850 4097 871 4145 1.
891 4106 914 4146 et
932 4097 999 4146 vertit
1017 4097 1132 4152 Nunnius,
1151 4096 1224 4144 ceteri
1243 4103 1266 4144 et
1284 4095 1341 4145 editi
1456 4135 1461 4140 .

118 4124 209 4230 ΒΨ
230 4134 253 4174 ⁰²
270 4127 501 4230 swuer‘m'f‘pf'
756 4168 876 4215 omittunt.
911 4165 1001 4214 ibidem
1027 4179 1080 4213 mox
1104 4164 1169 4225 liegii
1194 4173 1217 4213 et
1240 4165 1341 4225 Seguer.

152 4218 253 4280 bfl‘ffll
273 4226 296 4268 ⁸²
313 4219 412 4280 &8⁰⁰¹-
432 4231 510 4283 'limf-
754 4249 800 4284 nec
831 4247 878 4282 oon
907 4235 1011 4284 Graecus
1038 4233 1088 4282 Scri
1109 4242 1175 4282 turae
1202 4240 1278 4281 textus
1305 4222 1339 4278 δι’

151 4303 173 4352 t.
192 4303 232 4352 Sic
255 4317 340 4352 amnes
365 4317 423 4352 mss.
447 4301 703 4366 praesciturum.
755 4292 901 4367 ἁμαρτίαν.
920 4299 964 4349 dlii
975 4309 997 4349 et
1010 4300 1065 4349 editi
1096 4291 1340 4366 ιὰτὴνᾶμαρτίαν.

118 4377 140 4418 et
158 4370 256 4432 Regiam
275 4371 308 4430 2,
333 4371 372 4434 qui
399 4379 423 4420 ut
442 4373 547 4420 Greeeus
565 4371 702 4434 Scripturas
789 4384 819 4418 m.
839 4369 879 4418 Sic
896 4369 970 4428 Regii,
989 4369 1087 4428 Segucr.
1107 4367 1276 4430 liesthhogiic.
1296 4383 1341 4418 osc

118 4430 307 4498 tertusldrfbaa
326 4433 357 4486 rb
375 4431 405 4487 lu
423 4427 523 4490 αὐτοῖς.
558 4437 608 4486 teos
628 4439 702 4500 liegii,
753 4436 1164 4498 aonGrcecusScriptorestextus,
1183 4437 1339 4488 sliieteditio

117 4503 216 4564 Stssoer.
235 4507 332 4558 Gohler.
351 4514 375 4557 et
391 4506 495 4556 Felckm.
506 4506 527 4554 1.
544 4518 705 4571 upopepcc«
753 4505 870 4554 Commel.
888 4497 1048 4568 ἐγείροντος.
1080 4505 1138 4554 ibid.
1150 4505 1219 4556 testi.
1232 4499 1331 4552 trames

117 4566 259 4637 ρούμενον.
294 4574 386 4628 ibidem
405 4575 502 4626 Gobier.
522 4581 545 4624 ct
562 4575 667 4624 Fcichm.
679 4575 702 4624 t.
752 4573 804 4624 lios
820 4564 926 4632 Ἰησοῦν
944 4575 1011 4624 abest
1029 4589 1042 4623 s
1060 4573 1116 4637 lieu.
1128 4576 1150 4623 1.
1170 4583 1193 4624 et
1210 4575 1287 4636 sigar
