3128 5052
482 313 628 358 sererent
643 317 663 358 r.
678 316 716 362 un
731 316 930 366 sebastenes.
1260 311 1322 375 737
1406 341 1413 352 ¹

79 465 218 547 amplius
241 463 299 526 <lici
322 463 508 528 Christianus
537 465 596 528 ulla
624 466 739 530 ratione
767 469 887 548 peterit.
931 472 1033 552 ltaque
1061 471 1192 536 Trinitas
1222 485 1410 544 sanctensis.

80 579 118 631 et
141 569 271 650 perlecta
294 575 358 641 est,
392 585 467 647 quae
494 567 524 628 iu
546 567 634 630 Patre
662 577 691 630 et
713 567 787 631 Filio
816 579 846 632 et
867 571 978 652 Spiritu
1008 584 1111 638 sancto
1141 579 1324 656 agnoscitur,

78 670 223 750 nihilque
245 668 373 732 alienum
400 669 446 729 vel
476 668 660 732 extrinsecus
682 670 843 734 admixtum
866 672 971 746 hehet,
1000 693 1097 756 neque
1125 697 1161 740 ex
1189 688 1325 744 creature

81 781 118 832 et
141 789 175 832 ru
198 777 297 832 creata
318 778 446 843 constet,
469 769 523 832 sed
546 779 607 832 tete
629 772 748 834 creandi
773 783 803 834 et
825 773 970 838 efficiendi
987 776 1015 838 vi
1030 778 1162 856 praedita
1185 789 1241 854 est,
1264 778 1323 844 sibi

81 891 211 952 queque
240 870 346 936 similla
375 879 406 934 et
433 870 585 934 individue
612 881 660 934 est
681 877 803 947 uaturh,
832 893 950 956 unaque
979 878 1045 940 eius
1075 887 1122 941 est
1143 881 1273 946 efficacis
1295 889 1325 946 et

80 975 176 1038 ectio.
220 972 404 1036 NamPatcr
429 973 635 1053 perverbum
663 975 693 1036 in
716 975 832 1056 Spiritu
862 988 965 1042 sancte
989 980 1089 1042 omnia
1109 981 1195 1056 iacit,
1226 1001 1324 1063 ecque

80 1078 182 1140 mede
210 1083 329 1138 sanctes
357 1074 511 1138 Trinitatis
538 1076 638 1138 unitas
668 1085 813 1140 servetur.
858 1079 902 1142 lte
931 1098 1009 1144 unus
1030 1080 1109 1145 [leus
1137 1083 1167 1144 in
1189 1081 1323 1146 Ecclesia

80 1178 285 1260 praedicatur,
307 1175 359 1256 qui
375 1186 528 1259 estsuper
544 1181 654 1255 emnia,
676 1190 706 1242 et
724 1199 783 1262 per
807 1188 908 1246 cussie
929 1193 959 1248 et
979 1188 1012 1247 iu
1029 1185 1176 1248 omuibus.
1222 1183 1323 1267 Super

85 1284 192 1346 cussie
213 1278 333 1360 qtridem
355 1287 388 1341 ut
403 1279 500 1354 Pater,
524 1288 556 1342 ut
570 1281 749 1362 principium
766 1292 796 1346 et
810 1281 889 1361 lons,
907 1303 966 1365 per
976 1288 1089 1350 tuctu
1110 1303 1191 1360 veru,
1214 1303 1322 1366 nempe
1330 1309 1408 1354 esu.

83 1401 144 1464 per
166 1381 311 1456 Verbum,
341 1386 375 1444 iu
404 1383 541 1446 amnites
569 1383 698 1464 denique
726 1383 757 1446 in
780 1385 894 1466 Spiritu
917 1395 1031 1450 sanmu.
1075 1387 1170 1448 Porro
1191 1387 1322 1450 Trinitas
1393 1367 1397 1376 ’

85 1503 151 1546 nen
173 1483 294 1546 uamiue
316 1490 405 1546 tenus
428 1492 458 1546 et
480 1483 544 1546 sole
565 1485 726 1550 verberum
750 1487 851 1569 specie
873 1495 921 1550 est
942 1488 1089 1563 Trinitas,
1120 1489 1173 1550 sed
1202 1507 1270 1550 rere
1292 1495 1323 1552 et

85 1587 189 1666 reipsa
212 1584 313 1648 existit
335 1584 476 1648 Trinitas.
519 1585 594 1648 Nam
616 1587 703 1650 sicuti
725 1606 795 1650 vere
816 1596 865 1651 est
884 1589 982 1664 Pater,
1005 1589 1046 1650 ite
1069 1595 1100 1652 et
1113 1607 1182 1650 vere
1198 1597 1243 1650 cst
1258 1589 1322 1652 eius

84 1687 235 1756 Verbum.
265 1687 344 1767 quod
373 1695 404 1750 et
431 1688 531 1768 ipsum
560 1707 651 1769 super
680 1690 779 1754 omnin
808 1699 855 1753 est
874 1690 966 1754 Deus.
1009 1690 1071 1754 Nec
1097 1689 1169 1752 item
1191 1690 1321 1770 Spiritus
1416 1713 1448 1734 ··

88 1797 210 1852 sanctus
230 1807 294 1850 non
316 1789 432 1863 existit,
460 1790 648 1870 solutique
674 1809 745 1854 rere
773 1800 823 1855 est
854 1801 884 1855 et
911 1791 1019 1854 existit
1063 1791 1125 1854 Nec
1151 1792 1199 1856 bis
1221 1791 1322 1854 minus

87 1891 198 1970 aliquid
226 1891 320 1952 sentit
341 1889 488 1954 Catholici
510 1890 658 1966 Ecclesia,
687 1909 725 1954 ne
752 1891 915 1954 hodiernos
938 1892 1065 1954 ludaeos
1088 1891 1215 1971 Caiphae
1243 1893 1323 1956 baud

88 1991 241 2055 absimiles
263 1999 294 2054 et
315 1991 474 2054 Sebellr'um
498 1999 656 2072 sequatur,
686 2011 742 2056 nec
769 1993 817 2054 his
846 1993 917 2055 item
938 1991 1006 2073 plus
1029 1991 1139 2072 aliquid
1163 1992 1321 2056 commini-

88 2093 191 2166 scitur,
214 2111 252 2154 ne
273 2093 305 2154 in
327 2092 546 2156 multitudinem
568 2093 692 2156 deorum
716 2093 876 2156 Gentilium
897 2093 1078 2156 devolvetur.
1123 2093 1183 2156 Sed
1198 2103 1233 2156 ut
1246 2093 1323 2158 bane

89 2213 158 2256 esse
173 2179 269 2256 'fidem
292 2192 442 2256 Ecclesiae
464 2193 638 2274 intelligent,
666 2213 718 2258 eos
740 2194 858 2258 discere
881 2194 1140 2275 operaepretium
1163 2203 1220 2268 est,
1243 2213 1321 2274 quc-

88 2313 157 2358 nam
172 2293 264 2369 mode
286 2294 431 2357 Dominus
452 2295 574 2358 mittens
592 2295 754 2376 hpcsteles
768 2297 877 2360 iisdem
892 2295 1087 2376 praeceperit,
1109 2305 1143 2358 ut
1154 2295 1237 2358 istud
1251 2296 1322 2358 luu-

90 2397 260 2460 damentum
281 2395 312 2456 iu
334 2395 467 2460 Ecclesia
489 2397 634 2462 iacerent:
661 2397 797 2470 nenses,
821 2398 931 2477 inquit,
961 2400 1062 2461 docete
1084 2415 1187 2462 amnes
1208 2405 1322 2478 pentes,

91 2501 280 2580 baptizantes
303 2516 353 2560 eus
374 2501 408 2561 ia
429 2504 551 2562 nemim
572 2499 676 2564 Petris
698 2509 728 2562 et
742 2499 816 2564 Filii
836 2509 866 2564 et
880 2497 1018 2578 Spiritus
1042 2502 1150 2562 euecti.
1194 2495 1323 2562 Profecti

90 2619 161 2662 aare
183 2599 317 2680 Apostoli
338 2598 379 2663 ita
401 2601 468 2662 sine
490 2600 581 2662 dubia
603 2600 778 2674 decuerunt,
800 2607 888 2679 atque
910 2599 985 2662 haee
1006 2600 1072 2678 ipsa
1086 2596 1268 2682 praedicatio
1289 2595 1321 2658 in

90 2699 259 2764 universam
280 2699 453 2776 Ecclesiam,
477 2719 552 2782 quse
574 2701 630 2766 sub
651 2701 732 2764 melo
755 2711 812 2775 est,
834 2699 1029 2781 permanavit.

68 2897 75 2904 ’
174 2907 226 2970 29.
271 2905 345 2968 Cum
366 2903 457 2984 igitur
477 2903 558 2994 istud
579 2903 649 2966 fidei
670 2901 895 2966 tundamentum
923 2900 1031 2964 hebeat
1052 2898 1201 2974 Ecclesia,
1231 2897 1320 2964 nobis

91 3005 198 3068 iterum
219 3005 261 3068 illi
281 3005 466 3087 respondere
487 3023 526 3068 ne
548 3013 721 3084 graventur:
756 3004 927 3068 Trinitesne
954 3010 1002 3068 est
1029 3019 1067 3066 en
1094 2998 1246 3064 duellas?
1288 2999 1321 3064 st

92 3105 216 3170 dualitas
237 3116 305 3182 est,
326 3125 382 3188 per
403 3125 452 3170 me
472 3105 543 3170 licet
564 3105 708 3187 Spiritum
729 3104 820 3168 rebus
842 3104 949 3168 creetis
971 3103 1131 3184 adiungite.
1174 3101 1211 3164 ht
1232 3099 1259 3164 si
1281 3101 1322 3164 ita

93 3216 154 3283 est,
186 3209 259 3272 tides
283 3217 378 3272 vestre
401 3208 459 3270 mm
481 3227 542 3270 neu
565 3208 664 3270 estin
686 3208 781 3271 Deum
804 3223 913 3282 unum,
947 3206 998 3286 qui
1026 3205 1066 3267 sit
1094 3222 1189 3286 super
1212 3205 1321 3276 emnia,

87 3329 146 3391 per
168 3315 268 3376 cernis
289 3319 319 3374 et
338 3315 373 3374 ire
395 3309 543 3374 omuibus.
587 3310 649 3374 Nec
663 3295 748 3372 'enim
771 3313 804 3374 iu
826 3310 965 3372 munibus
988 3305 1147 3381 hahebitis,
1174 3305 1200 3368 si
1222 3304 1320 3385 Spiri-

92 3420 153 3474 tum
175 3431 191 3474 e
214 3411 364 3475 divinitate
385 3411 530 3492 separetis
552 3419 582 3474 et
603 3411 639 3476 eh
662 3431 695 3475 ee
719 3411 848 3476 alienum
871 3410 995 3474 lecistis.
1039 3409 1145 3470 Vestra
1167 3406 1238 3470 item
1260 3404 1320 3468 ini-

94 3512 194 3587 tietie,
222 3531 309 3592 quem
331 3531 474 3593 peragere
496 3513 697 3586 arbitremini,
721 3513 746 3576 si
768 3494 812 3574 ite'
832 3511 968 3585 sentitis,
990 3527 1051 3580 neu
1072 3517 1135 3570 tete
1157 3515 1188 3568 et
1209 3508 1323 3585 integra

93 3613 143 3674 liet
162 3613 193 3674 ln
216 3613 377 3676 divinitatis
398 3632 520 3688 nemen,
544 3615 654 3695 quippe
672 3633 741 3702 ¹‚cum
763 3631 828 3676 rem
850 3619 978 3676 creatam
999 3610 1057 3689 ipsi
1072 3606 1270 3679 admisceatis,
1292 3611 1323 3668 et

92 3713 172 3776 velut
193 3713 293 3776 llriem
315 3731 350 3775 ec
370 3713 503 3778 Gentiles
525 3733 590 3778 rem
612 3723 738 3778 creatam
760 3732 820 3776 une
842 3731 909 3776 cum
923 3712 998 3784 Dee,
1021 3709 1072 3789 qui
1092 3727 1157 3772 eern
1178 3725 1239 3826 per
1247 3723 1322 3787 pre-

93 3947 147 3982 rac.
183 3933 301 3983 illicere
319 3941 342 3984 et
361 3935 417 3984 editi
436 3933 526 3984 babent
544 3945 578 3982 τι.
729 3933 756 3998 ι1.
776 3933 877 3994 sepner.
903 3929 1002 3983 Gebier.
1027 3927 1173 3978 etielehm.
1193 3923 1323 3976 liabent
1404 3961 1409 3972 .

124 4001 141 4051 l.
158 4001 199 4050 Sic
217 4002 275 4064 lteg.
293 4001 315 4051 l.
334 4003 433 4064 Segner.
451 4002 523 4050 besil.
544 4001 641 4052 Gebler.
658 4009 682 4052 et
731 3993 764 4048 τὸ
789 3996 917 4047 τοιοῦτον
939 3989 1019 4064 ὑμῶν
1042 4003 1087 4045 ete.
1128 3995 1172 4044 llii
1196 4001 1275 4042 eutem
1300 3999 1324 4040 et

92 4069 196 4118 Feleltm.
216 4069 253 4129 l.,
273 4071 312 4134 qni
331 4070 403 4121 iidem
422 4071 484 4120 inire
503 4070 593 4120 bahent
609 4063 680 4116 suit-
732 4069 790 4118 editi
817 4079 862 4114 τοι
887 4057 958 4116 οὕτω
983 4057 1014 4112 τὸ
1038 4056 1118 4128 ὑμῶν
1141 4069 1187 4110 etc.
1222 4060 1279 4122 lies.
1298 4057 1321 4108 2.

93 4133 152 4202 nip'.
188 4137 293 4186 Editl'et
310 4139 350 4187 ulii
368 4132 499 4204 περιπέσῃ
518 4145 542 4188 et
560 4137 680 4187 iniuncta·
731 4129 866 4202 ὑμέτερον
883 4150 927 4200 pre
945 4125 1032 4198 ὑμῶν.
1140 4197 1144 4206 Ι

92 4199 247 4270 cuempi-
291 4205 382 4256 lbidem
406 4207 464 4268 lleg.
485 4205 507 4254 l.
531 4213 556 4256 et
579 4207 679 4268 sepner.
767 4205 782 4253 i.
801 4205 842 4254 Sic
861 4203 918 4265 lteg.
935 4202 956 4250 1.
970 4201 1070 4261 Seguer.
1090 4195 1164 4276 hecil.
1183 4193 1280 4272 Cobler.
1298 4200 1323 4243 et

92 4267 171 4320 πλέον
188 4273 285 4333 habeat,
303 4273 343 4324 alii
362 4281 386 4323 et
398 4267 566 4324 editinieier.
585 4274 641 4336 lieg.
656 4272 680 4322 2.
733 4271 871 4323 relatui.
906 4277 934 4320 ltt
952 4269 992 4318 alli
1011 4273 1036 4340 ειΙ
1046 4264 1102 4314 editi
1112 4259 1320 4340 maismacense
1361 4295 1365 4300 -

94 4354 135 4403 pru
152 4330 343 4400 notescerem
361 4341 434 4390 behet
450 4335 610 4390 πολυθείαν.
733 4341 807 4390 Puulo
825 4347 881 4403 pest
899 4338 970 4386 iitlem
990 4327 1135 4400 ttoerpoc
1153 4333 1256 4392 habeut,
1281 4329 1322 4380 elit

126 4421 147 4469 a.
165 4409 289 4468 Articulus¹
312 4404 345 4456 ut
369 4416 394 4458 et
416 4405 466 4456 τοῦ
490 4415 527 4459 ter
550 4417 681 4472 sequentes
733 4417 757 4458 et
775 4407 831 4458 editi
850 4397 1008 4468 etlatrpuc.

94 4475 203 4526 emittunt
220 4475 277 4538 Eup.
295 4484 319 4525 et
336 4476 437 4536 Sepeer.
767 4476 789 4526 lt.
809 4475 849 4526 Sic
867 4475 925 4536 lieg.
941 4474 962 4522 l.
982 4473 1082 4534 Seguer.
1095 4463 1323 4544 Cobler3et'lielclt·

126 4543 150 4592 b.
167 4543 241 4594 lircil.
258 4535 411 4609 usp’tptv.
447 4543 683 4606 llexidemetlleg.
733 4544 815 4594 menni
836 4543 858 4593 l.
893 4542 938 4594 llll
956 4549 1036 4591 autern
1055 4546 1078 4589 et
1096 4539 1152 4588 editi
1171 4547 1246 4599 cnsp.

122 4629 254 4672 lrmnusn
267 4639 319 4674 err.
330 4641 402 4674 nean.
417 4641 466 4674 snt.
1086 4621 1118 4672 tt
