2960 5026
375 241 492 284 conum
506 241 725 286 annullatum!
740 241 827 286 tinen
840 242 873 286 ll.
1175 221 1237 290 915

23 390 140 454 tum!
171 411 195 452 o
221 392 326 454 insana
346 389 545 472 blasphemia!
589 391 694 454 Dicant
714 409 749 454 ex
772 409 897 472 quanam
912 392 1064 474 Scriptura
1084 393 1322 473 depromternaa.

17 495 106 558 ista
135 494 288 556 definitio
311 501 361 556 aut
381 494 482 574 potius
503 495 561 556 boo
575 492 683 554 diaboli
701 494 864 572 sophisma.
900 493 1144 576 Quandoquidem
1160 495 1238 556 Pro-

14 605 65 658 ta
95 594 205 658 dicit:
230 595 342 658 Frater
363 615 425 659 nnn
448 597 577 671 redimit,
600 596 726 672 redonat
747 595 844 668 domo,
868 603 898 656 et
918 595 1003 657 alibi:
1025 597 1064 659 lli
1079 597 1165 660 domo
1181 616 1240 659 nna

1 723 3 728 >
48 709 108 760 ese
136 701 179 759 ιἰι
207 715 252 768 eo,
275 708 305 759 ct
325 702 389 778 apua
409 698 555 777 fundauit
577 715 642 760 ιιιιι
664 697 848 760 ditissimus.
884 697 942 770 Qut
957 697 1021 759 lieri
1035 706 1136 777 potest
1150 698 1241 777 igitur

13 799 189 860 Verbum
215 799 307 860 bomo
329 801 438 862 lactum
461 800 603 862 muudum
626 817 686 861 nou
710 800 850 872 redimat,
885 818 952 862 cum
980 799 1167 860 manifestum
1183 801 1239 873 sit,

15 919 101 978 qua
129 911 248 962 natura
270 901 462 962 commissum
486 909 533 963 est
553 910 722 980 peccatum,
743 901 774 962 iu
797 921 830 964 ea
847 918 967 982 quoque
984 900 1117 961 extitisse
1130 900 1240 978 gratiae
1306 900 1312 907 “

26 1001 259 1064 berantiam‘l
304 1002 455 1075 Quaenam
484 1011 583 1086 autem
616 1004 725 1081 gratiae
754 1000 967 1064 exuberantia?
1002 1000 1082 1079 quod
1112 999 1241 1064 Verbum

14 1112 103 1164 tum
131 1104 180 1164 sit
204 1103 314 1176 homo,
336 1123 459 1165 maneus
482 1113 580 1166 nmen
602 1103 699 1178 Deus,
721 1113 756 1166 ut
777 1106 918 1166 ethome
940 1105 1049 1164 luctum
1070 1102 1151 1163 Dens
1173 1119 1239 1162 cre-

1 1215 138 1279 retur‚
178 1205 430 1285 quemadmodum
464 1215 500 1268 et.
516 1206 651 1268 Christus
679 1207 771 1268 bomo
799 1223 865 1268 cnm
896 1205 936 1267 sit
955 1205 1037 1266 Deus
1062 1213 1161 1265 tamen
1185 1210 1241 1276 est,

15 1309 55 1368 ia
87 1317 165 1368 cnm
190 1306 273 1368 Dens
296 1315 377 1369 esset
397 1309 492 1368 lamus
515 1316 562 1369 est
584 1308 691 1382 bomo,
714 1316 744 1368 et
765 1307 796 1368 in
818 1306 948 1368 hominis
971 1307 1068 1368 lorma
1090 1303 1240 1366 credenti-

0 1429 40 1470 ιε
77 1410 218 1470 salutem
242 1409 383 1488 impertit.
428 1409 459 1471 Si
490 1409 568 1470 enim
597 1409 754 1470 llomiuum
782 1407 881 1470 lesum
914 1425 967 1470 ore
999 1415 1050 1470 tuo
1083 1407 1240 1468 confessus

8 1511 116 1582 eris,
143 1519 178 1572 et
200 1509 232 1571 in
256 1510 344 1572 corde
368 1517 418 1572 tuo
442 1509 619 1583 credideris,
643 1509 722 1588 quod
745 1509 824 1570 Deus
847 1509 928 1570 illum
951 1527 986 1570 ex
1008 1508 1135 1572 mortuis
1158 1507 1239 1568 exci-

6 1613 79 1686 rit,
104 1611 212 1673 salvus
236 1613 304 1673 eris.
349 1611 412 1672 Nox
426 1621 524 1672 autem
547 1610 577 1672 iu
594 1611 685 1672 Deum
701 1629 763 1672 uon
779 1610 865 1684 uadit,
886 1611 936 1690 qni
949 1627 1006 1672 nec
1021 1607 1241 1672 resurrectione
1316 1638 1319 1645 <

0 1731 80 1787 ,tus
105 1712 213 1783 babet,
240 1713 292 1774 sed
314 1712 381 1791 ipse
403 1732 419 1772 a
441 1712 567 1775 mortuis
590 1713 707 1773 excitat.
752 1711 836 1774 Unde
850 1730 973 1798 necesse
991 1711 1056 1784 luit,
1079 1717 1112 1770 nt
1132 1707 1242 1790 aliquid

1 1832 83 1874 teus
107 1813 248 1886 baberet,
271 1813 349 1892 quod
372 1832 427 1892 pro
450 1814 537 1876 nobis
560 1815 681 1876 offerret
703 1815 764 1876 sive
780 1813 810 1874 in
826 1820 921 1874 morte
936 1812 1000 1874 sive
1015 1813 1046 1875 iu
1068 1813 1142 1884 vila;
1165 1829 1241 1890 qua·

1 1922 133 1993 ¹ropter
157 1913 299 1988 Verbum,
323 1915 401 1992 quod
424 1915 515 1988 bomo
538 1917 646 1978 laetum
668 1915 717 1988 sit,
745 1934 781 1976 eo
804 1915 897 1994 magis
920 1915 1218 1994 salutem-operatur.

94 2117 126 2180 8.
161 2115 233 2182 ·.Sed
255 2116 363 2176 iterum
386 2115 533 2180 obiicitis:
567 2116 688 2196 „Ecqua
710 2117 825 2179 ratione
848 2124 949 2196 potest
970 2125 1088 2190 natura,
1112 2135 1187 2196 quae
1210 2115 1241 2177 in

2 2216 257 2291 ,consuetudine
268 2217 380 2297 pcccati
396 2217 473 2278 edita
486 2225 572 2280 estet
582 2237 658 2296 quae
667 2219 779 2298 peccati
791 2219 1013 2280 successionem
1030 2218 1156 2296 excepit,
1168 2215 1240 2280 abs-

7 2337 99 2398 ,quc
113 2327 237 2395 peccato
250 2317 340 2382 esse?
363 2319 442 2398 quod
455 2319 642 2399 impossibile
656 2339 722 2380 cum
736 2322 784 2392 sit,
802 2319 859 2380 erit
871 2319 960 2397 igitur
971 2318 1107 2380 Christus
1121 2326 1154 2380 ut
1165 2335 1242 2382 uuus

1 2439 75 2494 ,ex
93 2417 299 2478 bominibus.“
334 2418 414 2480 llaec
436 2426 465 2479 et
486 2419 617 2482 dlaroion
640 2421 746 2492 sensit,
770 2421 845 2480 bauo
866 2430 896 2480 et
916 2420 1106 2482 Manichacus
1128 2419 1244 2480 induxit

0 2519 201 2590 ententiam,
213 2519 264 2596 qui
275 2537 393 2582 carnem
405 2519 536 2582 bominis
547 2521 702 2598 ipsamque
716 2520 937 2598 generationem
949 2519 1006 2580 sub
1017 2519 1144 2580 malitiae
1155 2520 1241 2598 prin·
1250 2542 1326 2586 aare.

19 2624 79 2700 ipe
103 2619 264 2693 constituit,
286 2619 403 2700 ipsique
426 2619 626 2682 llominatoris
650 2619 766 2682 titulum
788 2620 954 2701 adscripsit,
977 2637 1044 2682 oum
1066 2637 1158 2698 aquo
1175 2621 1242 2698 quis

1 2724 111 2784 victus
127 2731 182 2795 est,
205 2722 337 2784 eiusdem
360 2731 390 2782 et
411 2740 515 2784 servus
537 2721 686 2784 reddatur.
730 2722 844 2784 llorum
859 2721 1035 2782 sententiam
1050 2737 1105 2781 ros
1124 2739 1243 2800 qnoque

2 2822 177 2896 renovatis,
199 2823 269 2886 dnm
291 2824 407 2886 diversa
422 2815 538 2884 ratione
554 2822 735 2909 spiritualem
750 2822 880 2884 hominis
893 2831 1038 2894 naturam,
1057 2839 1131 2902 quae
1146 2822 1244 2884 anima

9 2945 88 2990 esse
104 2925 282 3005 intelligitur,
299 2945 356 2988 una
373 2926 413 2988 illi
430 2925 587 2998 subiicilis,
606 2943 692 3004 quam
708 2941 769 2986 non
786 2943 875 3004 posse
896 2931 1048 3003 peceatum
1065 2923 1158 2985 vitare
1180 2931 1243 2984 stu-

10 3027 113 3100 ruitis,
136 3038 401 3106 quantumcumque
418 3027 536 3088 tandem
557 3026 686 3090 animam
709 3027 854 3090 carnalem
878 3045 947 3088 esse
969 3025 1115 3088 scribatis.
1160 3025 1244 3089 Unde

14 3139 120 3190 antem
142 3128 211 3190 hace
232 3128 394 3190 didiceritis
416 3129 533 3207 ignoro,
557 3147 623 3190 cnm
646 3147 742 3208 neque
764 3129 794 3190 in
817 3129 911 3202 sacris
926 3128 1086 3208 scripturis
1102 3145 1199 3206 neque
1214 3127 1245 3188 in

17 3230 136 3307 vulgata
156 3229 307 3292 bominum
331 3229 477 3292 sententia
499 3228 529 3290 id
545 3229 725 3302 admittatur,
749 3230 875 3292 Domino
898 3230 1029 3290 dicente:
1052 3227 1097 3292 Νι
1116 3233 1244 3292 tinentia

20 3334 61 3393 nd
86 3335 137 3402 iis,
165 3337 214 3412 poi
233 3333 371 3396 occidnut
401 3351 529 3412 corpus,
562 3336 693 3394 unimam
726 3343 825 3395 cutem
852 3350 916 3396 ιισιι
940 3341 1072 3410 possunt
1100 3332 1243 3394 neddere.

24 3431 113 3509 Atqui
135 3432 157 3492 si
179 3433 300 3496 carnalis
323 3441 369 3494 cst
389 3433 504 3506 anima,
534 3441 566 3493 ut
587 3439 686 3494 restra
708 3434 767 3494 lert
787 3431 906 3512 opinio,
940 3449 993 3492 our
1014 3447 1073 3490 non
1097 3447 1156 3490 una
1178 3447 1246 3490 cum

26 3549 152 3607 corpore
172 3533 294 3594 moritur
316 3543 346 3593 et
366 3533 467 3611 perit?
510 3534 548 3594 Et
570 3553 623 3596 our
646 3534 752 3596 Petrus
774 3533 888 3594 animas
909 3530 940 3592 in
963 3530 1079 3590 inlerno
1110 3528 1244 3590 detentas

29 3630 150 3709 spiritns
171 3648 275 3692 vocaus
298 3632 352 3692 ait:
376 3632 464 3706 notit,
487 3642 524 3693 nt
545 3637 581 3694 iis
608 3638 661 3712 qni
680 3638 713 3694 ic
737 3649 857 3694 cornere
880 3629 994 3692 inclusi
1014 3639 1104 3692 erunt
1125 3633 1245 3710 spiriti-

29 3785 84 3833 Μσι
102 3781 191 3843 ch.uer
209 3782 304 3833 Gnhlur.
324 3789 347 3832 el
364 3783 469 3832 Felclm.
486 3783 508 3832 l
527 3765 607 3838 uuidar
691 3781 830 3846 g..Gobler
849 3791 872 3832 et
889 3781 1028 3833 Falclmfll
1048 3773 1135 3847 rotae
1155 3771 1247 3829 deded-
1318 3759 1323 3770 ⁵

32 3844 47 3900 d
65 3799 148 3928 λόγος.
182 3851 239 3901 Edrti
257 3866 312 3900 sero
332 3859 355 3900 at
373 3847 412 3900 alii
431 3843 535 3908 σώζει“
523 3863 607 3918 oppt-
656 3847 748 3918 tuaac

32 3911 105 3971 στὸι
188 3925 192 3933 ’
693 3921 717 3968 b.
735 3907 1054 3968 Βιιί1.ἇνιικτενώντων.
1100 3912 1197 3968 Goblsr.
1223 3922 1248 3964 et

69 3985 187 4048 olnglic
205 3989 301 4049 Segusa.
320 3985 418 4036 Goblsr
433 3985 607 4035 silentum
660 3987 764 4036 Felclm.
778 3988 799 4036 l.
813 3975 1028 4034 ι’σισντενόνιων.
1065 3985 1099 4034 ld
1118 3997 1189 4048 quem
1208 3982 1247 4032 lo·
1320 3995 1323 4002 ’

36 4050 166 4119 δεξαμένη.
192 4055 351 4116 iioxchucr.
366 4046 445 4102 ἔσται
463 4039 519 4100 οὖν.
546 4053 606 4104 lbid.
661 4069 714 4104 cum
733 4061 801 4105 notat
817 4049 1008 4132 Δσξσπαῐρήςὶ
1033 4049 1114 4101 τοῦτο
1131 4049 1248 4129 Αριστσ·

38 4125 131 4202 Ssgper
149 4125 193 4172 nol
182 4123 236 4173 ller.
256 4131 279 4172 et
297 4121 435 4172 Felolm.l.
452 4115 498 4170 καὶ
510 4113 608 4199 ἆΧρι·
660 4137 676 4170 τ
677 4118 736 4181 έλης
760 4117 850 4202 ληρεῖ,
876 4113 1021 4186 ἐνδελεχῶς
1044 4115 1249 4186 σωμστσπιιῶν

37 4184 109 4242 uaris
142 4190 371 4241 Editirtnliimss.
391 4180 554 4242 assiduior.
660 4185 710 4242 τὰς
729 4185 838 4256 ψυχάς.
886 4191 938 4239 llox
967 4192 1067 4268 Seguer.
1097 4189 1194 4241 Goblcr.
1224 4193 1248 4240 cl

74 4260 89 4306 l.
112 4259 197 4338 Seguer.
218 4251 382 4324 sisnyc'rysro.
420 4257 481 4306 Editi
505 4271 560 4307 vero
585 4264 609 4308 ct
660 4258 766 4308 Fclclm.
783 4257 803 4307 l.
827 4255 885 4310 nain
911 4249 1057 4330 »inoperari
1075 4247 1158 4322 ψυχή
1195 4253 1248 4304 llox

41 4325 81 4374 alii
98 4317 248 4406 cinerulenta.
287 4327 338 4376 llox
357 4327 457 4388 Segner
476 4325 573 4376 Gublcr
585 4332 608 4373 ct
659 4325 732 4376 llasil
752 4317 784 4373 οὗ
801 4320 929 4406 θνήσκει.

43 4393 109 4442 Felcl
112 4409 138 4442 m.
156 4396 174 4444 l.
195 4389 242 4454 τὴν
264 4391 399 4460 γέννησιν.
437 4393 500 4444 Editi
526 4401 549 4443 et
567 4392 608 4442 rlii
693 4394 709 4446 i.
733 4393 833 4457 Sepuer.
857 4385 888 4442 ἐν
910 4384 988 4471 (idon
1033 4392 1093 4444 lbid.
1112 4391 1183 4442 Basil.
1201 4401 1248 4436 κα·

42 4451 90 4517 τὴν
105 4455 202 4524 γένεσιν.
383 4534 390 4542 .
658 4455 843 4529 ταδεχομένσς
859 4453 957 4529 ψυχάς.

984 4541 1043 4596 68*
