3128 5052
477 313 623 358 urrerem
638 311 658 355 t.
674 313 712 356 uu
728 311 924 357 senrrtonsu.
1034 371 1041 388 .
1244 297 1305 363 713

14 485 125 530 iere
155 465 306 546 possint,
335 483 410 544 quae
437 461 609 524 hominibus
638 481 694 524 neo
714 461 818 524 audire
839 481 896 524 nec
915 463 997 542 loqui
1018 463 1111 528 licet?
1155 465 1205 528 Sic
1227 467 1393 530 emmens

14 567 177 630 ‚²aulus
205 567 247 628 de
269 565 327 640 his,
350 583 425 645 quae
448 565 512 644 ipse
535 565 653 640 audivit,
676 573 802 628 testatus
826 573 883 638 est,
906 565 943 626 de
966 565 1027 626 ileo
1050 575 1148 630 eutem
1172 568 1244 631 baec
1258 569 1306 632 di-

14 671 101 732 cit:
142 668 259 742 Quom
280 667 504 748 iuvestigabiles
525 671 593 730 uine
615 661 699 730 eiua!
746 667 823 740 Quis
845 673 924 730 enim
947 674 1085 747 cognouit
1106 689 1228 734 tensum
1242 671 1308 734 De-

14 768 165 832 enini?
219 769 281 834 Aut
302 771 368 850 quis
392 770 587 832 consiliarius
609 772 674 831 erite
695 766 783 848 fuit?
825 767 901 830 Hinc
921 769 1067 831 abraham
1095 771 1168 832 nibil
1190 773 1308 835 curiose

14 870 232 950 inquisivit
253 888 309 932 nec
330 869 480 950 loquentis
503 869 592 930 rerba
615 869 770 943 discussit,
801 867 853 930 sed
878 871 1004 932 credidit
1025 871 1105 947 lieo,
1130 882 1158 934 ct
1179 884 1307 953 reputa-

19 985 124 1036 tum
160 984 216 1035 est
244 976 274 1033 ci
293 972 333 1033 od
354 973 512 1034 iustitiam.
557 969 607 1031 Sic
626 969 745 1049 lduyses
778 970 873 1032 tidelis
901 971 1029 1032 lemnius
1057 971 1221 1052 appellatus
1250 983 1306 1037 est.

22 1073 155 1148 Quod
184 1073 216 1134 si
238 1071 354 1146 Ariani,
382 1072 451 1152 quis
478 1073 509 1134 in
537 1071 708 1134 malevolam
729 1072 865 1150 ipsorum
888 1073 1015 1134 animam
1043 1083 1103 1134 non
1126 1073 1307 1152 ingredietur

25 1173 233 1255 sapientia,
256 1173 437 1238 individuam
459 1181 490 1235 et
511 1181 641 1236 sanctam
658 1173 833 1237 Trinitatem
848 1191 904 1236 nec
925 1173 1088 1254 intelligere
1108 1167 1165 1236 irec
1186 1175 1308 1238 credere

31 1285 203 1356 queunt,
235 1295 273 1338 ne
294 1275 404 1338 idcirco
428 1275 581 1336 rerimtem
604 1275 785 1349 adulterent,
817 1293 873 1337 nec
894 1287 968 1354 quae
990 1275 1049 1356 ipsi
1071 1277 1225 1356 percipere
1246 1295 1308 1338 non

33 1385 219 1458 possunt,
249 1378 324 1439 haec
350 1371 411 1438 rion
432 1395 523 1456 pesse
546 1373 621 1438 esse
635 1377 825 1439 contendent.
868 1377 1054 1438 Perabsurda
1078 1379 1156 1439 enim
1178 1397 1228 1440 res
1251 1386 1308 1450 est,

40 1478 147 1558 quod
176 1497 249 1540 cnm
270 1478 435 1557 concipere
446 1469 513 1539 ¹non
535 1477 659 1553 valeant,
682 1482 733 1557 qul
747 1479 813 1544 lieri
827 1477 927 1559 possit
941 1487 974 1540 ut
988 1467 1136 1566 individua
1154 1480 1194 1541 sit
1208 1489 1394 1545 sanctarena.

43 1579 228 1651 Trinitas,
261 1578 361 1640 Ariani
382 1578 493 1640 idcirco
516 1577 622 1640 Filium
645 1587 676 1640 et
697 1579 816 1658 Tropici
839 1579 981 1659 Spiritum
1004 1587 1139 1643 sanctum
1161 1581 1239 1643 inter
1259 1601 1308 1646 res

47 1689 190 1744 creatas
215 1688 383 1742 numerent.
427 1680 540 1759 Nempe
561 1698 688 1759 aequum
704 1690 776 1754 erat,
800 1681 845 1742 vel
860 1682 915 1743 ista
932 1699 992 1742 non
1007 1681 1203 1761 intelligentes
1218 1701 1308 1763 prur-

48 1803 119 1846 sus
148 1777 255 1856 silere,
277 1799 335 1843 nec
355 1780 424 1843 illos
445 1781 552 1843 Filium
574 1799 629 1843 nec
650 1782 727 1844 istos
743 1782 887 1863 Spiritum
903 1792 1036 1844 sanctum
1057 1783 1136 1846 inter
1157 1803 1208 1846 res
1224 1801 1309 1846 crea-

55 1895 113 1946 tas
141 1883 310 1956 collocare,
339 1883 385 1945 rel
405 1891 487 1945 certe
508 1883 589 1962 quod
612 1884 757 1963 scriptum
780 1891 826 1944 est
847 1903 1025 1962 agnoscere,
1055 1885 1219 1965 Filiumque
1242 1903 1310 1947 eum

55 1987 163 2048 Patre
186 1985 386 2064 coniungere,
415 1984 635 2064 neespiricum
656 2003 673 2046 a
695 1984 770 2046 Filio
794 1984 940 2058 dividere,
974 1987 1006 2046 ut
1028 1985 1140 2048 seilicet
1162 1985 1311 2048 individua

60 2108 103 2150 ac
129 2086 269 2148 eiusdem
291 2105 360 2148 vere
381 2085 531 2166 particeps
560 2094 681 2148 naturae
709 2094 898 2166 permaneret
926 2095 1026 2152 sancta
1048 2087 1188 2149 Trinitas.
1234 2087 1310 2160 Qui-

61 2191 130 2252 bus
155 2187 258 2267 ntique
280 2186 406 2266 cognitis
429 2207 490 2248 non
512 2205 549 2248 eo
572 2188 710 2250 andaciae
724 2207 920 2268 prorumpere
938 2188 1094 2259 debebant,
1117 2197 1150 2250 ut
1170 2187 1310 2250 dubitan-

66 2301 120 2352 tes
145 2289 342 2368 inquirerent
365 2307 493 2368 quonam
516 2297 601 2368 pacto
623 2291 697 2352 baec
719 2308 752 2350 se
773 2289 922 2362 habeant,
944 2307 983 2352 ne
1007 2289 1033 2350 si
1055 2291 1255 2370 interrogatus
1278 2289 1310 2352 in
1428 2313 1433 2322 ·

68 2389 292 2470 respondendo
316 2391 462 2462 haereret,
487 2389 544 2468 ipsi
566 2408 675 2469 pravos
698 2390 755 2452 sibi
779 2392 854 2470 ipsis
879 2409 989 2452 sensus
1005 2391 1310 2452 comminiscerentur.
1427 2426 1434 2440 ·

73 2493 163 2554 Haec
184 2489 260 2552 enim
290 2499 336 2553 est
364 2509 464 2554 rerum
494 2491 626 2553 omnium
654 2493 794 2569 iactmum
824 2492 1020 2571 inprimisque
1050 2493 1204 2576 leontinum
1235 2509 1311 2553 con·

75 2593 167 2665 ditio,
190 2601 222 2654 nt
243 2589 279 2654 de
300 2591 407 2664 rebus,
430 2595 507 2671 qu'ae
529 2591 626 2653 verbis
649 2592 773 2671 exprimi
796 2611 857 2654 non
879 2599 1009 2672 queunt,
1038 2593 1125 2670 digne
1146 2591 1228 2670 loqui
1250 2599 1311 2651 nun

79 2693 245 2774 possimus.
289 2691 384 2754 linior
405 2701 502 2754 autem
527 2709 599 2753 sane
621 2692 773 2754 temeritas
796 2691 901 2766 luerit,
929 2693 955 2753 si
978 2691 1014 2753 ad
1036 2693 1110 2753 baec
1132 2691 1234 2752 eadem
1257 2707 1311 2752 ex-

79 2793 216 2876 plicanda
243 2811 320 2854 nova
347 2792 488 2854 vocabula
515 2792 631 2871 aliaque
657 2811 673 2854 a
702 2793 864 2873 Scripturis
898 2790 1109 2870 excogitemus.
1156 2792 1217 2852 imo
1239 2809 1311 2852 vero

82 2897 208 2958 insanus
228 2895 387 2956 admodum
409 2895 458 2956 illc
482 2893 649 2956 censendus
672 2895 728 2968 sit,
762 2895 812 2973 qui
840 2895 924 2956 hisce
946 2893 983 2954 de
1005 2893 1095 2956 rebus
1119 2891 1313 2970 interroganti

85 2997 136 3057 vel
156 3004 262 3056 tantum
285 2996 394 3074 cogitet
416 2995 618 3074 respondere,
646 2996 883 3076 quandoquidem
912 3015 967 3058 nec
994 2995 1021 3056 is
1050 2996 1157 3056 mentis
1186 3011 1312 3073 compos

88 3115 156 3159 esee
175 3095 383 3168 aestimabitur,
411 3097 460 3176 qui
483 3098 557 3160 haec
578 3097 681 3159 eadem
695 3097 740 3160 de
762 3099 854 3160 rebus
876 3097 960 3159 lactis
983 3097 1071 3160 luerit
1093 3103 1311 3175 percunctatus.

179 3298 223 3362 18.
255 3297 339 3370 ,Nam
361 3296 406 3358 vel
428 3298 546 3360 tandem
569 3298 627 3370 illi,
657 3299 708 3378 qui
731 3299 768 3360 de
790 3317 823 3360 re
845 3298 924 3360 nulla
946 3297 1096 3369 dubitant,
1129 3295 1312 3374 respondere

95 3397 221 3472 audeant,
243 3395 392 3476 quomode
416 3405 502 3458 etex
526 3417 582 3478 qua
605 3399 727 3462 materia
749 3399 820 3462 caeli
839 3399 992 3462 constituti
1008 3397 1077 3470 sint,
1101 3397 1147 3458 rel
1169 3413 1312 3475 quaenam
1348 3393 1352 3401 '

98 3499 206 3561 illorum
226 3498 263 3559 sit
284 3498 440 3572 admixtio,
470 3517 566 3578 quove
588 3501 678 3562 modo
701 3501 747 3564 sol
770 3509 799 3562 et
820 3500 936 3580 singula
958 3507 1038 3560 astra
1060 3497 1230 3577 composita.
1246 3497 1312 3558 iue-

99 3599 164 3660 rint.
202 3599 306 3660 Verum
328 3599 398 3678 quid
420 3601 546 3675 mirum,
576 3603 604 3664 si
632 3621 668 3664 ex
697 3601 905 3680 superioribus
934 3599 996 3660 sive
1025 3597 1200 3660 caelestibus
1223 3595 1311 3657 rebus

99 3699 209 3761 illerum
229 3698 383 3762 amentiam
406 3702 631 3778 convincamus,
660 3721 727 3766 cnm
754 3719 852 3780 neque
881 3699 957 3779 ipsis
985 3707 1084 3779 pateat
1110 3715 1252 3779 quaenam
1274 3695 1312 3761 sit

106 3817 195 3860 rerum
215 3786 400 3876 iniuriarum,
423 3803 505 3865 verbi
528 3821 618 3866 causa
639 3803 805 3882 lignorum,
828 3809 949 3874 natura,
978 3800 1127 3880 quomodo
1149 3797 1312 3859 consistant

107 3919 196 3980 aquae,
216 3917 355 3980 quaenam
370 3903 417 3965 sit
438 3903 607 3966 animalium
629 3903 826 3965 coniormatio
848 3921 882 3962 ac
898 3899 1097 3980 compositio?
1138 3899 1218 3960 llaec
1232 3896 1310 3958 enim

141 4137 157 4170 c.
174 4121 273 4182 stetur.
288 4121 311 4170 i.
329 4121 430 4184 Seguer.
443 4123 541 4172 Gobler.
555 4129 578 4172 et
589 4121 674 4171 Felcl·
726 4121 771 4174 itii
790 4129 814 4170 et
837 4121 894 4170 editi
917 4121 1003 4169 babent
1026 4109 1155 4184 ἆῤῥῆτων
1172 4125 1195 4168 et
1212 4112 1310 4183 τολμη-

113 4189 214 4238 msnnii.
245 4187 305 4237 Editi
331 4181 487 4238 etaliii'rc.
527 4190 600 4238 Panlo
620 4197 677 4252 post
728 4183 785 4256 qdr.

114 4255 229 4304 Goblerian.
250 4265 272 4304 ct
291 4255 396 4306 Felclcm.
414 4256 434 4307 l.
452 4249 523 4322 μετὰ
548 4255 604 4310 τοῖς
620 4251 675 4304 rri-
736 4265 742 4270 ·
762 4271 782 4306 e.
801 4256 857 4316 lieg.
876 4253 900 4303 2.
924 4252 1069 4304 elicietur.
1090 4254 1111 4302 l.
1130 4249 1178 4301 τοῦ
1196 4264 1225 4302 τε
1243 4243 1312 4300 dioc

35 4340 44 4360 ι
117 4329 194 4386 ῦμασι.
728 4333 765 4373 dic

762 4359 779 4440 i.
798 4391 853 4450 lteg.
866 4390 887 4438 l.
907 4396 929 4438 et
947 4387 1045 4449 Segner.
1066 4379 1090 4445 ἥ.
1261 4431 1293 4446 ,,,

761 4473 782 4520 g.
802 4447 854 4503 ἀλλ’
875 4447 922 4502 cdx
940 4446 975 4502 ἄν
985 4456 1054 4504 deest
1064 4459 1087 4504 in
1098 4455 1154 4515 ileg.
1162 4451 1185 4500 2.
1196 4455 1219 4496 et
1227 4444 1249 4490 Ρ

727 4525 807 4575 manni
826 4523 849 4574 2.
868 4523 947 4594 elfled.
966 4522 1085 4573 Commel.

145 4423 164 4470 d.
178 4423 210 4486 Sic
225 4424 273 4486 lleg.
296 4425 317 4473 l.
336 4425 435 4486 Seguer.
454 4423 554 4476 Gobler.
569 4377 676 4477 Feldlm.

121 4485 138 4536 i.
153 4497 171 4538 st
184 4489 259 4552 basil,
282 4493 325 4542 sed
343 4491 416 4542 basil.
444 4492 515 4542 habet
538 4481 673 4560 ἇρῤἤτων.
