3064 5054
434 319 578 362 nrrsrosn
594 319 614 361 r.
631 321 665 362 nn
683 319 879 362 sennrronnu.
1206 301 1268 392 703,

80 472 173 536 durior
189 470 303 534 illomrm
324 471 395 549 snit.
440 470 491 532 Sir
514 471 632 533 dunisti
647 471 795 551 populum
818 481 917 545 tuum,
940 481 975 532 nt
996 471 1114 549 (aceres
1137 472 1354 532 tibino-nuu.

79 594 138 638 men
155 573 265 654 plurim:
288 571 353 651 quis
377 590 411 634 ex
434 571 481 634 his
503 572 657 634 veritatem
678 590 739 633 non
762 569 926 650 perspicit?
970 570 1042 632 Nam
1063 589 1127 632 cum
1143 571 1221 632 Deos
1236 590 1269 632 se

78 675 169 736 docem
186 674 275 754 populi
298 675 363 736 iore
385 681 467 737 esset
487 673 654 753 pollicitus,
677 693 746 736 ecce
767 691 828 734 non
850 674 909 734 iam
931 673 1083 752 angelum,
1107 673 1161 734 sed
1184 690 1270 734 sunm

77 777 207 858 Spiritum,
226 775 273 855 qni
295 775 408 854 angelis
431 776 568 854 superior
590 783 647 848 est,
671 775 824 838 ductorem
846 773 952 856 populi
971 793 1005 836 se
1022 775 1183 836 missurum
1198 792 1271 853 prn-

78 879 162 940 mittit.
199 877 289 950 Quare
309 865 407 956 patet,
436 876 578 956 Spiritum
607 895 671 938 nnn
698 896 732 938 ex
762 877 861 963 rebus,
879 876 985 939 creatis
1015 895 1112 956 neque
1135 876 1271 956 angelum

77 999 147 1050 esse,
171 979 215 1042 sed
238 979 326 1042 rebus
356 977 492 1042 omnibus
523 979 630 1042 creatis
654 978 839 1059 superiorem
861 989 891 1041 et
912 979 1007 1046 Puris
1029 979 1172 1041 divinitati
1196 997 1271 1040 eon-

75 1082 189 1142 iuuctum
207 1099 279 1142 esse.
333 1081 466 1160 Namque
495 1081 560 1161 ipse
589 1081 668 1143 Deus
696 1100 750 1161 per
773 1081 902 1144 Verbum
930 1082 962 1142 in
990 1079 1101 1161 Spiritu
1130 1081 1273 1160 populum
1355 1087 1357 1095 ’

73 1183 196 1255 ducehal;
215 1183 289 1244 unde
310 1201 365 1266 pqr
387 1190 478 1244 totam
498 1183 680 1262 Scriptorum
697 1191 835 1245 testatur:
858 1184 920 1264 ligo
941 1185 1034 1246 edoni
1052 1203 1106 1246 noa
1129 1184 1165 1244 de
1186 1192 1274 1244 terro

73 1287 198 1366 Aegyptir
227 1295 314 1348 testas
338 1303 391 1346 uos
414 1289 501 1358 esen,
525 1289 553 1348 ai
572 1285 656 1348 Deus
679 1285 798 1348 olianus
821 1297 889 1348 erot
910 1289 943 1349 in
965 1287 1273 1364 schismatum,

72 1386 161 1448 Sancti
179 1403 290 1466 qnoque
312 1385 351 1448 ita
373 1386 435 1447 lieo
456 1386 634 1465 loquuntur:
655 1387 821 1450 Deducisti
841 1391 920 1450 siout
935 1407 1010 1450 ovea·
1015 1387 1163 1468 populum
1179 1395 1274 1448 tuum.

70 1488 103 1550 Et
122 1489 232 1550 nudauit
253 1507 302 1550 eos
325 1487 472 1550 Dominus
495 1492 527 1550 in
549 1507 609 1568 spe,
633 1499 662 1550 et
676 1507 739 1552 uon
755 1493 929 1560 limitarunt.
973 1488 1049 1551 Huic
1070 1488 1165 1550 eidem
1187 1487 1273 1567 bym-

67 1591 286 1662 annotinum,
310 1589 360 1668 qui
382 1589 478 1652 aiunt:
511 1590 574 1663 Qui
595 1591 736 1653 traducit
753 1591 903 1672 populum
925 1611 1015 1654 suum
1032 1610 1091 1674 per
1113 1593 1275 1664 desertum,

67 1697 196 1775 quonrhm
215 1696 245 1754 in
266 1692 419 1754 socculum
439 1693 651 1755 misericordia
672 1697 749 1756 eiua.
792 1693 915 1772 Magnus
943 1712 1014 1756 vern
1043 1693 1160 1774 lloyses
1188 1691 1275 1754 iden-

69 1795 149 1856 tidem
170 1793 285 1874 repetit:
315 1793 462 1856 Dominus
484 1793 582 1865 Deus,
607 1797 667 1876 qni
682 1799 786 1876 praeit
808 1806 877 1858 onte
898 1797 1008 1876 sociem
1029 1807 1172 1858 oestrum
1215 1794 1276 1856 ltu-

68 1915 122 1975 que
141 1895 186 1956 liei
207 1894 333 1974 Spiritus
362 1912 422 1958 non
453 1905 499 1956 nst
520 1895 639 1974 angelus
662 1913 759 1976 neque
780 1915 830 1958 res
853 1905 966 1970 creata,
996 1896 1049 1957 sed
1079 1897 1145 1959 eius
1167 1896 1277 1960 divini-

66 1999 131 2059 tatis
151 2007 191 2060 est
210 1997 359 2077 proprius.
403 1997 476 2059 Nam
499 2015 566 2058 cum
588 1996 717 2076 Spiritus
740 1999 770 2060 in
794 1999 906 2079 populo
930 2005 1025 2072 esset,
1048 1997 1128 2060 Deus
1150 2016 1204 2078 per
1224 1999 1276 2072 Ei-

59 2100 129 2162 hum
150 2101 178 2160 iu
199 2099 307 2180 Spiritu
330 2099 361 2160 in
383 2099 488 2162 iisdem
511 2105 583 2160 erat.
680 2083 683 2092 ’

142 2305 189 2367 13.
233 2301 361 2375 „Verum
377 2303 449 2362 haec
470 2301 509 2362 ita
533 2301 603 2374 aiut,
626 2301 766 2381 inquiunt
787 2302 839 2376 illi,
863 2321 915 2364 cnr
930 2303 1019 2383 igitur
1032 2303 1192 2384 Apostolos
1208 2311 1279 2384 post

51 2405 231 2479 „Christum
253 2421 313 2466 non
336 2403 480 2484 Spiritum
509 2413 659 2475 sanctum,
693 2393 747 2464 sed
776 2404 885 2466 electos
907 2404 1035 2485 Angelos
1062 2405 1277 2470 nominaviti“

47 2506 137 2586 Atqui
167 2505 244 2568 idem
272 2505 307 2566 ah
336 2504 393 2569 illis
422 2504 528 2566 merito
558 2504 624 2584 quis
656 2504 837 2566 sciscitetur:
868 2505 967 2578 Quare
995 2525 1057 2568 non
1078 2507 1279 2587 Archangelos

46 2615 147 2688 n'eque
170 2607 330 2670 Cherubim
360 2625 455 2688 neque
478 2606 634 2685 Seraphim
656 2623 752 2685 neque
775 2606 998 2670 [inminutiones
1019 2627 1117 2688 neque
1139 2610 1279 2672 Thronos

45 2731 147 2790 neque
170 2710 241 2789 quid
264 2695 352 2783 aliurl,
375 2709 429 2772 sed
450 2707 533 2770 solos
558 2708 668 2772 electos
689 2707 816 2787 Angelos
838 2707 947 2771 Paulus
973 2709 1159 2773 nominarit?
1202 2711 1280 2774 lium

43 2833 129 2894 ergo,
154 2813 309 2894 qnia-non
330 2811 370 2872 ita
392 2811 570 2884 nominarit,
592 2809 695 2888 Angeli
718 2817 789 2871 sunt
810 2810 1003 2891 Archangeli,
1026 2821 1077 2874 aut
1098 2813 1155 2874 soli
1177 2811 1280 2893 Angeli

41 2909 214 2983 exsistunt,
245 2913 375 2992 nullique
403 2921 477 2976 sunt
497 2912 653 2994 Seraphim
683 2919 733 2974 aut
756 2911 928 2986 Cherubim,
963 2913 1034 2974 nulli
1055 2913 1228 2994 Archangeli
1251 2922 1282 2976 et

39 3017 286 3090 [inminutiones
309 3016 381 3078 nulli
403 3015 518 3077 Throni
540 3023 570 3076 et
590 3013 787 3093 Principatus,
810 3013 884 3076 nihil
906 3013 1033 3094 denique
1055 3015 1134 3078 aliud
1156 3014 1280 3078 existit?

39 3121 157 3180 Verum
178 3118 211 3180 id
246 3118 396 3198 inquirere
418 3118 489 3180 nihil
513 3116 591 3179 aliud
613 3124 674 3189 est,
704 3133 792 3196 quam
814 3115 970 3196 Apostolo'
985 3116 1194 3180 necessitatem
1222 3118 1281 3180 boc

36 3221 86 3282 vel
112 3220 168 3280 illo
190 3220 284 3282 modo
308 3220 459 3284 scribendi
482 3220 644 3298 imponere,
667 3236 723 3279 nec
744 3235 805 3280 non
822 3217 936 3280 divinas
949 3219 1116 3298 Scripturas
1131 3219 1280 3299 ignorare,
1316 3209 1319 3222 '

34 3341 69 3384 ac
90 3322 232 3402 proinde
256 3341 273 3384 a
295 3321 416 3384 veritate
438 3321 585 3384 aberrare.
630 3319 705 3382 Ecce
728 3319 807 3380 enim
830 3319 907 3399 apud
930 3319 1047 3382 Esaiam
1070 3321 1213 3401 scriptum
1234 3321 1280 3384 le-

34 3425 155 3502 gimus:
189 3424 330 3486 Accedito
352 3424 392 3486 orl
412 3441 457 3484 nee
481 3434 507 3484 et
530 3421 631 3484 ondita
655 3421 741 3484 hoec:
770 3419 839 3482 Non
868 3421 904 3484 ob
931 3425 1019 3486 initio
1047 3427 1080 3484 in
1106 3424 1366 3486 absconditorum.

34 3526 164 3590 locutus
189 3545 281 3599 arrm‚·
312 3543 402 3606 quum
422 3523 525 3604 fieret,
555 3523 598 3584 ibi
618 3539 716 3596 erom3
748 3533 776 3586 ct
804 3541 883 3586 nuno
906 3523 1053 3586 Dominus
1081 3526 1163 3584 misit
1184 3541 1230 3586 me
1252 3533 1281 3584 et

34 3626 183 3706 Spiritus
212 3632 289 3690 eiua.
312 3625 364 3705 ,Et
385 3624 461 3704 apud
476 3624 638 3703 Aggaeum:
662 3623 700 3686 lit
721 3643 804 3688 nunc
819 3625 998 3704 confortare
1012 3622 1187 3696 Zorobobcl,
1211 3625 1282 3688 ‹h'eit

59 3829 83 3860 e.
107 3810 248 3879 συνεχῶς
267 3807 401 3876 διηγεῖται
419 3811 645 3862 omittuntGobler.
699 3812 737 3868 l.,
763 3812 803 3875 qni
830 3811 901 3860 iirlcm
926 3811 1074 3927 paulopost
1091 3801 1202 3875 ἄγγελοί
1218 3803 1280 3866 einr,

36 3889 43 3926 t
66 3881 193 3929 i'elclrm.
216 3883 240 3930 l.
279 3881 330 3929 llox
348 3880 436 3928 ibidem
455 3881 527 3929 iidem
547 3886 570 3928 et
588 3879 644 3941 ling.
695 3871 741 3925 καὶ
760 3869 821 3926 οὔτε
833 3871 1007 3946 oinpoetpnpr

39 3957 96 3996 ,ot
119 3948 146 3997 2.
178 3958 208 3998 at
229 3950 330 4010 Seguer.
349 3939 435 4013 aipein.
473 3946 518 3997 Alii
543 3955 565 3996 et
587 3947 643 3996 editi
696 3939 1002 3998 minoritatem.

34 4014 122 4132 51:⁸32}
144 4014 645 4143 finpff’mffflllrfffflae'ogl{3⁰⁰3
730 4061 752 4109 g.
770 4047 811 4097 Sic
828 4047 885 4110 lleg.
897 4049 918 4097 l.
938 4055 961 4097 et
979 4049 1077 4110 Seguer.
1112 4047 1156 4097 Alii
1167 4055 1245 4096 antero
1260 4055 1284 4097 et

34 4151 103 4200 steri
127 4161 156 4202 et
177 4153 247 4202 editi
267 4143 333 4200 itt&
344 4147 448 4218 μᾶλλον
457 4148 505 4211 τῆς
513 4141 645 4246 θεότητος
697 4107 978 4250 Ξῖἓὲεῗαεὲὸςάξιὲῗέ
1003 4123 1058 4181 9⁰⁵⁸
1081 4115 1155 4166 fldem
1179 4115 1237 4178 ΗΕΒ·
1260 4125 1284 4166 ⁰⁸

1020 3891 1067 3926 ναι
1082 3869 1210 3944 δυνάμεις
1218 3871 1281 3933 elci,
1378 3873 1385 3888 ’

34 4225 63 4266 lc.

50 4287 69 4334 i.
96 4286 155 4336 Pro
177 4281 263 4354 μηδὲ
286 4295 309 4338 et
332 4290 356 4338 iu
374 4287 530 4352 sequentibus
548 4287 646 4338 Goblcr.
732 4285 754 4335 b.
775 4285 871 4336 Gobler.
891 4293 914 4334 et
932 4285 1036 4334 Felclm.
1048 4285 1069 4334 l.
1087 4277 1133 4332 nui
1146 4274 1283 4349 Ἀγγαῖος·

34 4353 192 4406 .Felehm.
222 4357 248 4406 1.
272 4348 527 4416 r’r'habent.,lbidem
547 4356 603 4418 lteg.
624 4356 645 4405 1.
696 4346 742 4402 uui
772 4351 822 4402 νῦν
848 4362 892 4404 etc.
950 4353 1003 4402 lion
1028 4345 1076 4400 καί
1099 4367 1168 4418 seqq.
1196 4354 1284 4404 habent

34 4423 186 4484 *Segnern
217 4417 358 4478 ἐκλεκτοὺς
380 4415 483 4490 po'uour
506 4413 642 4488 ἀγγέλους.
697 4422 785 4484 liegins
805 4421 827 4470 l.
852 4429 876 4470 ct
893 4419 916 4470 2.
936 4429 960 4470 et
977 4422 1090 4483 Sequar„
1115 4421 1173 4472 editi
1197 4429 1220 4472 et
1239 4421 1284 4471 'alii
1329 4441 1334 4462 ι

34 4488 82 4538 liti
106 4506 179 4542 nero
204 4499 236 4542 et
255 4493 294 4542 olii
313 4507 394 4542 rocem
412 4485 513 4558 μόνους
524 4492 644 4541 omittunt.
697 4491 831 4558 omittunt.¹
851 4489 911 4550 item
930 4489 1283 4553 charismatumque.

34 4569 70 4606 ox
93 4573 148 4610 uox
172 4555 296 4614 Παῦλος
313 4561 381 4612 deest
393 4560 496 4612 inGobl.
507 4558 643 4610 etFelelm.
695 4551 766 4622 λέγει
782 4549 881 4622 riripmr.
1161 4579 1173 4588 κ’
