3128 5052
481 323 662 370 nrtsrouau.
686 307 728 370 an'
745 325 941 371 snmrtounu.
1281 321 1340 384 723

82 475 201 555 probi
230 473 371 538 mensarii
401 476 621 552 discernamus,
654 495 726 540 num
758 479 914 558 proprium
943 479 1053 561 aliquid
1079 483 1188 548 babeat
1211 485 1343 566 Spiritus
1352 494 1427 538 noro.

1 637 2 652 }
90 596 184 640 cum
205 575 296 640 rebus
319 577 440 654 creatis,
470 578 517 640 vel
537 597 574 640 an
596 579 737 659 proprius
760 579 893 654 sittim,
918 591 950 643 ut
971 601 1038 644 eum
1060 585 1107 648 vel
1128 605 1191 648 rem
1215 596 1344 650 creatam

86 679 157 740 vei
182 679 272 741 alium
294 679 424 742 a'rebue
454 681 562 742 creatis
590 681 803 762 propriumque
830 683 990 746 diuinitatis
1018 685 1171 750 Trinitatis
1200 697 1231 750 et
1250 708 1344 752 unum
1381 697 1383 700 ’

89 801 140 842 ex
173 799 206 842 oa
230 799 298 844 esse
321 780 464 854 dicamus.
508 781 626 846 Forsan
649 784 728 846 enirn
750 785 809 846 boc
829 785 1115 864 pacto-erubescent
1136 789 1197 862 iili,
1220 791 1272 852 ubi
1294 791 1341 852 di-

1 934 2 964 3
86 883 247 955 dicerint,
272 893 414 963 quantum
437 884 597 966 impictatis
619 885 718 962 verba,
741 905 816 966 quac
832 884 991 950 commenti
1014 899 1093 963 sunt,
1117 891 1255 954 adivinis
1271 911 1341 955 ora-

1 1035 2 1038 *
87 984 186 1047 culis
210 983 388 1066 discrepent.

199 1191 250 1252 22.
294 1189 397 1268 itaque
419 1207 468 1250 res
491 1197 606 1252 creatae
635 1209 670 1256 cx
698 1189 787 1252 nulla
805 1208 839 1253 re
867 1193 959 1254 [acme
987 1201 1058 1256 sunt
1087 1195 1256 1276 habentque
1278 1199 1342 1260 cxi·

90 1289 210 1350 stendi
232 1290 421 1371 principium.
466 1291 617 1370 Siquidem
647 1295 680 1354 to
702 1296 856 1374 principio
889 1296 964 1375 [ecit
985 1295 1068 1358 nero
1093 1297 1206 1360 coelum
1227 1307 1257 1362 et
1279 1308 1343 1362 ter-

97 1411 181 1454 rac·
205 1392 371 1466 adomnia,
401 1411 476 1472 quae
504 1392 606 1454 in'eis
636 1400 716 1454 sunt
759 1393 796 1454 Aa
823 1394 952 1474 Spiritus
981 1405 1102 1460 sanctus
1132 1417 1168 1462 ex
1188 1398 1250 1461 Deo
1274 1418 1342 1464 csse

98 1493 232 1555 dicitnr.
277 1494 370 1557 Nemo
393 1495 483 1576 enim,
497 1493 612 1574 iuquit,
636 1501 693 1565 scit
715 1515 789 1576 quac
812 1508 884 1561 sunt
900 1498 1037 1572 dominia,
1060 1504 1124 1564 ca'aa'
1143 1506 1272 1582 spiritus
1288 1503 1344 1566 bo·

99 1599 217 1668 minis,
241 1600 295 1678 qui
313 1599 346 1658 a'aa
368 1599 435 1676 ipsc
457 1606 521 1674 cot‚·
544 1600 589 1660 a'tc
611 1606 639 1659 et
661 1616 736 1677 quoe
751 1597 811 1660 Dei
822 1610 896 1662 suat
915 1619 1002 1664 nemo
1025 1607 1172 1688 coqaooit,
1194 1609 1259 1668 nter·
1271 1603 1344 1685 Spi-

99 1697 287 1784 ritquca'.
331 1697 395 1760 Nos
419 1709 603 1780 autemnon
625 1702 770 1778 spiritum
789 1695 897 1762 munda·
916 1705 1094 1783 accepimus,
1117 1707 1170 1768 scd
1183 1696 1342 1786 Spiritum,
1431 1738 1441 1757 s

99 1803 165 1882 qui
187 1817 226 1862 em
247 1799 310 1862 Deo
333 1810 388 1862 est.
434 1799 585 1872 Quaenam
609 1799 698 1880 igitur
723 1801 859 1880 cognatio
883 1801 1015 1881 Spiritus
1036 1823 1103 1866 cum
1125 1805 1215 1868 rebeus
1237 1805 1343 1868 creatis

3 1967 10 1987 f
99 1921 145 1964 ex
170 1900 220 1962 bis
243 1919 312 1964 esse
332 1899 473 1979 videtur?
517 1899 634 1962 Etenim
657 1919 706 1966 res
729 1911 843 1966 creatae
865 1921 927 1966 non
949 1913 1048 1977 erant,
1078 1905 1208 1970 atticus
1236 1893 1343 1982 isaei,

103 2003 165 2086 qui
189 2011 252 2077 cst,
281 2021 317 2064 ex
340 1995 398 2082 quo
422 2011 451 2064 et
472 2002 537 2082 ipse
558 2002 689 2082 Spiritus
712 2011 769 2065 cst.
815 2005 902 2078 Quod
924 2003 1022 2068 autern
1045 2027 1082 2068 er
1103 2007 1165 2069 Deo
1188 2016 1250 2083 est,
1283 2027 1344 2070 non

103 2112 217 2185 potest
238 2123 308 2166 esse
329 2123 364 2166 er
386 2103 480 2169 uibito
502 2123 599 2184 neque
621 2123 670 2166 res
693 2113 800 2179 creata,
823 2123 862 2168 ne
884 2108 1047 2170 secundum
1070 2121 1132 2170 eos·
1145 2107 1194 2170 ille
1216 2121 1345 2190 quoque,

1 2203 2 2206 ’
107 2227 152 2270 ex
176 2224 237 2288 quo
260 2206 388 2286 Spiritus
411 2213 530 2268 sanctus
554 2215 615 2278 est,
636 2225 686 2268 res
708 2215 804 2269 creata
828 2225 896 2270 csse
918 2216 1048 2287 putetur.
1095 2209 1169 2282 Quis
1192 2229 1264 2290 crgo
1286 2211 1345 2273 bu-

6 2383 7 2391 *
107 2309 248 2372 iusmodi
271 2308 447 2394 insipientes
468 2311 547 2372 t'erre
568 2309 681 2388 possit,
714 2309 764 2388 qui
787 2317 817 2392 et
837 2309 897 2389 ipsi
920 2309 949 2371 in
973 2311 1062 2374 corde
1084 2329 1139 2372 suo
1163 2311 1264 2374 dicunt
1285 2329 1348 2374 non

4 2400 8 2409 ¹
102 2425 187 2474 'esse
208 2409 328 2474 Deum?
370 2409 444 2472 Nam
468 2409 494 2472 si
516 2410 764 2490 quemadmodum
787 2429 874 2476 nemo
902 2412 986 2474 norit
1013 2431 1087 2492 quae
1115 2421 1185 2476 sunt
1203 2413 1347 2488 bominis,

111 2515 180 2576 nisi
204 2512 327 2592 spiritus
348 2513 491 2586 bominis,
514 2512 563 2590 qui
586 2511 706 2591 inipso
729 2521 784 2586 est,
808 2513 847 2588 ita
871 2521 901 2576 et
917 2511 996 2592 'quae
1018 2501 1266 2576 sunt'neanemo
1288 2531 1347 2576 no-

1 2613 2 2618 ’
111 2615 250 2690 sitnisi
272 2614 419 2694 Spiritus,
448 2612 499 2693 qui
521 2613 551 2674 in
573 2614 640 2692 ipso
664 2619 728 2688 cst;
755 2633 793 2675 an
820 2631 882 2674 non
911 2631 1044 2676 summae
1071 2614 1230 2692 impietatis
1259 2615 1349 2675 tuerit

89 2744 97 2756 ³
114 2721 219 2801 dicere
246 2735 311 2780 rem
340 2724 558 2780 croatamesse
581 2714 741 2794 Spiritum,
771 2714 820 2793 qui
847 2715 880 2776 in
901 2714 964 2776 Deo
993 2723 1039 2776 cst
1067 2723 1098 2776 et
1124 2713 1175 2793 qui
1201 2713 1349 2794 protunda

1 2817 2 2822 ’
113 2803 367 2884 Dciscrutatur?
410 2817 482 2879 Nam
505 2817 555 2896 qui
578 2835 612 2878 ea
633 2824 732 2878 monte
755 2822 812 2890 est,
835 2816 920 2878 fateri
941 2815 1042 2894 utique
1057 2823 1188 2896 cogetur,
1210 2814 1348 2896 spiritum

1 2919 3 2942 ⁵
112 2922 251 2987 bominis
273 2929 354 2984 extra
376 2919 528 2982 bominem
552 2937 628 2992 esse,
652 2927 682 2980 et
696 2917 835 2993 Verbum,
857 2918 937 2999 quod
960 2925 1006 3002 est
1028 2917 1057 2978 in
1071 2918 1170 2993 Patre,
1192 2935 1256 2980 rem
1278 2917 1349 2978 item

1 3021 2 3106 j
116 3033 250 3088 creatam
274 3041 354 3086 esse.
397 3021 554 3083 Praeterea
575 3019 706 3100 Spiritus
725 3029 755 3082 ct
777 3029 825 3082 est
847 3011 1006 3082 ct'dicitur
1033 3019 1156 3100 spiritns
1184 3018 1348 3081 sanctitatis
1357 3031 1436 3078 eeu.

101 3137 150 3200 *et
172 3123 387 3188 renovationis.
431 3122 540 3184 Scribit
562 3122 708 3202 siquidem
729 3122 855 3184 Paulus:
882 3122 946 3196 Qua'
961 3122 1211 3203 proedestinatus
1233 3133 1279 3183 est
1298 3119 1350 3183 n·-

1 3216 2 3219 '
121 3229 184 3292 trus
206 3227 265 3290 Dei
290 3230 323 3288 ira
351 3229 465 3312 uirtute
495 3225 659 3286 oecuadum
679 3224 831 3304 Spiritum
859 3227 1031 3286 sanctitutis
1055 3239 1099 3286 'ec
1125 3226 1353 3286 resurrectione

119 3339 317 3394 mortuorum
338 3325 450 3390 *Iesus
475 3313 615 3388 Christus
638 3326 786 3390 Dominus
815 3335 932 3388 nostor.
976 3323 1014 3386 Et
1041 3323 1149 3388 iterum
1176 3323 1261 3386 dicit:
1292 3322 1353 3385 Sed

123 3431 312 3511 sanctificati
333 3427 502 3500 eatis,'rcd
529 3427 690 3508 iustificati
714 3431 787 3490 estio
818 3431 851 3490 in
872 3431 990 3492 amatae
1012 3426 1138 3488 nomint
1157 3429 1261 3488 acatro'
1280 3423 1353 3487 doru

125 3531 243 3595 cortou
264 3541 291 3593 et
312 3533 345 3591 ira
360 3528 481 3610 Spiritu
494 3527 553 3596 uer
571 3534 681 3594 nostri.
726 3529 805 3592 ilaec
826 3513 945 3610 quoque
965 3527 1003 3590 ad
1019 3527 1119 3590 Titum
1138 3526 1255 3588 scribit:
1280 3523 1354 3587 Cum

196 3783 212 3815 ¹⁸¹
230 3785 256 3834 ln
281 3785 373 3848 vulgatu
401 3785 502 3836 babetur
519 3785 572 3834 teau
591 3785 676 3835 dbrtatt
693 3785 785 3834 Domini
801 3785 889 3844 nostri,
910 3795 971 3844 quae
989 3793 1037 3844 quo
1055 3778 1183 3829 referenda
1201 3779 1264 3836 sint,
1288 3775 1354 3826 varia

127 3863 166 3906 est
184 3862 310 3904 annornm
328 3856 455 3904 sententia.
492 3851 604 3917 Plerique
628 3860 708 3901 tomen
733 3851 793 3900 baec
807 3850 879 3899 rerba
893 3839 982 3907 Ἰησοῦ
999 3843 1124 3913 Χριστοῦ
1141 3853 1186 3896 etc.
1206 3846 1236 3895 ad
1253 3844 1295 3894 itta
1314 3857 1353 3892 rc-

126 3923 187 3973 ierri
206 3922 289 3972 uolunt
306 3937 326 3971 r.
340 3921 364 3971 3.
382 3915 511 3986 περὶτοῦ
529 3913 599 3968 utos
637 3919 685 3968 Sed
705 3919 745 3968 bic
762 3931 809 3968 non
829 3931 903 3981 posse
920 3918 1048 3966 commodo
1066 3914 1152 3965 reterri
1171 3912 1217 3962 nisi
1235 3911 1265 3961 ad
1282 3911 1354 3960 rerba

96 3988 99 3996 ’
124 3988 175 4040 τοῦ
194 3983 356 4058 ὁρισθέντος
372 3980 433 4038 υἱοῦ
452 3989 525 4040 cuivis
543 3987 699 4053 perspicuum
717 3993 761 4036 cat

125 4120 171 4174 καὶ
197 4117 232 4173 τὰ
257 4122 414 4180 cadmei,
440 4117 465 4173 et
485 4117 524 4190 μὴ
543 4116 575 4170 τὸ
593 4113 624 4172 ἐν
641 4111 715 4186 obrui
768 4128 792 4172 et
815 4119 873 4170 editi
896 4119 935 4169 bic
960 4125 1017 4183 post
1040 4105 1124 4180 λόγον
1148 4113 1238 4164 addunt
1259 4105 1354 4161 καὶτὸ

124 4191 241 4260 πνεῦμα.
276 4193 369 4242 ibidem
394 4194 451 4256 itaq.
473 4192 494 4242 t.
518 4193 619 4254 Sequor.
643 4191 716 4241 Basit.
766 4185 881 4254 πνεῦμα.
916 4187 991 4237 tidem
1010 4185 1102 4248 itepl.
1120 4179 1355 4260 Seguer.etiteg.2.

130 4261 221 4324 duplic.
247 4261 390 4324 particulam
417 4275 466 4308 our
491 4260 621 4316 obiiciunt.
645 4273 716 4324 quam
769 4271 824 4306 mar
849 4249 960 4322 κτίσμα.
998 4253 1043 4303 attt
1061 4259 1142 4302 aotam
1168 4257 1192 4300 et
1218 4250 1275 4300 adrtr
1298 4248 1355 4298 attt-

131 4330 170 4378 atii
188 4337 212 4379 et
231 4329 287 4378 editi
306 4339 363 4393 post
381 4325 638 4380 rocemmisaddunt.
657 4328 716 4376 item
768 4333 868 4391 σματα.
986 4335 993 4344 ·

131 4395 187 4446 ibid·
206 4386 294 4461 1)ῐοθῦ
306 4389 518 4478 δῦἒφημθῖῐῖθὲ·
531 4385 713 4475 ¹·„⁰'³W⁰”'·
803 4429 820 4478 t.
839 4423 938 4478 Gobter.
955 4421 1060 4472 autenm,
1078 4421 1143 4479 t.‚at
1159 4420 1259 4484 Sequor.
1276 4419 1316 4470 hic
1332 4426 1359 4467 οἱ

125 4461 200 4514 Abest
218 4479 315 4530 quoquc
332 4467 363 4516 ab
380 4465 471 4527 Austro.
489 4477 525 4513 αν
541 4477 592 4524 ⁶⁰1·
772 4496 835 4546 quq„
853 4485 1057 4544 ἆνακαινίσεως.

163 4578 184 4616 e.
202 4567 243 4618 Sic
260 4567 318 4630 tter.
339 4568 362 4622 t.
386 4575 410 4618 et
433 4567 532 4631 Sequar.
568 4565 614 4618 atti
638 4573 718 4618 auten
1098 4638 1155 4692 46*
