3006 5054
405 367 550 412 sersrom
565 367 606 412 on¹
620 367 785 414 ssursnrn
798 367 939 414 nronrsn.
1244 357 1286 422 es
1311 339 1314 346 ’

99 535 145 595 qne
160 516 206 580 bac
223 517 250 580 in
270 525 351 596 parte
373 517 570 585 aemulatores
593 525 674 593 sunt,
695 537 713 582 s
733 518 840 598 quibus
862 519 950 584 etism
966 519 1117 584 cunum
1138 520 1371 602 abnegaremus

96 618 242 682 didicerunt.
282 619 326 680 llll
349 618 508 698 siquidem,
529 627 686 700 postquam
709 627 768 682 tarn
790 619 881 684 mults
901 629 1039 702 uotaque
1052 619 1197 686 dominus
1218 621 1284 686 edi·
1346 625 1349 630 ’

94 719 160 782 deret
183 737 281 799 opma,
308 719 417 800 quibus
445 721 688 800 panniacum,
718 738 752 782 se
775 720 924 784 Christum
946 739 1018 786 esse
1034 721 1142 788 Filium
1162 723 1216 786 Ilei
1238 724 1285 786 ri·
1372 790 1377 800 ,

90 819 180 892 rentis,
205 839 269 882 cunt
298 819 334 882 ab
357 839 393 882 eo
415 820 541 884 conncti
563 821 662 884 omnia
684 821 825 902 deinceps
847 822 1003 886 adversum
1023 822 1190 904 Scriptum
1213 839 1285 888 sen·

89 921 159 980 tirem
175 920 381 1002 dicerentque,
404 939 460 984 nec
481 922 612 984 valerent
632 930 822 1004 argumenta,
845 921 953 1002 quibus
977 923 1218 1000 confutabuntur,
1240 925 1287 990 rel

87 1021 212 1102 puppo
233 1022 367 1097 obtueri,
398 1023 433 1085 ed
454 1023 654 1086 patriarcham
683 1024 880 1104 confugerunt
901 1023 1050 1086 dicentes:
1080 1023 1142 1088 Nes
1167 1037 1287 1107 potrsst

83 1123 201 1186 lolam
223 1124 393 1196 Abrohom,
419 1123 476 1188 rati
504 1141 538 1186 se
565 1123 606 1185 ita
633 1141 726 1204 posse
746 1123 899 1187 stultitiam
922 1123 1070 1188 occultare
1090 1143 1185 1190 sunm
1228 1125 1288 1190 Sed

79 1243 124 1286 uec
140 1225 194 1290 illis
216 1225 378 1305 quidquam
401 1225 548 1288 eiusmodi
571 1225 661 1288 rerba
682 1226 839 1305 proluere,
862 1243 959 1305 neque
981 1226 1013 1288 bi
1033 1225 1208 1304 Dionysium
1229 1245 1286 1288 ns·

79 1327 199 1390 meando
226 1325 363 1388 eiusdem
391 1325 522 1388 criminis
549 1334 652 1390 nomm
674 1327 804 1405 elingere
825 1326 973 1390 valebunt.
1015 1326 1091 1394 nno
1111 1335 1141 1388 et
1163 1327 1230 1390 illos
1253 1345 1289 1391 es

78 1427 136 1506 ipsis
162 1429 227 1490 suis
258 1425 421 1490 sceleribus
444 1427 578 1506 coarguit
598 1427 743 1490 Dominus
766 1427 813 1490 bis
835 1427 949 1490 serbis:
971 1427 1039 1492 Hoc
1059 1428 1213 1492 Abrohom
1226 1447 1290 1492 ace

78 1530 148 1608 sest,
180 1535 211 1590 et
244 1528 304 1588 bos
338 1543 458 1590 rursum
485 1527 645 1607 impietatis
672 1527 877 1608 mendaciique
905 1529 971 1610 ipsa
996 1530 1107 1595 veritus
1134 1529 1291 1596 convincet

79 1627 275 1708 mtmdetqne,
303 1628 478 1708 Dionysium
507 1629 682 1710 episcopum
718 1645 774 1694 nec
803 1629 907 1692 eadem
934 1647 1012 1708 quse
1035 1630 1124 1694 brius
1154 1629 1289 1694 sensisse

80 1747 123 1790 nec
142 1730 298 1810 ignorasse
319 1730 483 1792 veritatem.
527 1730 588 1792 Sed
614 1749 683 1794 cum
704 1731 816 1810 antiqui
837 1731 879 1792 illi
903 1740 965 1793 tum
986 1729 1056 1793 nori
1078 1731 1129 1794 isti
1150 1729 1251 1794 ludaei
1272 1745 1288 1794 s

76 1841 147 1910 patre
166 1851 221 1893 suo
245 1830 365 1893 diabolo
387 1830 560 1894 huiusmodi
583 1830 614 1894 in
629 1831 781 1894 Christum
802 1832 934 1894 lurorem
955 1831 1119 1896 hereditate
1138 1849 1288 1914 occepere.
1402 1908 1408 1918 ι

75 1931 158 2012 llagni
183 1941 267 1995 certe
293 1931 457 2010 argumenti
485 1939 548 2006 est,
577 1933 609 1994 in
629 1932 689 1996 hoc
710 1932 777 1994 illos
799 1950 869 1994 rere
891 1932 1087 2007 perdicere,
1118 1932 1173 1994 sed
1192 1933 1290 1996 rursm

76 2033 248 2106 nlrnnniari,
278 2033 357 2112 qnod
379 2051 436 2095 nec
456 2033 506 2096 ille
527 2051 657 2112 unqtsam
679 2033 716 2095 ab
738 2032 803 2094 aliis
825 2033 983 2114 Episcopis
1006 2033 1209 2114 deprehensae
1230 2033 1288 2094 im-

75 2134 178 2213 pientis
209 2135 367 2196 damnatus
388 2133 571 2214 Episcopatu
597 2135 701 2214 pulsus
730 2134 787 2206 sit,
815 2143 850 2196 nt
876 2133 918 2196 illi
946 2133 1070 2196 eClere
1099 2133 1185 2196 eiecti
1208 2139 1288 2206 sunt,

76 2253 158 2316 neqm
179 2235 316 2296 haeresis
338 2236 570 2315 propugnandae
592 2253 681 2298 causa
702 2236 862 2298 secesserit
883 2235 920 2298 ab
941 2235 1090 2310 Ecclesia,
1112 2235 1165 2298 sed
1187 2234 1219 2296 in
1241 2233 1290 2296 illa

75 2336 116 2415 pie
135 2335 346 2410 obdormierit,
369 2336 493 2416 eiusque
514 2336 660 2398 memoria
681 2335 822 2400 maenus
845 2355 913 2400 cum
934 2336 1071 2398 Patribus
1092 2335 1237 2398 celebrata
1260 2342 1291 2399 et

76 2456 123 2498 nna
148 2438 178 2500 in
206 2437 307 2500 album
335 2437 426 2498 relata
454 2444 503 2500 sit.
549 2437 581 2500 si
610 2438 689 2500 enim
711 2437 814 2500 eadem
836 2455 911 2518 quac
933 2423 974 2498 illi
997 2436 1161 2510 sensisset,
1190 2435 1289 2498 autsi

75 2539 241 2617 scriptorum
271 2557 396 2600 suorum
418 2538 563 2601 radonem
585 2557 646 2600 non
667 2538 864 2614 reddidisset,
895 2537 1018 2602 minime
1046 2537 1185 2611 dubium,
1218 2536 1290 2616 quin

76 2639 163 2702 sedem
184 2640 296 2702 luisset
318 2658 373 2720 qua
395 2639 438 2702 illi
458 2657 557 2720 poene
579 2639 763 2719 plectendus.

145 3049 177 3108 4.
222 3041 260 3104 Et
281 3042 355 3105 baec
375 3041 495 3122 quidem
517 3041 590 3104 satis
613 3049 698 3106 erant
718 3041 754 3104 ad
777 3041 921 3120 integram
943 3053 1089 3102 notorum
1112 3035 1290 3098 ludaeorum

71 3146 306 3217 mulctationem,
330 3143 380 3224 qui
394 3142 553 3220 Dominum
574 3142 731 3222 abnegant,
752 3142 857 3203 Patres
879 3139 1104 3212 calumniantur,
1127 3155 1290 3218 omnesque

73 3246 250 3308 Christianos
280 3246 417 3326 decipere
445 3252 601 3307 conantur.
646 3243 784 3306 Ceterum
804 3241 872 3321 quia
894 3241 1069 3303 occasiones
1091 3236 1289 3300 calumniandi

73 3345 203 3428 Episcopi
233 3365 269 3408 ex
297 3345 473 3426 quibusdem
502 3345 567 3407 eius
589 3341 733 3424 epistolae
753 3339 888 3422 partibus
912 3361 946 3403 se
968 3339 1078 3403 babere
1100 3337 1289 3410 arbitrantur,

74 3466 118 3527 age
137 3457 167 3512 et
187 3449 255 3510 illes
278 3447 488 3527 inspiciamus,
518 3455 551 3508 ut
571 3443 641 3506 inde
663 3461 767 3505 eorum
788 3441 1006 3522 vaniloquentia
1028 3445 1290 3513 commonstretur,

76 3557 151 3630 ntqm
178 3549 228 3612 vel
251 3567 321 3610 sero
345 3547 462 3610 leodem
482 3544 707 3626 blasphemandi
727 3541 887 3606 Dominum
909 3542 999 3604 linem
1020 3541 1143 3614 laciant,
1173 3548 1289 3600 etcum

77 3651 204 3714 nilitibns
230 3649 335 3712 saltem
357 3655 516 3728 conspecto
540 3654 741 3708 creaturarum
763 3641 934 3704 testimonio
950 3645 1107 3716 lateantur,
1128 3657 1198 3702 vere
1213 3639 1292 3700 bnnc

79 3751 261 3814 essentum
288 3749 341 3813 llei
375 3758 405 3810 et
437 3766 499 3810 non
532 3755 707 3810 creaturam.
750 3743 840 3806 diunt
874 3743 963 3822 igitur
995 3741 1098 3803 beatae
1130 3738 1291 3802 memoriae

75 3893 175 3954 imnis.
212 3904 278 3954 Ediu'
303 3901 362 3952 stlt
395 3889 536 3965 ,ἀλογίαν
553 3889 654 3949 αὐτῶν.
704 3887 762 3946 τόν.
796 3895 848 3946 blot
867 3893 936 3948 Colb.
962 3883 1007 3942 ὅτε
1047 3884 1099 3951 ἤτε.
1135 3889 1194 3939 Post
1210 3897 1293 3964 aare·

77 3967 120 4020 beu
135 3973 203 4022 Celb.
222 3981 248 4021 et
267 3971 306 4019 Fr.
320 3970 338 4018 l.
404 3979 479 4022 οντες
496 3957 601 4048 {rende
619 3979 653 4014 rs.
703 3964 843 4044 γνωσθείς1
859 3964 918 4014 baec
930 3953 1069 4036 duretque
1085 3953 1132 4016 τῆς
1144 3949 1293 4034 lamecum

78 4035 155 4088 lunen
178 4041 253 4090 Tsur.
279 4037 387 4088 Colbert
407 4037 454 4086 les.
480 4048 543 4084 cors
566 4024 654 4092 adrat,
705 4021 792 4099 ὥςπερ
811 4043 887 4079 ουτοι
905 4027 955 4079 τοῦ
971 4024 1080 4092 stupeo,
1101 4039 1162 4087 quse
1181 4037 1205 4072 in
1221 4021 1292 4074 edttrs

78 4095 247 4154 l'elcln'rero
266 4103 291 4154 3.
310 4119 383 4154 mon.
402 4093 464 4151 οὔτε
481 4093 509 4150 oi
525 4099 576 4150 νῦν
589 4091 654 4150 'lon
706 4101 821 4158 deerunt,
851 4099 874 4148 in
898 4097 954 4160 lleg.
980 4095 1078 4144 Tauria.
1103 4091 1171 4141 Colb.
1199 4091 1245 4169 les²
1269 4097 1293 4140 et

77 4161 140 4218 lena
160 4165 311 4222 Διονύσιον
335 4159 516 4238 despolientur
541 4161 655 4236 φεύγειν
706 4169 745 4218 Fr.
757 4169 774 4218 l.
794 4166 926 4216 habentur:
950 4161 994 4211 ssd
1022 4161 1047 4210 in
1065 4159 1111 4210 boc
1128 4157 1213 4210 ultime
1231 4169 1292 4206 ont-

78 4233 176 4294 tu'retc
705 4225 792 4298 ῥλῆθη
812 4231 928 4282 mendose
947 4229 1043 4292 legitur.
1079 4225 1130 4276 llox
1148 4225 1245 4278 l'snrln.
1268 4233 1293 4278 et

104 4305 126 4354 b
148 4307 254 4358 letetur.
279 4305 304 4354 3.
329 4319 400 4356 anon·
425 4297 554 4370 διελέγχει
576 4302 652 4354 solos
706 4299 813 4354 Golbert.
831 4289 925 4356 ἐξῆλθε
943 4289 994 4356 τὴν
1012 4287 1162 4368 ἐκκλησίαν.

78 4369 204 4450 '‘ml“
222 4362 653 4438 t'ffllw'ffllffl‘bffifflffi
739 4401 763 4451 a.
788 4399 828 4448 ste
853 4398 908 4458 nea.
935 4395 1033 4446 reuss.
1058 4397 1128 4448 cers.
1152 4396 1198 4450 to.
1221 4395 1292 4447 rer.

79 4437 237 4560 “bobrane
257 4507 327 4560 colb
353 4507 401 4557 les.
423 4497 483 4566 ists
504 4495 551 4556 eud
575 4515 653 4566 quar.
705 4469 768 4519 mi
787 4480 843 4516 κω
861 4455 1067 4532 ἡνωμένη·

82 4569 142 4624 tarto
159 4585 215 4642 post
234 4576 334 4626 Tauris.
354 4575 423 4626 colb.
443 4520 513 4628 inb.
537 4561 551 4641 ἰ
585 4563 654 4624 'sul
741 4585 762 4621 e.
781 4567 838 4632 lleg.
858 4563 955 4620 Tueris.
972 4558 1149 4697 ncdoqlvgus„
