3048 5052
456 373 566 420 curto
583 377 603 420 r.
620 376 737 420 conrnt
751 375 886 420 amasos
1221 363 1281 427 tud

85 529 143 590 bem
162 529 218 591 sine
237 528 389 592 Rationem
416 535 541 606 negant,
567 525 637 588 hinc
663 527 737 589 nibil
765 525 853 590 etium
881 525 1007 590 rationis
1035 537 1083 590 est
1109 529 1141 590 in
1163 529 1370 592 illorumrnao.

83 631 242 710 quaestione.
286 629 322 691 Ut
343 629 422 691 enim
445 629 561 709 siquis
583 629 677 692 solem
700 625 849 710 aspiciens
872 629 910 690 de
931 629 1090 710 splendore
1108 631 1173 694 eius
1189 649 1282 710 quae-

83 742 148 792 reret
167 750 197 794 ac
216 731 337 794 diceret:
368 735 433 806 „dn
463 732 513 811 qui
535 739 597 804 est,
632 731 822 810 splendorem
845 749 912 794 mm
934 749 994 793 non
1017 742 1099 794 esset
1120 733 1206 808 iecit,
1234 743 1286 796 aut

85 834 147 911 „qui
167 833 219 894 iam
241 831 373 895 esseti“
400 833 573 913 utinquam
595 835 621 894 is
643 851 704 894 non
727 832 847 913 sapiens
870 832 924 894 sed
947 832 1074 896 stolidus
1097 834 1284 898 existimare-

85 943 133 1006 tur,
157 935 217 1014 quia
238 935 445 1016 splendorem,
475 935 524 1015 qui
547 929 598 996 est'
616 953 652 996 ex
674 934 755 1008 luce,
784 942 958 996 extremum
980 933 1029 996 ille
1051 935 1175 1016 lingeret
1196 945 1227 999 et
1247 937 1285 999 dc

85 1037 126 1099 illo
142 1046 296 1117 quaereret,
319 1037 446 1117 quando,
469 1036 529 1111 ubi,
553 1055 619 1099 eum
642 1044 671 1098 et
692 1037 787 1098 lectus
811 1055 848 1097 ne
871 1043 969 1110 esset3
999 1037 1043 1100 sic
1064 1055 1136 1100 sane
1156 1039 1207 1118 qui
1229 1039 1287 1102 ista

85 1138 196 1200 delibo
218 1148 247 1201 et
268 1141 354 1201 Patre
376 1137 486 1218 cogitat
508 1137 615 1218 quique
638 1137 678 1199 ita
700 1138 885 1216 interrogat,
909 1138 1002 1200 multo
1025 1137 1192 1201 dementior
1213 1159 1286 1202 ceu-
1354 1147 1359 1158 '

84 1241 175 1303 sendus
195 1251 249 1316 est,
272 1241 382 1321 quippe
404 1239 454 1319 qui
477 1239 616 1314 Verbum,
639 1239 719 1319 quod
743 1259 779 1302 ex
793 1239 881 1302 Patre
904 1247 962 1313 est,
985 1248 1141 1302 externum
1163 1241 1222 1321 ipsi
1237 1243 1285 1304 in-

82 1341 160 1417 durat,
179 1343 274 1424 idque,
299 1343 376 1422 quod
400 1351 504 1404 natura
527 1350 573 1404 est
594 1341 736 1422 genitum,
763 1349 899 1421 tanquam
922 1342 993 1422 qnid
1014 1343 1123 1404 iactum
1146 1342 1288 1406 exhibens

81 1443 155 1506 dicat:
180 1444 243 1506 Non
271 1444 328 1508 iuit
356 1453 514 1524 antequam
542 1453 727 1506 irasceretur.
771 1443 880 1505 Verum
911 1443 941 1505 id
970 1444 1057 1506 etiarn
1086 1445 1227 1524 responsi
1250 1443 1287 1506 ad

80 1563 116 1618 ea,
134 1565 200 1626 quae
219 1549 493 1626 interrogaverunt,
516 1546 676 1626 accipiant:
698 1545 803 1620 Pater,
825 1545 875 1624 qui
897 1553 960 1620 est,
982 1545 1105 1620 Filium,
1138 1545 1189 1624 qui
1211 1553 1285 1620 erat,

81 1647 144 1708 lecit.
182 1649 252 1712 Nam
280 1649 408 1712 Verbum
436 1667 508 1710 roro
531 1649 731 1728 factumest,
766 1655 796 1708 et
822 1665 888 1709 cum
914 1647 981 1726 ipse
1008 1655 1087 1709 esset
1109 1647 1201 1710 Filius
1222 1647 1287 1720 Ilei,

80 1765 133 1810 eum
153 1749 180 1810 in
200 1751 256 1812 line
279 1749 468 1812 saeculorum
489 1748 559 1811 iecit
579 1749 672 1810 lilium
694 1747 842 1820 bominis;
874 1747 932 1810 nisi
954 1748 1033 1810 sorte
1055 1766 1121 1810 oum
1144 1748 1287 1811 Samosa-

80 1851 140 1910 tonsi
159 1851 365 1933 respondeant,
388 1851 470 1914 ilium
492 1869 553 1912 non
575 1850 659 1930 prius
681 1850 775 1912 luisse
797 1867 884 1928 quam
907 1849 998 1912 bomo
1020 1850 1114 1912 deret.
1158 1850 1195 1912 Et
1215 1850 1289 1914 boec

78 1951 177 2030 quidem
198 1955 269 2017 satis
295 1955 356 2016 sint
377 1953 414 2016 ad
437 1951 561 2032 primam
585 1953 702 2014 illorum
723 1950 1001 2031 interrogationem.

147 2056 194 2118 ab.
237 2057 300 2117 vos
323 2064 432 2128 autem,
456 2074 475 2115 o
497 2055 609 2127 driani,
631 2053 768 2134 proprias
791 2061 905 2116 rosbes
928 2053 1048 2116 voculas
1070 2053 1213 2116 memoria
1235 2071 1286 2115 re·

78 2161 208 2232 pontes,
236 2155 328 2217 nobis
351 2155 409 2216 iam
433 2155 686 2235 interrogantibus
709 2153 906 2234 respondete!
951 2154 1009 2228 Qui
1033 2163 1098 2229 est,
1120 2173 1214 2228 eone,
1237 2155 1287 2234 qui

79 2271 127 2316 uon
147 2266 212 2332 erat,
236 2257 397 2337 indigebat,
420 2268 524 2320 utres
548 2275 654 2318 omnes
676 2265 858 2337 procrearet,
881 2274 919 2318 an
941 2256 1057 2330 eodem,
1080 2275 1146 2318 cum
1162 2257 1219 2318 iam
1235 2275 1286 2318 es-

78 2365 122 2428 set,
142 2377 211 2438 opus
232 2358 372 2422 babuiti'
406 2357 525 2420 [linistis
548 2359 628 2420 enim
643 2357 761 2420 Patrem
783 2377 820 2419 ex
841 2357 932 2420 nihilo
954 2357 1061 2420 Filium
1077 2358 1133 2420 sibi
1150 2367 1289 2438 tanquam

79 2457 287 2522 instmmentum
311 2478 519 2541 comparasse,
550 2467 584 2521 ut
610 2479 664 2540 per
692 2479 760 2522 eum
790 2459 889 2522 omnia
916 2459 1055 2522 efficeret.
1101 2459 1176 2534 Quis
1199 2459 1290 2539 igitur

78 2563 255 2638 praestantior
277 2559 348 2624 esti
375 2558 460 2624 'lene
482 2563 532 2641 qui
555 2561 684 2642 indiget,
718 2579 756 2624 an
784 2561 834 2640 qui
863 2560 1053 2639 indigentiam
1081 2557 1201 2640 expleti
1244 2562 1289 2622 An

79 2660 149 2722 ambo
168 2683 239 2742 quae
263 2663 323 2726 sibi
346 2663 455 2726 desunt
476 2671 578 2726 mutuo
602 2659 854 2726 subministranti
898 2659 972 2722 Nam
1000 2680 1066 2722 eum
1094 2661 1152 2722 ista
1181 2661 1289 2734 dicitis,

77 2761 143 2835 eius,
164 2765 211 2844 qni
232 2765 467 2826 instrumentum
489 2763 547 2825 sibi
571 2763 720 2834 adbibuit,
743 2761 973 2823 imbecillitatem
997 2760 1162 2822 evidentius
1185 2769 1289 2822 osteu-

78 2861 143 2937 ditis,
163 2865 187 2926 si
207 2883 318 2946 nempe
341 2864 424 2928 solus
447 2865 546 2926 omnia
569 2882 630 2952 non
653 2863 786 2943 potuerit
808 2861 936 2934 efficere,
960 2861 1012 2922 sed
1028 2861 1211 2922 extrinsecus
1234 2879 1289 2940 pa-

76 2967 167 3027 raverit
187 2967 242 3030 sibi
266 2968 515 3039 instrumentum,
544 2965 634 3028 ueluti
663 2965 746 3026 luber
767 2963 887 3045 quidam
909 2970 960 3024 aut
980 2962 1097 3025 uarium
1120 2961 1289 3034 labricator,

77 3065 116 3144 qni
136 3067 202 3130 nibil
223 3069 293 3132 sine
316 3069 413 3131 securi
434 3077 465 3130 ct
487 3087 569 3130 serra
592 3077 706 3146 quaeunt
727 3067 853 3128 eiticere.
889 3065 971 3138 Quae
986 3065 1081 3126 maior
1102 3064 1200 3143 possit
1221 3081 1290 3124 esse

75 3165 218 3246 impietas?
265 3169 317 3232 Vei
339 3169 410 3250 quid
431 3170 481 3232 bic
501 3169 612 3231 diutius
635 3168 816 3241 insistimus,
838 3167 923 3247 quasi
938 3166 1012 3228 baec
1026 3175 1128 3228 essent
1149 3165 1288 3240 diflicilia,

77 3283 130 3328 cum
152 3289 185 3332 en
205 3271 265 3345 bis,
288 3289 364 3350 quae
381 3289 476 3350 ¹supra
499 3269 638 3344 diximus,
661 3268 858 3331 clarissimum
881 3268 930 3342 sit,
953 3286 1034 3330 mera
1048 3265 1167 3329 illorum
1182 3265 1290 3330 mentis

77 3381 223 3434 mmmenta
254 3391 323 3435 esse
350 3389 542 3452 quiescunque
570 3369 749 3451 proterunt?
792 3369 836 3432 Ad
864 3369 984 3431 alteram
1019 3377 1117 3430 autem
1145 3367 1291 3430 insulsam

77 3469 216 3536 admodum
239 3473 420 3554 stultamque
442 3491 547 3535 eorum
569 3471 787 3552 quaestionem,
810 3455 898 3551 quam
912 3479 1084 3551 proponunt
1098 3467 1291 3540 mulierculis,

77 3569 138 3633 nibil
162 3595 283 3656 opeque
314 3575 392 3637 aliud
414 3574 600 3655 respondere
623 3579 791 3654 oporteret,
826 3589 914 3650 quam
943 3589 1017 3650 quae
1046 3588 1136 3649 supra
1165 3567 1290 3630 anobis

80 3667 127 3730 iam
144 3686 209 3738 sunt
231 3676 321 3750 dicta,
344 3695 451 3757 nempe
472 3694 534 3738 non
557 3673 666 3737 debere
687 3691 743 3734 nos
767 3673 899 3746 modom,
923 3690 981 3751 quo
1003 3671 1084 3734 Deus
1107 3669 1210 3750 gignit,
1233 3668 1291 3726 bo-

78 3771 172 3837 minum
194 3785 301 3840 natura
322 3777 431 3840 metiri.
476 3777 514 3838 Ut
536 3784 633 3838 tamen
656 3774 744 3836 etiarn
766 3774 815 3836 hic
836 3793 869 3836 se
892 3773 975 3851 ipsos
990 3779 1133 3849 cogantur
1148 3766 1290 3830 conulem-

76 3887 150 3949 nare,
175 3875 255 3939 baud
278 3879 314 3940 ab
337 3896 370 3940 re
393 3879 466 3953 erit,
495 3897 531 3940 ex
552 3877 615 3952 bis,
645 3895 719 3956 quae
741 3875 801 3955 ipsi
821 3882 1010 3955 proponunt,
1043 3871 1102 3934 illis
1124 3869 1182 3930 boc
1203 3863 1292 3926 niodo
1324 3959 1328 3970 .

81 4073 123 4134 ‚e
139 4061 237 4126 Segaer.
256 4062 354 4114 Gobler.
379 4070 403 4112 et
422 4063 527 4111 Feltini.
547 4061 568 4110 l.
591 4053 653 4108 υἱὸν
736 4063 760 4111 b.
779 4061 880 4124 Segner.
898 4059 996 4111 Gobler,
1015 4063 1039 4106 et
1057 4053 1161 4104 Felcirn.
1173 4051 1194 4100 1.
1214 4061 1294 4096 κατα-

75 4121 219 4192 menso.
248 4131 310 4181 Edtti
327 4119 650 4192 ottredatodoepdaoo.
703 4121 888 4184 σκευάζοποσ.

103 4193 118 4242 t
133 4197 230 4258 Segner.
249 4192 393 4264 ῥηματίων
410 4189 523 4245 τούτων.
553 4197 651 4246 Gobter.
738 4229 753 4278 i·
772 4229 871 4288 ΜΠ,
891 4233 914 4274 et
927 4225 959 4272 Β,
977 4211 1175 4288 ,ἐργάσασθαι
1196 4217 1293 4269 popter,

77 4265 95 4307 ‘¹
111 4259 208 4346 ΜΕΝ·
221 4265 242 4314 ¹·
261 4257 393 4331 Qifiw'
410 4257 523 4314 mm*
704 4303 728 4346 et
739 4294 843 4343 deletur.
858 4292 880 4341 t.
898 4284 1060 4356 tornareto,
1081 4286 1203 4336 mendose.
1231 4285 1294 4336 ilditi

103 4342 123 4389 g·
139 4339 178 4380 ote
200 4333 315 4394 segnem,
339 4333 438 4384 Gobler.
463 4333 565 4380 Felsina.
582 4331 603 4378 l.
629 4336 653 4379 et
703 4353 876 4430 ἐργάζεσθαι.

76 4391 125 4456 Rer-
156 4398 218 4448 editi
236 4403 262 4448 ri
276 4401 352 4454 advoc
368 4385 419 4448 οὖν
434 4391 548 4447 larome.
577 4395 651 4446 Paulo

78 4471 126 4520 Μ
141 4465 240 4528 Seguar.
256 4469 354 4534 χρείαν
371 4457 555 4532 ἀποπληροῦν.
592 4463 651 4514 lbid.
738 4445 761 4495 ¹¹·
779 4445 879 4508 siim·
898 4435 964 4492 δεῖν·
1074 4525 1079 4534 ⁸

77 4525 130 4579 ΜΨ
147 4532 245 4596 &auen
256 4537 354 4586 Gobler.
372 4543 394 4585 et
406 4535 510 4584 Feleim.
525 4533 544 4582 l.
558 4521 653 4597 ἇμφό·
738 4529 755 4579 1.
773 4529 814 4578 Sic
831 4528 931 4590 Segoer.
951 4525 1007 4584 tteg.
1025 4523 1098 4576 bord.
1116 4528 1140 4571 et
1159 4514 1295 4568 sereno.

79 4603 140 4660 “iffi
174 4601 237 4652 Editi
253 4618 309 4655 roro
327 4611 351 4654 at
368 4603 409 4654 olii
427 4592 592 4668 ἀμφότεροι.
704 4597 732 4648 ln
751 4595 823 4648 editis
840 4595 908 4646 deest
925 4581 1025 4642 adrev.
