3088 5024
440 312 941 366 cosrns‘enoamsmronnnasu.
1231 307 1294 372 937

65 472 186 536 nitatem
207 469 331 533 Deitatis
354 477 385 532 et
404 487 505 533 rerum
528 469 724 546 mentionem,
752 470 845 533 homo
876 479 975 534 autem
1005 473 1103 553 quoad
1125 473 1380 553 generatio-ross

66 591 137 636 nem
159 591 195 635 ex
217 571 342 634 muliere
364 579 393 634 et
414 572 631 636 incrementum
653 579 785 634 staturae
807 579 894 653 atque
920 573 1040 647 aetatis,
1069 573 1148 637 Deus
1177 593 1296 656 quoque

66 693 123 756 pro
143 673 297 738 beneficiis
320 673 409 736 vitam
433 673 632 736 tribuentibus
654 681 685 736 et
705 681 814 754 potens
843 673 875 736 in
896 673 1047 737 miraculis
1078 677 1296 757 perpetrandis,

66 778 159 839 homo
181 795 252 838 rero
275 775 372 857 quoad
394 777 551 855 passiones
573 783 713 839 nostrum
735 774 842 838 similis
866 783 897 838 et
911 776 1009 856 quoad
1025 785 1146 840 nostras
1168 778 1295 842 infirmi-

65 886 152 940 tates.
195 879 237 940 hc
257 876 337 940 Deus
360 878 432 940 item
454 886 503 939 est
524 877 668 952 Verbum,
698 877 725 939 si
754 884 906 970 spectetur
937 877 1056 958 quidem
1078 878 1296 955 immortalitas,

66 963 330 1060 incorruptibilitas
353 987 383 1042 et
404 978 642 1054 immutabilitas,
676 987 706 1042 et
731 979 841 1054 homo,
874 978 901 1042 si
929 979 1137 1042 consideretur
1157 981 1188 1044 in
1210 1001 1298 1048 muco

66 1081 226 1161 suspensio
249 1089 279 1144 et
299 1081 452 1161 sanguinis
475 1083 601 1144 ellluxus
623 1100 658 1144 ac
679 1081 816 1162 corporis
840 1081 1002 1161 sepultura,
1028 1098 1146 1144 necnon
1169 1068 1297 1149 descen·

66 1201 119 1244 sus
141 1183 177 1244 ad
198 1182 311 1245 inferos
333 1191 419 1263 atque
441 1184 622 1246 resurreetio
645 1202 663 1245 a
684 1183 821 1246 mortuis.
866 1183 916 1246 Sic
938 1183 1073 1250 Christus
1102 1203 1137 1246 ex
1168 1187 1296 1250 mortuis

68 1283 211 1346 excitatus
234 1293 291 1358 est,
314 1293 344 1346 et
365 1283 445 1347 Deus
468 1304 534 1348 cum
558 1285 599 1348 sit
618 1291 755 1348 mortuos
779 1284 894 1347 excitat
1037 1271 1045 1280 ⁸

154 1388 203 1450 19.
247 1387 320 1449 Vani
342 1386 432 1466 igitur
453 1396 537 1462 sunt,-
555 1387 606 1468 qui
628 1396 679 1450 aut
700 1387 844 1450 divinitati
860 1387 925 1449 eius
939 1386 1112 1467 passionem
1126 1388 1299 1452 adscribunt

67 1493 119 1549 aut
138 1487 315 1549 humanitati
338 1487 402 1548 eius
425 1487 513 1550 fidem
536 1505 599 1550 non
619 1487 744 1562 habent,
779 1496 830 1550 aut
857 1487 906 1568 qni
935 1506 1028 1550 unum
1056 1487 1132 1550 duos
1155 1507 1225 1551 esse
1248 1489 1296 1552 di·

68 1595 147 1662 nunt,
170 1589 234 1650 sire
256 1589 305 1668 qui
328 1588 425 1662 carnis
448 1590 512 1652 eius
535 1589 753 1662 dimensionem
774 1591 871 1652 iacere
893 1597 1049 1662 conantur,
1075 1598 1106 1651 et
1127 1589 1177 1669 qui
1200 1608 1296 1670 quan-

66 1699 129 1752 tum
152 1697 183 1751 et
209 1689 361 1770 quomodo
393 1697 514 1771 praeter
534 1691 755 1771 scripturarum
782 1690 988 1753 auctoritatem
1014 1691 1150 1770 prolerre
1177 1691 1296 1754 audent.

65 1791 243 1854 Huiusmodi
265 1792 345 1854 enim
367 1791 559 1872 opinionibus
580 1793 799 1876 haereticorum
815 1810 899 1855 mens
915 1791 1055 1872 prolapsa
1070 1801 1134 1882 est,
1147 1792 1297 1854 bardone

64 1901 190 1975 propter
217 1893 440 1974 immoderatam
468 1893 683 1974 blasphemiam
710 1914 727 1956 a
760 1893 883 1956 veritate
917 1889 1097 1968 declinante,
1125 1892 1296 1956 llanichaeo

67 1996 108 2058 oh
130 1994 435 2074 peccatiopioionem
457 1995 592 2072 seducto,
615 1975 770 2060 Valentino
793 1995 959 2068 ascientia,
982 1995 1026 2056 uti
1041 1993 1228 2070 causabatur,
1243 2013 1296 2056 se-

65 2097 168 2171 ducto,
189 2096 280 2158 Paulo
304 2097 508 2159 Samosatensi
530 2116 596 2160 cum
619 2115 667 2172 eo,
690 2097 741 2178 qui
755 2097 902 2160 Photinus
917 2104 1050 2171 vocatur,
1073 2114 1108 2158 ac
1124 2113 1229 2158 eorum
1245 2113 1296 2158 se-

63 2198 206 2279 quacibus
228 2198 267 2259 ob
289 2198 525 2262 incredulitatem
546 2200 693 2262 alleitate
714 2199 931 2273 delinientibus,
953 2198 1023 2260 drio
1039 2216 1096 2279 pro
1117 2199 1219 2262 lurore
1241 2216 1297 2262 suo

64 2301 302 2381 blasphemante.
331 2301 413 2363 'Vos
441 2310 541 2364 autem
570 2301 717 2365 similibus
745 2302 792 2363 usi
820 2299 1053 2364 cavillationibus
1082 2319 1158 2380 qnae
1186 2299 1298 2380 scripta

62 2421 126 2465 non
144 2409 221 2464 sunt
241 2401 414 2482 loquimini,
444 2421 540 2483 eoque
569 2403 660 2466 modo
689 2402 854 2464 imbecillos
882 2401 1024 2464 evertitis.
1075 2401 1298 2476 Sufficitoenim

61 2505 110 2582 iis,
136 2523 212 2584 quae
234 2503 344 2584 scripta
355 2512 386 2566 et
407 2513 491 2585 gesta
511 2513 591 2580 sunt,
614 2505 746 2578 credere,
769 2511 802 2566 ut
816 2504 857 2567 ait
873 2504 1000 2577 Paulus:
1023 2501 1085 2566 Pro
1101 2503 1299 2568 similitudino

59 2629 119 2692 per
145 2611 246 2670 omnio
272 2607 383 2687 abacos
401 2617 541 2688 peccato,
570 2607 678 2670 Petrus
700 2613 813 2669 autem:
846 2607 966 2670 Chresto
994 2610 1092 2687 ips'tur
1116 2624 1178 2686 pro
1209 2606 1297 2671 cobis
1341 2619 1346 2630 '

59 2727 157 2792 poseo
179 2713 212 2771 ia
234 2727 342 2782 corae,
375 2721 405 2774 et
435 2728 488 2773 ooo
512 2711 615 2773 codem
637 2713 816 2790 capitatione
837 2712 1015 2786 armamini,
1050 2714 1080 2769 et
1106 2724 1145 2768 ne
1172 2705 1297 2770 ulterius

60 2810 250 2892 inquirentes
272 2811 426 2874 veritatem
446 2811 606 2892 respuatis.

94 2999 119 3048 b.
141 2997 243 3058 sepner.
260 2995 294 3064 τῇ
313 2988 515 3065 ἆνθρωττότητι.
539 2998 655 3050 dliicum
706 2997 772 3048 lutra
789 2996 853 3047 idem
877 2989 923 3044 sol
945 2991 996 3043 τοῦ
1020 2962 1053 3054 di
1071 2989 1219 3060 λεγομένου
1237 3005 1297 3059 φοι·
1342 2999 1347 3007 “

60 3066 134 3118 editis
154 3063 187 3130 τῇ
204 3057 421 3135 ἐνανθρωπῆσει.
706 3060 805 3116 τείνοο.
839 3064 892 3114 idox
910 3066 1010 3124 segnes.
1030 3063 1127 3114 Gchler.
1148 3061 1296 3112 erlelclm.

708 3134 732 3184 1.
759 3123 793 3182 δι’
826 3123 958 3180 ἀπιστίαν
984 3125 1127 3180 πεσόντων
1157 3123 1298 3190 θεότητος.

706 3202 783 3253 lidsm
801 3194 847 3249 dtis
864 3195 969 3266 μανίαν
987 3191 1070 3250 ἰδίαν.

741 3285 762 3320 e.
781 3269 815 3319 lla
834 3269 933 3330 Segosa.
952 3267 1024 3318 anil.
1040 3267 1132 3333 duplic.
1167 3265 1230 3318 Editi
1242 3279 1298 3318 toro

94 3337 119 3388 d.
138 3337 243 3404 Segosa.
265 3338 328 3390 male
357 3331 504 3408 πρόφασιν
526 3332 655 3393 essaeos.
708 3351 763 3390 cam
780 3337 834 3388 aliis
854 3331 1023 3405 παροιτέρω.
1139 3333 1144 3344 '

96 3183 117 3218 θ·
145 3166 245 3228 Sillinet.
271 3169 368 3220 (labier.
400 3176 424 3218 et
452 3168 557 3219 Felelm.
577 3167 600 3217 l.
619 3157 652 3216 δι’

61 3227 218 3304 Wssfflll‘
234 3227 372 3303 ῑῦφημῖας
389 3229 564 3290 ἐκκλίνοντος.
