3022 5056
224 345 289 412 296
624 357 650 404 ο.
667 359 821 404 numan
835 359 1059 406 ιαεοιεειεεονι

139 527 316 599 αιτιτητα,
340 503 409 577 ούό’
433 503 487 575 ότι
508 505 675 580 πιστεύων
697 501 872 596 εὐάρεστος
892 513 1036 594 γέγονεν,
1061 503 1129 577 ἀλλ’
1153 504 1207 578 ότι
1226 508 1293 590 υίύς
1312 503 1352 578 ὢν
1370 511 1417 576 τού

224 607 388 698 ἀληθινού
410 611 494 676 θεοῦ
516 606 638 688 πιστός
659 609 732 677 ίστι
744 613 798 678 καλ
815 605 923 691 αύτὸς,
948 606 1093 699 ὀφείλων
1107 609 1324 680 πιστεύεσθαι
1336 609 1365 678 ἐν
1377 603 1419 690 ολς

222 706 282 780 ’ἀν
304 713 380 800 λέχη
402 710 459 778 καὶ
478 713 571 800 ποιῇ,
595 705 694 790 αὐτὸς
716 709 879 797 ἄτρεπτος
899 717 1008 796 μένων
1029 715 1084 780 καί
1105 711 1150 801 μὴ
1166 707 1420 798 άλλοιούμενοςέν

222 816 263 901 τῇ
286 808 485 901 ἀνθρωπίνῃ
508 813 680 900 οἰκονομίᾳ
700 816 755 880 καλ
777 816 817 902 τῇ
839 812 986 902 ένσάρκῳ
1008 820 1186 902 παρουσίᾳ.

308 923 337 983 7.
387 910 501 994 Ούτως
521 916 582 1000 μέν
604 904 662 982 σύν
685 912 725 982 ἀν
747 939 799 994 τις
820 914 906 1002 πρὸς
927 915 987 1004 τὴν
1009 909 1179 983 ἀναίδειαν
1200 908 1305 982 αύτῶν
1323 913 1418 998 χορόν
1507 911 1508 918 '

222 1016 381 1084 λόύνοιται
402 1015 458 1084 καὶ
479 1017 514 1085 έκ
534 1015 637 1105 μόνης
657 1019 715 1104 τῆς
737 1015 877 1105 ίποίησε
898 1019 1017 1099 λέξεως
1038 1017 1212 1104 διελέγχειν
1227 1011 1340 1092 αύτούς
1352 1013 1422 1079 πλο-

221 1125 388 1204 νωμένους
408 1121 463 1186 καλ
484 1119 677 1204 νομίζοντας
699 1113 784 1187 είναι
798 1124 929 1207 ποίημα
942 1117 1001 1186 τὸν
1015 1121 1075 1186 τοῦ
1090 1121 1174 1186 θεοῦ
1190 1116 1295 1206 λόγον.
1322 1111 1419 1198 έπενύὸ

222 1221 276 1287 ε(λέ
306 1222 360 1288 καί
388 1215 408 1308 ἡ
438 1220 571 1288 διάνοια
591 1223 658 1288 τῶν
679 1225 908 1308 γεγραμμένων
932 1219 1021 1288 ἐστὶν
1044 1214 1148 1307 ὀρθή,
1177 1218 1361 1288 δεικνύουσα
1377 1215 1422 1302 τὴν

223 1319 361 1409 έποὶησε
382 1322 470 1401 λέξιν
492 1320 576 1389 πότι
597 1323 651 1388 καλ
673 1321 760 1408 πρὸς
781 1327 815 1388 τί
836 1322 993 1409 λεγομένη
1015 1328 1226 1411 σημαίνεται,
1252 1314 1421 1406 ‘bramton

131 1447 214 1516 νισι.
222 1425 276 1491 καλ
299 1422 336 1504 ἐξ
355 1418 457 1510 αὐτῆς
478 1424 586 1504 δεῖξαι
607 1427 674 1490 τῶν
695 1424 868 1510 αίρετικῶν
888 1422 948 1510 τὴν
970 1418 1116 1509 ἀλογίαν,
1140 1421 1197 1491 έάν
1218 1414 1424 1507 μάλιστο,άς

223 1523 258 1594 έν
278 1533 352 1604 τοῖς
374 1523 568 1611 λ’μπροσθεν
590 1523 770 1613 είρηκαμεν,
793 1527 846 1592 καλ
862 1523 981 1592 τούτου
995 1523 1054 1592 τόν
1068 1522 1182 1613 καιρόν
1196 1523 1255 1592 καὶ
1268 1523 1324 1612 τὴν
1335 1525 1424 1607 χρείαν

221 1623 407 1712 ’λάβοιμεν
439 1621 477 1693 ού
499 1632 610 1694 τοίνυν
631 1624 674 1693 τά
694 1624 763 1713 πρό
784 1628 843 1715 τῆς
863 1633 1002 1706 κτίσεως
1024 1625 1237 1714 διηγούμενος
1262 1621 1281 1692 ὁ
1302 1619 1425 1692 ἀπόστο-

194 1743 203 1756 ·
222 1727 281 1808 λος
301 1731 406 1795 ταῦτα
429 1727 569 1815 εἴρηκεν,
593 1722 662 1796 ἀλλ’
688 1724 745 1796 ὅτε
767 1723 785 1794 ὁ
807 1728 905 1815 λόγος
926 1726 1010 1815 σάρξ
1030 1727 1174 1814 ἐγένετο·
1204 1722 1293 1795 οὸτω
1312 1725 1368 1814 γὰρ
1385 1727 1425 1810 γί-

222 1849 387 1916 γραπται·
411 1825 502 1910 ὅθεν,
528 1825 685 1918 ’ἀδελφοί
706 1826 812 1916 ἅγιοι,
835 1830 981 1920 κλήσεως
1003 1829 1203 1916 ἐπουρανίου
1224 1834 1364 1914 μέτοχοι,
1382 1850 1427 1892 κο-

222 1929 406 2018 τονοήσατε
432 1929 491 1998 τόν
520 1925 711 2000 ἀπόστολον
732 1925 785 2000 καὶ
810 1929 962 2019 ἀρχιερέα
982 1934 1041 2020 τῆς
1062 1927 1241 2019 ὁμολογίας
1264 1926 1353 2017 ἡμῶν
1369 1921 1428 2013 ν’ίη-

223 2033 313 2110 σούν,
336 2029 458 2098 πιστὸν
481 2028 561 2099 όντα
582 2036 629 2120 τῷ
651 2032 832 2122 ποιήσαντι
853 2027 993 2112 αὐτόν’).
1039 2032 1122 2101 πότε
1143 2021 1202 2100 οάν
1224 2019 1429 2116 ἀπεστάληὸ

138 2165 145 2186 ·
223 2126 366 2219 ὁπηνίκα
393 2130 451 2219 τὴν
480 2128 640 2220 ἡμετέραν
668 2134 843 2204 ένεόύσατο
872 2134 977 2221 σάρκα
984 2162 995 2217 ,·
1028 2133 1113 2202 πότε
1141 2133 1177 2201 δέ
1205 2129 1369 2219 ἀρχιερεύς
1385 2131 1429 2216 τῆς

223 2228 401 2319 ὁμολογίας
431 2229 524 2320 ἡμῶν
555 2240 701 2322 γέγονεν,
733 2231 754 2325 ἢ
783 2233 839 2304 ότε
866 2241 1084 2323 προςονέγκας
1112 2233 1228 2303 ἑαυτὸν
1253 2232 1337 2322 ὑπὲρ
1356 2229 1430 2320 ἡμῶν

223 2331 350 2422 ἤγειρεν
379 2334 414 2402 ίκ
443 2339 563 2421 νεκρῶν
591 2337 630 2403 τό
654 2342 768 2424 σῶμα,
795 2341 849 2406 καί
872 2341 929 2404 νῦν
952 2331 1052 2416 αύτὸς
1073 2335 1150 2416 τοὺς
1172 2341 1432 2424 προςερχομένονς

222 2431 345 2504 ΙΙαύτού
367 2439 407 2524 τῇ
429 2443 544 2504 πίστει
565 2438 725 2526 προςάγει
745 2442 799 2506 καλ
822 2445 1005 2527 προςφέρει
1024 2441 1072 2526 τῷ
1094 2444 1208 2524 πατρί,
1231 2438 1432 2526 λυτρούμενος

222 2537 353 2618 πάντας
374 2540 428 2605 καλ
451 2533 536 2625 ύπὲρ
557 2539 695 2607 πάντων
717 2539 931 2625 ἱλασκόμενος
951 2540 994 2606 τά
1016 2539 1102 2626 πρὸς
1123 2539 1181 2610 τὸν
1203 2540 1308 2623 θεόνς
1340 2533 1433 2623 αὐτὴν

224 2633 341 2708 οάσίαν
370 2637 435 2729 ἀρα
456 2643 516 2708 τοῦ
539 2640 638 2728 λόγου
660 2635 737 2709 οόόὲ
758 2639 817 2728 τὴν
838 2641 887 2709 ἰέκ
907 2644 967 2708 τού
990 2639 1118 2728 πατρὸς
1140 2640 1284 2730 φυσικὴν
1305 2646 1434 2727 γέννησιν

223 2745 370 2831 σημᾶναι
402 2743 514 2810 θέλων
546 2737 565 2808 ὁ
596 2737 788 2822 ἀπόστολος
820 2744 928 2831 είρηκε
957 2742 1080 2810 πιστὸν
1102 2739 1183 2809 ὄντα
1203 2745 1252 2828 τῷ
1275 2741 1436 2828 ποιήσεων

223 2841 325 2911 αύτόν
347 2843 401 2930 ίμὴ
423 2850 562 2929 γένοιτο,
586 2847 697 2910 ποιῶν
717 2843 779 2930 γάρ
795 2843 886 2911 ἐστιν
901 2839 919 2910 ὁ
935 2843 1040 2930 λόγος,
1058 2838 1096 2911 ού
1112 2843 1318 2928 ποιούμενος
1332 2837 1434 2918 αύτόςλ

225 2938 309 3012 ἀλλὰ
335 2944 396 3031 τὴν
425 2946 472 3025 είς
499 2940 705 3032 ἀνθρώπους
727 2941 827 3012 αὐτοῦ
850 2945 1000 3013 κάθοδον
1021 2947 1074 3012 καὶ
1098 2940 1343 3034 ἀρχιερωσύνην
1363 2963 1438 3031 γενο·

222 3049 333 3131 μένην,
355 3043 394 3131 ἢν
416 3048 524 3126 καλῶς
546 3044 586 3112 ἀν
608 3071 660 3126 τις
682 3047 751 3114 λ’όοι
773 3046 808 3114 ίκ
828 3051 887 3134 τῆς
908 3046 992 3114 κατὰ
1012 3046 1071 3114 τόν
1086 3046 1188 3132 νόμον
1201 3049 1258 3114 καλ
1282 3041 1437 3114 ΙιτὸνἈο-

128 3133 141 3150 ”
224 3142 292 3231 ρὼν
319 3145 476 3230 ἱστορίας.
522 3143 627 3225 ούτως
645 3143 776 3235 Ἀοριόν
805 3143 842 3216 ού
865 3153 1053 3238 γεγέννηται
1075 3143 1257 3236 ἀρχιερεύς,
1290 3144 1375 3216 ἀλλὰ
1393 3141 1440 3211 άν·

221 3251 376 3330 θρωπος,
398 3247 454 3313 καὶ
474 3247 559 3331 μετὰ
578 3246 705 3334 χρόνον,
730 3245 786 3318 ὅτε
809 3246 827 3316 ὁ
849 3250 932 3330 θεὸς
953 3245 1107 3340 ἠθέλησε,
1130 3256 1261 3338 γέγονεν
1277 3243 1437 3336 ἀρχιερεύς.

221 3348 277 3413 καλ
298 3352 428 3433 γέγονεν
451 3344 509 3432 ούχ
530 3345 647 3428 άπλῶς
670 3344 746 3418 οόόέ
769 3350 804 3418 ίκ
824 3355 891 3418 τῶν
915 3355 1070 3440 συνηθῶν
1093 3353 1233 3438 λματὶων
1255 3347 1443 3438 γνωριζόμε-

223 3471 288 3528 νος,
312 3442 381 3515 ἀλλ’
408 3448 739 3535 ’έπενόιόυσκόμενος
759 3451 819 3540 τὴν
834 3452 998 3538 έπωμίόα,
1021 3452 1061 3519 τὸ
1076 3454 1215 3538 λογεῖον,
1238 3453 1300 3519 τόν
1315 3447 1440 3536 ποόὴρηι

222 3546 246 3617 ἀ
274 3549 310 3616 αί
330 3555 480 3636 γυναῖκες
499 3553 560 3637 μὲν
582 3551 778 3637 είργάσαντο
800 3553 979 3641 προςτύξει
1000 3558 1058 3621 τοῦ
1082 3556 1180 3634 θεοῦ,
1205 3551 1239 3620 έν
1260 3553 1394 3630 τούτοις
1413 3547 1442 3614 ab

222 3649 446 3739 είςερχόμενος
474 3652 521 3732 είς
547 3651 590 3721 τά
617 3650 697 3741 άγια
724 3654 782 3742 τὴν
812 3651 897 3743 ύπέρ
924 3659 983 3722 τοῦ
1006 3657 1087 3722 λαού
1108 3661 1235 3722 θυσίαν
1257 3659 1441 3742 προςέηνιρι·

221 3751 278 3820 καί
310 3752 346 3821 ἐν
372 3753 504 3834 τούτοις
537 3751 647 3841 ίύςπερ
676 3755 842 3840 έμεοίτεαε
869 3761 909 3846 τῇ
940 3751 1088 3844 ὀπτασίᾳ
1115 3758 1173 3822 τού
1195 3758 1280 3823 θεοῦ
1305 3759 1362 3823 καὶ
1383 3760 1446 3828 ταῖς

195 3943 198 3948 Ι
220 3856 289 3921 τῶν
310 3849 504 3942 ἀνθρώπων
525 3861 674 3951 θυσίαις,
698 3855 785 3925 οὕτω
803 3864 918 3927 Ιτοίνυν
940 3861 995 3927 καλ
1019 3855 1037 3924 ὁ
1059 3857 1170 3945 κύριος
1192 3855 1226 3924 έν
1242 3851 1327 3945 ἀρχῆ
1342 3857 1401 3942 μέν
1414 3840 1445 3938 ἦν

273 3991 315 4069 ἰ)
335 4011 408 4062 νοω,
426 4011 450 4068 ο,
473 4012 494 4062 ι,
512 4012 536 4064 ν.

255 4127 267 4161 ι
296 4115 397 4176 δνςοετ.
414 4107 463 4163 ίάν
487 4109 558 4180 λίγη.
595 4113 812 4164 1ι1ωιῑοῑαιαιει
899 4114 922 4163 d.
943 4115 1081 4164 λἐίαλιοια.
1098 4115 1123 4165 ό.
1142 4105 1296 4178 ἀναγκαίαν
1315 4105 1347 4171 ἐξ
1364 4101 1448 4168 σύτῆς.

222 4177 318 4228 nomer.
340 4183 445 4232 ν’νΙεΙιιιι.
466 4186 489 4231 1.
507 4193 529 4231 ιι
548 4174 571 4232 λ.
592 4173 674 4234 αύτόι·
692 4185 810 4231 ominum.
863 4181 941 4231 editio
970 4182 1088 4233 Commvl.
1112 4173 1264 4247 ἀναγκαίαν
1285 4175 1338 4229 καλ
1355 4175 1449 4236 luvris·

255 4243 278 4291 λι.
298 4247 434 4298 camerina,
455 4257 476 4296 ει
497 4251 601 4298 Feb-hm.
624 4249 644 4298 Ι.
662 4241 809 4297 δύνασθαι.
862 4249 907 4298 Alai
928 4263 985 4298 mss.
1005 4241 1157 4314 ἀναγκαῖον
1173 4243 1220 4298 καλ
1236 4239 1379 4308 ἐξιούσης.

221 4305 399 4375 1οίό.·ὀεηοι·τ,
421 4313 469 4375 τῆς
486 4297 526 4375 ἧς,
545 4309 665 4377 ίποίησε,
684 4311 785 4372 λέξεως.
897 4331 918 4365 ε.
944 4317 985 4366 Sic
1008 4319 1107 4380 Segner.
1132 4317 1231 4367 (ὶολιΙετ.
1257 4324 1280 4366 ελ
1307 4317 1414 4366 felem.
1431 4311 1451 4360 l·

256 4377 732 4442 ο.θος.ειΡιύαλιαό.δίυαιίιιααν.
761 4387 810 4434 Mox
862 4382 889 4431 λι
910 4377 1257 4450 ΡεΙοΙιια.5,λαμράνοιμεν.
1292 4385 1342 4433 Am
1362 4377 1452 4434 ειεόὶίλ

221 4443 323 4506 ὃνηοετ.
351 4447 450 4496 ῦοίιΙω.
479 4459 503 4497 τι
530 4451 636 4500 Pela-itm.
659 4453 679 4500 1.
698 4443 749 4512 τὴν
767 4441 808 4509 ἦν,
861 4443 996 4517 λάβωμεν.
1033 4453 1083 4502 Mox
1100 4451 1204 4509 τούτο,
1230 4461 1255 4501 οι
1272 4451 1368 4501 habent
1386 4445 1452 4498 celeri

220 4502 346 4573 ἐποίησε,
370 4508 448 4568 λάξιν.
484 4515 545 4565 {bi-1.
570 4519 675 4568 Felckm.
694 4518 718 4568 4.
742 4511 812 4586 πρὸο
864 4534 923 4570 mus.
942 4529 965 4568 ιι
984 4520 1056 4570 editio
1074 4519 1207 4582 (ἔσσυται,
1230 4519 1298 4569 aben
1318 4534 1334 4569 ε
1354 4516 1453 4569 ἒελτλαι.

220 4574 250 4629 τί
264 4575 420 4652 λεγομίνον.
792 4655 795 4662 Ι
864 4587 887 4637 5,
908 4597 932 4638 ,ι
951 4587 1008 4649 κερ,
