2996 5056
231 305 291 367 152
627 313 652 358 ε.
669 313 823 358 ιτσιαιειι
837 313 1063 358 nemausum

140 469 330 536 ν.ιοε.λοντα
350 463 435 534 κατὰ
456 465 515 530 τοῦ
538 465 686 549 σωτήρος
709 456 983 548 όρχήσασθαι·τόι
1005 457 1148 546 δύστηνα
1170 458 1285 532 ἑαυτοῦ
1307 457 1439 546 ῥημάτια

227 573 286 656 τῆς
320 561 474 652 ἀσεβείας
506 564 539 632 έν
569 562 716 642 ίκλότοις
743 566 798 629 καὶ
820 567 1034 646 παρειμένοις
1054 561 1170 644 μέλεσι
1192 567 1372 647 σημαίνειν,
1401 555 1437 626 ‘lv'

228 666 338 758 δήςπερ
360 664 379 754 ή
403 673 510 755 σοφία
532 670 652 753 φησίν·
676 658 747 732 ἀπὸ
771 661 885 744 έξόδοα
908 661 1007 748 λόγον
1029 660 1338 748 ’ἐπιγνωσθήσεται
1358 655 1438 746 άνήρ,

228 763 334 850 οῦτως
362 764 419 838 ἀπ’
445 768 575 836 ἐκείνων
603 764 643 832 τὸ
670 769 728 854 τής
756 767 863 850 ψυχῆς
889 763 934 850 μὴ
964 757 1129 848 ἀνδρῶδες
1150 765 1204 830 καὶ
1225 765 1283 848 τής
1304 762 1440 839 διανοίας

227 867 247 960 ἡ
271 869 389 960 φθορόι
409 873 468 937 τοῦ
490 867 682 956 γράψαντος
702 865 921 954 γινώσκητσι,·
943 866 1000 932 καί
1020 865 1082 950 γάρ
1105 858 1182 930 οῦδὲ
1204 861 1325 931 ἔλαθεν
1340 857 1357 928 ό
1373 859 1440 927 Ι’δό-

228 975 314 1054 λιος,
350 967 436 1039 ἀλλὰ
462 977 518 1038 καί
539 992 594 1036 τοι
622 968 783 1046 πολλάκις
812 963 857 1046 ῶς
879 963 898 1034 5
921 965 1002 1054 ὄφις
1024 964 1093 1034 ἅνω
1115 968 1170 1032 καί
1191 964 1280 1035 κάτω
1302 969 1439 1051 στρέφων

228 1073 344 1144 ἑαυτὸν
368 1069 458 1158 ὅμως
478 1077 654 1139 πέπτωκεν
678 1070 725 1149 είς
742 1069 803 1158 Υτήν
826 1068 954 1156 πλάνην
977 1071 1059 1134 ετῶν
1084 1073 1288 1153 Φαρισαίων.
1333 1061 1376 1144 ῶς
1388 1064 1440 1150 γάρ

226 1174 346 1243 ἐκεῖνον
366 1176 523 1252 θέλοντες
543 1182 751 1259 παρανομεῖν
773 1171 1025 1259 έσχηματίζοντο
1047 1168 1089 1236 τὰ
1108 1171 1167 1236 τοῦ
1190 1167 1293 1252 νόμοο
1314 1169 1441 1252 μελετᾶν

226 1276 371 1365 ῥήματα,
396 1275 451 1346 καὶ
472 1276 630 1353 θέλοντες
652 1271 832 1361 ἀρνεῖσθαι
852 1272 910 1339 τόν
932 1273 1204 1359 προςδοκηθέντα
1225 1268 1282 1338 καὶ
1303 1268 1441 1352 παρόντα

225 1378 337 1465 κύριον
359 1374 573 1464 ὑπεκρίνοντο
594 1378 655 1461 μὲν
679 1370 851 1462 ὀνομάζειν
872 1375 929 1441 τὸν
951 1374 1043 1454 θεόν,
1067 1368 1239 1461 ἠλέγχοντο
1257 1372 1293 1438 δὲ
1306 1371 1442 1456 βλσςφη-

225 1483 365 1564 μοῦντες
387 1479 421 1546 έν
443 1482 490 1565 τῷ
512 1479 634 1564 λέγειν·
657 1478 748 1544 διατί
770 1474 809 1543 σὺ
834 1474 1017 1562 όίνθρωττος
1041 1470 1086 1542 ῶν
1108 1473 1191 1542 θεὸν
1213 1472 1352 1542 σεαυτὸν
1373 1493 1441 1536 ποι-

227 1591 285 1662 εῖς,
308 1583 363 1647 καλ
386 1581 506 1666 λέγεις·
529 1579 592 1666 ίγιό
614 1581 669 1646 καί
693 1575 711 1646 ό
733 1580 844 1666 πατήρ
868 1579 901 1646 έν
924 1579 1067 1662 έσμεν“γ,·
1096 1572 1182 1643 οῦτω
1196 1576 1251 1642 καλ
1269 1570 1286 1642 ό
1302 1573 1442 1660 κίβδηλος

225 1679 282 1749 καὶ
303 1680 511 1762 ’Σωτάδειος
532 1679 665 1768 ’Ἀρειος
695 1676 909 1767 ὑποκρίνεται
940 1681 1000 1764 μὲν
1035 1673 1081 1756 ῶς
1112 1675 1192 1763 περὶ
1223 1679 1308 1744 θεοῦ
1341 1677 1440 1760 λέγων,

225 1786 461 1870 ’παρεντιθεὶς
487 1782 547 1862 τὰς
574 1786 641 1849 τῶν
667 1785 804 1868 γραφῶν
834 1783 953 1861 λέξεις,
986 1780 1153 1869 ἐλέγχεται
1182 1779 1217 1844 δὲ
1240 1774 1441 1858 πανταχόθεν

218 1881 352 1970 ’Ἄρειος
385 1882 504 1964 άθεος,
539 1881 738 1971 άρνοόμενος
769 1881 826 1949 τὸν
858 1882 929 1948 οίόν
956 1884 1011 1950 καὶ
1038 1890 1111 1959 τοῖς
1138 1877 1324 1964 ποιήμασιν
1352 1870 1440 1944 αὐτὸν

226 1988 451 2071 σοναριθμῶν.

311 2093 339 2152 5.
371 2080 414 2149 ‘H
432 2087 492 2168 μὲν
514 2074 571 2150 οῦν
595 2079 674 2172 ἀρχὴ
697 2089 755 2170 τῆς
773 2080 944 2172 Ἀρειανῆς
965 2085 1122 2162 ῐθαλείας
1143 2084 1196 2146 καὶ
1220 2082 1438 2169 κουφολογίας,

223 2173 311 2270 ἦθος
333 2185 452 2268 έχοοσα
473 2188 526 2252 καί
548 2188 648 2270 μέλος
662 2186 818 2274 θηλυκόν,
835 2182 934 2272 αὕτη·
957 2183 1040 2251 κατὰ
1055 2190 1170 2250 πίστιν
1187 2181 1343 2250 ἐκλεκτῶν
1357 2181 1440 2268 θεοῦ,
1487 2237 1488 2250 ,

140 2313 219 2358 επεν.
227 2289 371 2354 συνετῶν
392 2288 486 2368 θεοῦ,
510 2288 643 2354 παίδων
665 2281 776 2373 ἁγίων,
801 2283 1009 2375 όρθοτόμων,
1033 2281 1126 2370 ἅγιον
1147 2287 1232 2352 θεοῦ
1248 2287 1377 2369 πνεῦμα
1390 2281 1441 2346 λα-

224 2385 362 2472 βόντων,
385 2387 465 2456 τάδε
488 2388 616 2472 ἔμαθον
640 2389 739 2476 ἐ’γιογε
759 2385 828 2456 άπὸ
849 2393 916 2456 τῶν
932 2393 1053 2475 σοφίης
1066 2385 1278 2470 μετεχόντων,
1302 2379 1439 2459 ἀστείων,

224 2487 462 2571 θεοόιδάκτων,
485 2489 570 2556 κατὰ
591 2490 703 2558 πάντα
725 2495 840 2578 σοφῶν
862 2511 913 2560 τε·
936 2488 1062 2555 τούτων
1077 2481 1145 2554 κατ’
1163 2487 1252 2572 ίχνος
1267 2477 1372 2575 ἦλθον
1387 2479 1441 2568 ε’γιι)

223 2595 348 2674 βαίνων
371 2585 561 2676 θόμοδόξως
591 2586 843 2679 όπερικλοτός,
875 2587 893 2658 ό
922 2589 1034 2658 πολλὰ
1060 2588 1186 2656 παθῶν
1208 2587 1266 2656 διὰ
1288 2587 1346 2676 τὴν
1366 2585 1440 2652 θεοῦ

225 2689 334 2772 δόξαν,
358 2687 425 2760 όπό
447 2719 483 2760 τε
505 2697 588 2762 θεοῦ
610 2693 733 2778 μαθὼν
757 2700 880 2784 σοφίαν
902 2696 956 2760 καὶ
977 2695 1098 2778 γνῶσιν
1121 2689 1184 2776 ἐγὼ
1207 2691 1319 2776 έγνων.
1351 2686 1391 2754 τὰ
1411 2685 1441 2750 δὲ

224 2792 258 2860 έν
292 2788 373 2881 αὐτῇ
407 2795 629 2882 ΙΙκρατούμενα
661 2791 739 2882 παρ’
770 2791 871 2862 αὐτοῦ
905 2793 1087 2878 σκώμματα
1113 2790 1239 2879 φευκτὰ
1264 2793 1321 2858 καί
1347 2787 1443 2876 μεστὰ

224 2895 414 2980 δαςσεβείας
446 2895 585 2964 τοιαῦτά
613 2895 713 2964 ἐστιν·
746 2891 804 2964 οῦκ
831 2892 883 2964 άεί
912 2890 942 2960 ³5
971 2894 1053 2974 θεὸς
1081 2891 1190 2979 πατήρ
1219 2881 1274 2978 ἦν,
1311 2885 1377 2960 ἀλλ’
1409 2877 1442 2973 ήν

225 2991 281 3062 ὅτε
311 2992 329 3061 ό
359 2996 442 3074 θεὸς
462 2996 565 3079 μόνος
585 2986 624 3082 ήν
647 3000 700 3063 καὶ
724 2995 820 3064 σάπω
843 2995 952 3082 πατὴρ
975 2985 1029 3081 ἦν,
1063 2991 1200 3079 ὕστερον
1223 2994 1259 3060 δε
1281 2993 1443 3079 ἐπιγέγονε

223 3095 343 3182 πατήρ.
390 3092 448 3162 οῦκ
469 3093 522 3164 όιεὶ
542 3087 582 3182 ήν
604 3092 623 3162 5
645 3097 731 3178 αίός·
754 3097 889 3166 πάντων
911 3096 972 3184 γάρ
994 3101 1176 3182 γενομένων
1198 3093 1235 3174 έξ
1255 3089 1315 3161 οόκ
1337 3091 1441 3170 όντων,
1487 3181 1488 3184 ¹

222 3199 276 3263 καὶ
300 3195 435 3264 πάντων
459 3195 563 3264 όντων
585 3197 773 3284 κτισμάτων
795 3201 849 3266 καί
871 3198 1068 3287 ποιημάτιον
1091 3201 1289 3284 γενομένων,
1315 3199 1368 3264 καί
1390 3188 1442 3262 αό-

222 3295 280 3375 τὸς
302 3292 320 3362 ό
342 3302 401 3364 τοῦ
423 3302 508 3366 θεοῦ
530 3297 627 3385 λόγος
648 3298 685 3380 ἐξ
705 3294 763 3366 οόκ
786 3298 889 3368 όντων
911 3307 1031 3386 γέγονε,
1055 3301 1132 3366 ικαί
1154 3287 1193 3384 ἦν
1215 3322 1300 3366 ποτε
1324 3294 1378 3365 ότε
1391 3288 1442 3362 οῦκ

223 3387 278 3484 ἦν,
308 3401 362 3466 καὶ
386 3395 444 3466 οὐκ
464 3390 504 3486 ἦν
527 3403 608 3488 πρὶν
629 3407 777 3489 γένηται,
808 3398 877 3469 ἀλλ’
903 3398 1003 3489 ἀρχὴν
1024 3403 1083 3468 τοῦ
1106 3401 1279 3480 κτίζεσθαι
1302 3400 1375 3483 έσχε
1393 3397 1442 3464 καί

223 3493 332 3579 αὐτός·
377 3489 416 3588 ἦν
438 3501 509 3588 λάθε
535 3509 626 3590 φησί,
650 3502 752 3587 μόνος
775 3499 793 3570 ό
815 3503 912 3584 θεός,
936 3505 992 3568 καί
1014 3500 1110 3568 οόπω
1133 3491 1172 3590 ἦν
1196 3496 1214 3568 ό
1236 3500 1334 3588 λόγος
1354 3493 1442 3583 καλή

223 3606 347 3689 σοφία·
369 3596 441 3669 εἶτα
462 3601 609 3690 θελήσας
631 3601 717 3692 ἡμᾶς
739 3607 987 3693 δημιουργήσαι,
1010 3601 1087 3670 τότε
1109 3602 1164 3690 Ιδή
1187 3608 1369 3690 πεποίηκεν
1392 3600 1443 3668 ἕνα

221 3701 312 3783 τινά,
342 3705 397 3770 καλ
427 3698 598 3787 ὠνόμασεν
627 3701 727 3774 αὐτόν
756 3705 854 3792 λόγον
875 3704 931 3774 καί
953 3711 1078 3793 σοφίαν
1099 3704 1156 3772 καὶ
1177 3703 1265 3784 οἶόν,
1288 3703 1344 3772 ίνα
1364 3699 1443 3791 ἡμᾶς

292 3927 400 3989 111οιο.
422 3929 461 3988 10,
480 3927 521 3978 33.
540 3927 581 3978 30.

240 4077 278 4121 ¹a.
297 4063 398 4126 Seguer.
422 4063 513 4126 ΑσςΙία.
538 4061 636 4113 Gobler.
657 4064 762 4114 Felckm.
784 4065 805 4114 1.
893 4079 913 4115 α.
931 4064 1032 4126 διχαιτ.
1046 4063 1143 4116 Gobler.
1155 4063 1258 4114 Felokm.
1273 4064 1294 4113 l.
1312 4061 1369 4111 τῶν
1386 4052 1443 4110 τότε

220 4121 465 4204 έπγγνωσθήσεται.
493 4131 550 4209 Βεη.
568 4138 592 4180 ει
610 4130 747 4182 Έα1ε1σι.5.
765 4145 807 4197 γι-
859 4125 1029 4198 Φαρισαίων.

220 4205 361 4246 νωσκεται.
387 4199 448 4249 Εδλιί
465 4209 641 4264 γινωσκηται.
667 4199 727 4249 11111.
747 4215 807 4250 con·
893 4199 916 4249 δ.
935 4200 1034 4262 Seguer.
1054 4190 1321 4262 ε111εη.Σωτότιστ.
1355 4195 1441 4260 Anglic.

221 4262 312 4332 ἰητιαείσ
338 4260 385 4312 καί
409 4273 466 4330 post
490 4257 561 4385 ἀνήη
584 4268 607 4317 iu
633 4267 703 4317 editis
727 4269 807 4332 ροειω
859 4266 966 4318 δεΙτλω.
985 4265 1008 4316 2.
1028 4267 1094 4316 ι15.
1113 4259 1276 4320 Σωσάτεισς.

221 4329 290 4380 deest
308 4332 332 4379 in
350 4332 450 4394 Seguer.
468 4335 525 4397 Reg.
564 4323 718 4399 τελλλιίχλία.
736 4336 808 4388 Gobl.
894 4349 915 4384 ε.
935 4335 975 4384 Sic
993 4335 1093 4396 Seguer.
1113 4335 1210 4387 Gobler.
1221 4343 1244 4385 ει
1258 4332 1393 4385 1ε1ι1ω1.
1418 4329 1444 4378 At

222 4395 327 4474 ΡεΙαλσε.
348 4398 370 4447 1.
859 4401 917 4452 edili
936 4402 1013 4452 etalii
1030 4402 1200 4469 παρατιθείς.
1236 4402 1289 4452 Mox
1307 4399 1443 4464 Segueriau·

254 4464 279 4513 b.
297 4463 674 4528 81α5ιςοιτ.δοίιΙετ.1“ε1σΙιοε.
691 4469 713 4520 1.
744 4469 807 4521 Εδίιί
858 4461 1013 4525 ποντόθεν,
1038 4473 1080 4534 qui
1105 4469 1163 4520 ibid.
1181 4479 1207 4520 σε
1224 4479 1248 4519 ιι
1266 4469 1404 4524 Εοόλειίεε.
1422 4468 1443 4512 et

220 4544 276 4584 τινα
295 4531 376 4586 etalii
395 4526 517 4586 δείλαιος.
859 4536 968 4589 1ι1ε1ω.
987 4537 1010 4589 1.
1031 4537 1119 4590 omittit
1133 4529 1243 4606 Ἄρεως.
