3110 5064
183 309 221 372 12
707 327 885 394 amaranto.

180 473 311 538 lontibus
328 476 494 548 duxissent,
518 477 668 557 quomodo
684 477 906 538 controversiae
919 486 1041 540 exortae
1063 487 1093 540 et
1108 485 1256 551 tractatae,
1279 479 1407 560 denique

179 577 330 656 quomodo
353 577 384 638 in
406 578 453 638 his
475 577 614 657 paulatim
637 578 774 658 dogmata
795 597 878 640 sacra
900 578 1021 640 uberius
1043 579 1185 658 explicato
1205 588 1294 660 atque
1315 599 1403 647 accu-

178 675 272 738 ratius
287 677 479 750 determinata
496 686 525 740 et
538 677 638 740 limata
654 686 765 742 essent.
797 677 885 752 Quod
900 678 1019 758 quidem
1036 681 1138 760 operis
1156 681 1325 745 institutum
1347 683 1403 746 etsi

179 795 240 840 noo
262 777 310 839 his
332 778 408 858 ipsis
430 779 528 840 verbis
551 778 582 840 in
604 773 786 860 praelatione
807 779 986 842 declaratum
1007 789 1064 855 est,
1097 787 1178 844 certe
1200 801 1236 844 ex
1257 783 1404 848 universis

89 862 94 871 ¹
180 879 286 942 studiis
308 879 345 942 ah
367 888 487 942 auctore
509 879 545 942 ad
568 879 596 942 id
620 879 733 942 collatis
755 881 954 960 cognoscitur.
996 881 1038 944 hc
1068 884 1202 962 prolecto
1223 882 1405 947 Bibliotheca

178 979 371 1042 lloesleriaua
389 982 429 1042 ita
452 991 620 1062 comparata
643 989 698 1054 est,
720 989 753 1042 ut
773 980 884 1061 largam
906 993 936 1045 et
956 982 1094 1045 idoneam
1115 983 1283 1064 theologiae
1304 984 1402 1047 histo-

177 1081 256 1144 ricae
277 1081 429 1144 materiam
452 1083 602 1162 praebeat.
645 1082 754 1144 Primis
776 1092 903 1162 quatuor
923 1083 1123 1146 voluminibus
1145 1095 1282 1165 excerpta
1304 1085 1403 1148 conti·

177 1192 286 1244 nentur
308 1183 486 1264 exscriptis
516 1195 648 1262 panum,
682 1183 733 1261 qui
765 1191 833 1246 ante
863 1183 1019 1252 concilium
1041 1185 1202 1248 Nioeenum
1222 1188 1401 1250 floruerunt:

178 1303 232 1345 sex
247 1283 370 1363 reliquis
386 1283 677 1363 comprehenduntur
695 1301 786 1364 opera
804 1293 920 1365 patrum
934 1286 1119 1350 saeculorum
1130 1286 1179 1348 lV.
1191 1296 1221 1349 et
1233 1287 1265 1349 V.
1279 1296 1309 1350 et
1322 1287 1400 1350 scri-

176 1392 295 1463 ptorum
317 1383 505 1462 quorundam
528 1385 706 1464 posterioris
728 1386 832 1448 aetatis
848 1386 952 1448 codem
967 1387 1057 1450 modo
1072 1388 1103 1449 iu
1118 1395 1277 1467 angustum
1292 1397 1402 1452 macta.

91 1565 93 1570 .
177 1483 278 1564 Neque
290 1501 360 1545 vero
370 1483 470 1544 omnia
485 1493 674 1563 exponuntur
688 1505 790 1566 opera,
806 1488 871 1560 sad,
887 1488 965 1551 siout
979 1489 1081 1551 titulus
1097 1507 1185 1569 quern
1198 1508 1287 1570 snpra
1302 1490 1400 1570 posui,
1462 1558 1472 1564 ,

175 1585 295 1656 indicat,
317 1582 474 1663 praecipua
497 1593 626 1658 tanturn,
656 1587 782 1648 maxime
810 1587 986 1668 dogmatica.
1030 1589 1063 1651 lo
1091 1607 1151 1670 quo
1174 1599 1273 1654 nmen
1294 1591 1401 1654 ohser-

175 1684 301 1746 vandum
324 1693 370 1748 est
390 1684 554 1763 dogmatica
576 1687 625 1748 hio
646 1687 703 1750 dici
725 1690 825 1750 omnia
847 1691 956 1752 veteris
978 1691 1123 1752 ecclesiae
1140 1699 1341 1765 monumenta,
1369 1692 1401 1754 in

175 1786 281 1865 quibus
304 1787 341 1848 de
362 1786 508 1866 dogmatis
529 1788 705 1868 theologicis
726 1787 995 1872 quomodocunque
1013 1791 1180 1854 disseritur.
1227 1792 1294 1865 Quo
1308 1811 1399 1856 sensu

175 1887 205 1948 id
227 1898 488 1950 monumentorum
511 1907 605 1968 genus
627 1890 771 1952 latissime
792 1899 873 1970 petet
893 1910 949 1954 neo
972 1892 1054 1956 solos
1077 1892 1281 1972 complectitur
1306 1893 1401 1956 libros

174 1989 373 2068 dogmaticos,
402 1989 433 2050 in
461 1989 569 2069 quihus
598 1991 637 2052 de
664 1991 810 2054 industria
837 1999 889 2053 ant
909 1993 1025 2072 singula
1047 1993 1200 2055 doctrinae
1222 1995 1401 2058 christianae

104 2097 111 2107 '
175 2091 268 2169 capita
290 2097 507 2171 pertractantur
528 2099 577 2153 aut
600 2091 745 2166 universa,
759 2093 837 2154 sieut
858 2093 937 2155 inter
959 2113 993 2157 se
1015 2103 1080 2174 epta
1109 2095 1303 2176 colligatuquo
1330 2104 1401 2159 sunt

173 2190 368 2264 illustrantur,
391 2192 443 2254 sed
465 2201 619 2271 praeterea
637 2193 839 2272 apologeticos
853 2205 940 2274 atque
953 2195 1129 2274 polemicos,
1152 2214 1279 2275 quorum
1294 2210 1399 2260 aucto·

172 2309 222 2354 res
250 2291 320 2354 dum
349 2293 504 2354 veritatem
532 2294 658 2375 divinam
687 2293 723 2356 ah
754 2295 991 2358 adversariorum
1019 2297 1161 2359 ecclesiae
1187 2298 1341 2362 calumniis
1369 2309 1401 2362 et

170 2391 388 2454 haereticorum
412 2394 566 2457 erroribus
589 2395 752 2469 vindicant,
782 2415 847 2458 earn
869 2395 964 2477 ipsam
987 2397 1053 2460 date
1076 2397 1233 2460 occasione
1254 2399 1402 2479 explicant

172 2503 203 2555 et
223 2495 403 2572 argumentis
418 2495 641 2575 rationibusque
656 2497 819 2559 stabiliunt.
850 2497 953 2578 Neque
967 2499 1093 2562 interest
1107 2499 1277 2579 quidquam,
1298 2507 1398 2564 utrum

124 2609 126 2614 ·
170 2593 212 2656 illi
233 2594 302 2657 libri
324 2596 451 2676 formam
473 2598 733 2660 commentationis
754 2597 799 2660 rel
822 2607 963 2662 bachius
985 2599 1129 2674 habeant,
1160 2599 1305 2663 anoliam
1334 2601 1399 2663 sire

171 2696 328 2771 orationis,
351 2698 414 2760 sire
435 2697 589 2778 epistolae,
613 2701 676 2760 sire
697 2699 816 2779 dialogi,
838 2701 1001 2763 dommodo
1015 2701 1077 2764 sint
1090 2703 1255 2782 argumenti
1272 2703 1396 2782 dogma·

171 2795 221 2860 tici
244 2806 275 2858 et
295 2797 393 2861 lucem
415 2800 539 2862 afferant
561 2800 729 2880 dogmatum
752 2800 906 2864 historiae.
942 2801 1006 2874 Qua
1019 2803 1235 2865 rationeetiem
1254 2822 1291 2865 ex
1307 2804 1397 2866 tomis

171 2897 310 2976 (trigenis
338 2899 368 2960 in
397 2887 579 2979 evangelium
608 2903 732 2964 loannis
762 2911 792 2962 et
819 2919 854 2963 ex
876 2901 1014 2977 Eusehii,
1051 2903 1247 2977 Theodoreti,
1279 2903 1396 2982 Erogmi

171 2999 392 3062 commentariis
415 2999 564 3062 derebus
587 3000 834 3075 Christianorum,
856 3011 1010 3081 practerea
1031 3022 1068 3066 ex
1090 3005 1162 3066 actis
1183 3004 1395 3066 nonnullorum

170 3099 365 3162 concidornm
388 3099 494 3163 selecta
517 3101 611 3180 capita
634 3110 850 3182 proponuntur.
895 3101 938 3164 lle
959 3103 1027 3183 ipso
1044 3103 1188 3168 librorum
1204 3105 1319 3168 delectu
1334 3123 1395 3169 noo

65 3265 66 3270 ,
169 3209 215 3263 est
236 3200 316 3280 quod
337 3199 387 3262 hio
406 3200 502 3262 dicam
524 3219 637 3282 eosque
659 3201 793 3280 singulos
815 3221 989 3283 persequar.

252 3301 334 3362 lnter
354 3301 600 3365 chrestomathies
621 3303 789 3383 patristiras
811 3305 891 3367 varie
912 3304 1072 3385 inscriptas
1094 3325 1153 3368 una
1167 3315 1291 3382 tantum,
1314 3307 1395 3388 quod

170 3419 225 3482 ego
260 3402 361 3490 seiam,
386 3402 546 3482 reperitur,
567 3421 642 3482 queo
665 3403 890 3467 collectionibus
911 3413 1029 3486 patrum
1051 3406 1225 3492 dogmaticis
1248 3408 1394 3470 eduum·

169 3503 227 3564 rari
250 3512 359 3582 potest,
383 3503 442 3565 nisi
461 3503 615 3584 Oposcnlo
627 3515 755 3584 potrum
769 3505 898 3568 Berolini
921 3515 950 3569 et
965 3506 1072 3570 tironii
1094 3507 1183 3579 edite,
1205 3525 1280 3586 qnae
1303 3527 1394 3588 snpra

168 3603 411 3676 commemorari,
440 3605 485 3665 vel
515 3604 589 3666 adeo
613 3605 824 3669 collectionem
845 3607 986 3672 selectam
1007 3607 1044 3670 eh
1065 3610 1098 3669 Α.
1119 3607 1153 3669 li.
1175 3605 1285 3670 Callian
1307 3609 1393 3671 Pari-

168 3705 221 3768 siis
243 3705 419 3785 publicatam
442 3705 500 3767 hue
521 3705 625 3768 reterri
648 3707 730 3770 velis.
773 3707 879 3769 Notata
901 3707 953 3770 illa
974 3717 1022 3771 est
1041 3710 1099 3770 hoc
1112 3707 1224 3770 iudice:
1250 3709 1393 3773 Chresto-

168 3806 281 3868 morito
299 3809 460 3886 potrr'str'oo
482 3808 522 3868 od
542 3827 618 3870 asos
642 3825 757 3880 eornm,
786 3813 839 3890 qni
865 3809 1024 3873 historiam
1050 3811 1222 3889 dogmatum
1250 3802 1393 3873 christin-

167 3925 279 3968 norum
300 3911 473 3970 orcurotrits
496 3909 611 3970 discere
633 3915 766 3991 cophini,
789 3909 941 3974 adornato
962 3929 981 3972 o
1001 3911 1050 3972 do.
1065 3911 1135 3974 Gir.
1157 3911 1238 3976 dost.
1254 3911 1393 3991 inpomi-

167 4005 283 4068 Prodiit
304 4007 423 4088 Lipsiae
444 4027 471 4070 a.
496 4009 588 4074 1812.
611 4009 727 4074 duobus
750 4010 959 4074 voluminibus.
1002 4011 1107 4074 Priore
1120 4011 1269 4076 volumine
1284 4029 1391 4092 gracco

167 4108 358 4170 continentur
377 4109 486 4172 tustini
507 4111 641 4190 Martyris
664 4130 699 4173 ex
721 4112 797 4174 lihro
820 4111 857 4174 de
879 4112 1100 4176 resurrectione
1121 4131 1197 4194 quae
1219 4121 1391 4192 supersunt,

166 4207 280 4270 lronaei
301 4211 403 4287 regule
426 4210 511 4286 lidei,
539 4212 683 4292 praelatio
707 4213 845 4293 origenis
868 4214 898 4275 in
921 4231 997 4292 opns
1018 4213 1056 4275 de
1077 4213 1247 4295 principiis,
1268 4212 1391 4276 Ensehii
1425 4207 1428 4214 '

167 4309 203 4370 ad
224 4309 386 4372 historiam
401 4312 632 4374 ecclesiasticam
653 4315 857 4392 prooemium,
884 4313 1035 4376 Athanasii
1062 4321 1201 4376 tractatus
1231 4312 1268 4374 de
1290 4313 1391 4376 incer-

167 4409 285 4473 natione
306 4411 388 4473 verbi
409 4412 456 4474 dai
479 4413 680 4494 apologeticus
709 4424 739 4477 ct
767 4414 901 4478 eiusdem
928 4415 1076 4494 professio
1105 4413 1174 4475 fidei
1203 4411 1266 4475 sire
1294 4415 1390 4477 oratio

167 4507 247 4596 caepi
267 4513 325 4602 τῇς
347 4507 543 4599 espeniacus
571 4517 630 4580 rod
657 4517 744 4580 θεοῦ
770 4507 886 4599 λόγου,
919 4515 1017 4596 Cyrilli
1044 4514 1194 4577 llierosol.
1227 4515 1390 4579 catechesis
