<?xml version="1.0" encoding="UTF-8"?>
<!DOCTYPE html PUBLIC "-//W3C//DTD XHTML 1.0 Transitional//EN"
    "http://www.w3.org/TR/xhtml1/DTD/xhtml1-transitional.dtd">
<html xmlns="http://www.w3.org/1999/xhtml" xml:lang="en" lang="en">
 <head>
  <title>
</title>
<meta http-equiv="Content-Type" content="text/html;charset=utf-8" />
  <meta name='ocr-system' content='tesseract 3.04.00' />
  <meta name='ocr-capabilities' content='ocr_page ocr_carea ocr_par ocr_line ocrx_word'/>
</head>
<body>
  <div class='ocr_page' id='page_1' title='image "./sanctiathanasii01athagoog_0616.png"; bbox 0 0 3122 5060; ppageno 0'>
   <div class='ocr_carea' id='block_1_1' title="bbox 514 281 1333 412">
    <p class='ocr_par' dir='ltr' id='par_1_1' title="bbox 514 281 1333 412">
     <span class='ocr_line' id='line_1_1' title="bbox 514 281 534 320; baseline 0 -4"><span class='ocrx_word' id='word_1_1' title='bbox 514 281 534 320; x_wconf 65' lang='lat'><strong>,0</strong></span> 
     </span>
     <span class='ocr_line' id='line_1_2' title="bbox 520 327 1333 412; baseline 0.01 -22"><span class='ocrx_word' id='word_1_2' title='bbox 520 347 628 399; x_wconf 84' lang='lat' dir='ltr'><strong>omrro</strong></span> <span class='ocrx_word' id='word_1_3' title='bbox 644 327 687 392; x_wconf 89' lang='lat' dir='ltr'><strong>rir.</strong></span> <span class='ocrx_word' id='word_1_4' title='bbox 704 349 819 412; x_wconf 74' lang='lat' dir='ltr'><strong>course</strong></span> <span class='ocrx_word' id='word_1_5' title='bbox 832 349 966 393; x_wconf 79' lang='lat' dir='ltr'><strong>inuans.</strong></span> <span class='ocrx_word' id='word_1_6' title='bbox 1271 336 1333 398; x_wconf 86' lang='grc'><strong>569</strong></span> 
     </span>
    </p>
   </div>
   <div class='ocr_carea' id='block_1_2' title="bbox 112 489 1418 683">
    <p class='ocr_par' dir='ltr' id='par_1_2' title="bbox 112 489 1418 683">
     <span class='ocr_line' id='line_1_3' title="bbox 112 489 1418 579; baseline -0.002 -15"><span class='ocrx_word' id='word_1_7' title='bbox 112 509 177 576; x_wconf 87' lang='lat' dir='ltr'><strong>est,</strong></span> <span class='ocrx_word' id='word_1_8' title='bbox 201 501 238 562; x_wconf 88' lang='lat' dir='ltr'><strong>ad</strong></span> <span class='ocrx_word' id='word_1_9' title='bbox 260 519 348 579; x_wconf 92' lang='lat' dir='ltr'><strong>quem</strong></span> <span class='ocrx_word' id='word_1_10' title='bbox 370 499 508 579; x_wconf 90' lang='lat' dir='ltr'><strong>quoniam</strong></span> <span class='ocrx_word' id='word_1_11' title='bbox 531 499 701 572; x_wconf 87' lang='lat' dir='ltr'><strong>ellendunt,</strong></span> <span class='ocrx_word' id='word_1_12' title='bbox 731 499 767 562; x_wconf 87' lang='lat' dir='ltr'><strong>ab</strong></span> <span class='ocrx_word' id='word_1_13' title='bbox 789 501 847 562; x_wconf 92' lang='lat' dir='ltr'><strong>illis</strong></span> <span class='ocrx_word' id='word_1_14' title='bbox 868 519 930 578; x_wconf 75' lang='lat' dir='ltr'><strong>uon</strong></span> <span class='ocrx_word' id='word_1_15' title='bbox 953 521 1039 564; x_wconf 87' lang='lat' dir='ltr'><strong>secus</strong></span> <span class='ocrx_word' id='word_1_16' title='bbox 1062 489 1133 566; x_wconf 77' lang='lat' dir='ltr'><strong>aaa</strong></span> <span class='ocrx_word' id='word_1_17' title='bbox 1155 503 1418 566; x_wconf 73' lang='lat' dir='ltr'><strong>Sadducaeiseme.</strong></span> 
     </span>
     <span class='ocr_line' id='line_1_4' title="bbox 115 601 1335 683; baseline 0.002 -17"><span class='ocrx_word' id='word_1_18' title='bbox 115 614 146 666; x_wconf 89' lang='lat' dir='ltr'><strong>et</strong></span> <span class='ocrx_word' id='word_1_19' title='bbox 174 602 341 665; x_wconf 86' lang='lat' dir='ltr'><strong>Pharisaeis</strong></span> <span class='ocrx_word' id='word_1_20' title='bbox 370 601 595 664; x_wconf 85' lang='lat' dir='ltr'><strong>sciscitandum.</strong></span> <span class='ocrx_word' id='word_1_21' title='bbox 612 608 673 675; x_wconf 89' lang='lat' dir='ltr'><strong>est,</strong></span> <span class='ocrx_word' id='word_1_22' title='bbox 706 621 764 681; x_wconf 87' lang='lat' dir='ltr'><strong>quo</strong></span> <span class='ocrx_word' id='word_1_23' title='bbox 794 603 833 679; x_wconf 81' lang='lat' dir='ltr'><strong>de</strong></span> <span class='ocrx_word' id='word_1_24' title='bbox 857 603 994 683; x_wconf 89' lang='lat' dir='ltr'><strong>loquatur</strong></span> <span class='ocrx_word' id='word_1_25' title='bbox 1015 605 1121 667; x_wconf 87' lang='lat' dir='ltr'><strong>Lucas.</strong></span> <span class='ocrx_word' id='word_1_26' title='bbox 1166 606 1219 668; x_wconf 90' lang='lat' dir='ltr'><strong>Sin</strong></span> <span class='ocrx_word' id='word_1_27' title='bbox 1236 615 1335 668; x_wconf 88' lang='lat' dir='ltr'><strong>autem</strong></span> 
     </span>
    </p>
   </div>
   <div class='ocr_carea' id='block_1_3' title="bbox 113 696 1512 786">
    <p class='ocr_par' dir='ltr' id='par_1_3' title="bbox 113 696 1512 786">
     <span class='ocr_line' id='line_1_5' title="bbox 113 696 1512 786; baseline 0.003 -18"><span class='ocrx_word' id='word_1_28' title='bbox 113 707 180 768; x_wconf 91' lang='lat' dir='ltr'><strong>illos</strong></span> <span class='ocrx_word' id='word_1_29' title='bbox 204 704 416 784; x_wconf 78' lang='lat' dir='ltr'><strong>aggrediamur.</strong></span> <span class='ocrx_word' id='word_1_30' title='bbox 462 703 710 777; x_wconf 82' lang='lat' dir='ltr'><strong>lesue‚Christus</strong></span> <span class='ocrx_word' id='word_1_31' title='bbox 732 704 860 766; x_wconf 88' lang='lat' dir='ltr'><strong>homone</strong></span> <span class='ocrx_word' id='word_1_32' title='bbox 884 713 929 766; x_wconf 91' lang='lat' dir='ltr'><strong>est</strong></span> <span class='ocrx_word' id='word_1_33' title='bbox 949 713 982 766; x_wconf 90' lang='lat' dir='ltr'><strong>ut</strong></span> <span class='ocrx_word' id='word_1_34' title='bbox 1003 705 1051 769; x_wconf 89' lang='lat' dir='ltr'><strong>alii</strong></span> <span class='ocrx_word' id='word_1_35' title='bbox 1074 725 1177 769; x_wconf 84' lang='lat' dir='ltr'><strong>omnes</strong></span> <span class='ocrx_word' id='word_1_36' title='bbox 1199 709 1335 772; x_wconf 86' lang='lat' dir='ltr'><strong>homines</strong></span> <span class='ocrx_word' id='word_1_37' title='bbox 1406 779 1410 786; x_wconf 54' lang='grc'>,</span> <span class='ocrx_word' id='word_1_38' title='bbox 1501 696 1512 711; x_wconf 84' lang='grc'><strong>’</strong></span> 
     </span>
    </p>
   </div>
   <div class='ocr_carea' id='block_1_4' title="bbox 113 804 1334 988">
    <p class='ocr_par' dir='ltr' id='par_1_4' title="bbox 113 804 1334 988">
     <span class='ocr_line' id='line_1_6' title="bbox 113 804 1334 898; baseline 0.002 -29"><span class='ocrx_word' id='word_1_39' title='bbox 113 827 150 870; x_wconf 92' lang='lat' dir='ltr'><strong>an</strong></span> <span class='ocrx_word' id='word_1_40' title='bbox 173 826 243 869; x_wconf 84' lang='lat' dir='ltr'><strong>vero</strong></span> <span class='ocrx_word' id='word_1_41' title='bbox 265 806 344 867; x_wconf 81' lang='lat' dir='ltr'><strong>lleus</strong></span> <span class='ocrx_word' id='word_1_42' title='bbox 368 813 415 868; x_wconf 90' lang='lat' dir='ltr'><strong>est</strong></span> <span class='ocrx_word' id='word_1_43' title='bbox 436 823 552 867; x_wconf 90' lang='lat' dir='ltr'><strong>carnem</strong></span> <span class='ocrx_word' id='word_1_44' title='bbox 576 804 721 883; x_wconf 78' lang='lat' dir='ltr'><strong>gestans?</strong></span> <span class='ocrx_word' id='word_1_45' title='bbox 751 806 784 867; x_wconf 89' lang='lat' dir='ltr'><strong>Si</strong></span> <span class='ocrx_word' id='word_1_46' title='bbox 804 823 897 885; x_wconf 89' lang='lat' dir='ltr'><strong>purus</strong></span> <span class='ocrx_word' id='word_1_47' title='bbox 920 807 1010 868; x_wconf 91' lang='lat' dir='ltr'><strong>homo</strong></span> <span class='ocrx_word' id='word_1_48' title='bbox 1033 816 1088 892; x_wconf 75' lang='lat' dir='ltr'><strong>est,</strong></span> <span class='ocrx_word' id='word_1_49' title='bbox 1110 817 1144 871; x_wconf 91' lang='lat' dir='ltr'><strong>ut</strong></span> <span class='ocrx_word' id='word_1_50' title='bbox 1165 812 1254 872; x_wconf 90' lang='lat' dir='ltr'><strong>ceteri</strong></span> <span class='ocrx_word' id='word_1_51' title='bbox 1276 812 1334 898; x_wconf 71' lang='lat' dir='ltr'><strong>lio-</strong></span> 
     </span>
     <span class='ocr_line' id='line_1_7' title="bbox 113 907 1334 988; baseline 0 -14"><span class='ocrx_word' id='word_1_52' title='bbox 113 911 228 983; x_wconf 87' lang='lat' dir='ltr'><strong>mines,</strong></span> <span class='ocrx_word' id='word_1_53' title='bbox 251 909 352 988; x_wconf 83' lang='lat' dir='ltr'><strong>utique</strong></span> <span class='ocrx_word' id='word_1_54' title='bbox 372 907 689 987; x_wconf 73' lang='lat' dir='ltr'><strong>uthomoproliciatr</strong></span> <span class='ocrx_word' id='word_1_55' title='bbox 718 927 793 988; x_wconf 90' lang='lat' dir='ltr'><strong>quae</strong></span> <span class='ocrx_word' id='word_1_56' title='bbox 816 909 932 988; x_wconf 91' lang='lat' dir='ltr'><strong>quidem</strong></span> <span class='ocrx_word' id='word_1_57' title='bbox 954 920 1001 971; x_wconf 91' lang='lat' dir='ltr'><strong>est</strong></span> <span class='ocrx_word' id='word_1_58' title='bbox 1022 909 1239 974; x_wconf 87' lang='lat' dir='ltr'><strong>Samosateusis</strong></span> <span class='ocrx_word' id='word_1_59' title='bbox 1262 932 1334 974; x_wconf 89' lang='lat' dir='ltr'><strong>sen-</strong></span> 
     </span>
    </p>
   </div>
   <div class='ocr_carea' id='block_1_5' title="bbox 114 998 1525 1094">
    <p class='ocr_par' dir='ltr' id='par_1_5' title="bbox 114 998 1525 1094">
     <span class='ocr_line' id='line_1_8' title="bbox 114 998 1525 1094; baseline -0.001 -19"><span class='ocrx_word' id='word_1_60' title='bbox 114 1013 223 1086; x_wconf 90' lang='lat' dir='ltr'><strong>tentia,</strong></span> <span class='ocrx_word' id='word_1_61' title='bbox 258 1027 344 1089; x_wconf 89' lang='lat' dir='ltr'><strong>quam</strong></span> <span class='ocrx_word' id='word_1_62' title='bbox 373 1016 437 1071; x_wconf 90' lang='lat' dir='ltr'><strong>toto</strong></span> <span class='ocrx_word' id='word_1_63' title='bbox 465 1029 518 1074; x_wconf 86' lang='lat' dir='ltr'><strong>vos</strong></span> <span class='ocrx_word' id='word_1_64' title='bbox 547 1010 645 1071; x_wconf 90' lang='lat' dir='ltr'><strong>animo</strong></span> <span class='ocrx_word' id='word_1_65' title='bbox 674 1011 899 1089; x_wconf 74' lang='lat' dir='ltr'><strong>amplectimini,</strong></span> <span class='ocrx_word' id='word_1_66' title='bbox 933 1013 986 1074; x_wconf 91' lang='lat' dir='ltr'><strong>sed</strong></span> <span class='ocrx_word' id='word_1_67' title='bbox 1013 1013 1134 1075; x_wconf 87' lang='lat' dir='ltr'><strong>nomine</strong></span> <span class='ocrx_word' id='word_1_68' title='bbox 1158 1021 1242 1076; x_wconf 86' lang='lat' dir='ltr'><strong>tenus</strong></span> <span class='ocrx_word' id='word_1_69' title='bbox 1264 1026 1419 1094; x_wconf 70' lang='lat' dir='ltr'><strong>praepono.</strong></span> <span class='ocrx_word' id='word_1_70' title='bbox 1496 998 1525 1069; x_wconf 76' lang='lat'><strong>.&#39;</strong></span> 
     </span>
    </p>
   </div>
   <div class='ocr_carea' id='block_1_6' title="bbox 113 1111 1509 3655">
    <p class='ocr_par' dir='ltr' id='par_1_6' title="bbox 113 1111 1509 3655">
     <span class='ocr_line' id='line_1_9' title="bbox 113 1111 1334 1208; baseline 0.001 -31"><span class='ocrx_word' id='word_1_71' title='bbox 113 1123 195 1177; x_wconf 88' lang='lat' dir='ltr'><strong>metu</strong></span> <span class='ocrx_word' id='word_1_72' title='bbox 217 1112 517 1208; x_wconf 69' lang='lat' dir='ltr'><strong>hominumneqatis.</strong></span> <span class='ocrx_word' id='word_1_73' title='bbox 560 1111 593 1174; x_wconf 91' lang='lat' dir='ltr'><strong>Si</strong></span> <span class='ocrx_word' id='word_1_74' title='bbox 615 1131 692 1206; x_wconf 84' lang='lat' dir='ltr'><strong>vero</strong></span> <span class='ocrx_word' id='word_1_75' title='bbox 707 1112 786 1174; x_wconf 85' lang='lat' dir='ltr'><strong>Deus</strong></span> <span class='ocrx_word' id='word_1_76' title='bbox 810 1113 857 1174; x_wconf 82' lang='lat' dir='ltr'><strong>es&#39;t</strong></span> <span class='ocrx_word' id='word_1_77' title='bbox 878 1132 995 1176; x_wconf 90' lang='lat' dir='ltr'><strong>carnem</strong></span> <span class='ocrx_word' id='word_1_78' title='bbox 1018 1125 1146 1206; x_wconf 67' lang='lat' dir='ltr'><strong>pestana,</strong></span> <span class='ocrx_word' id='word_1_79' title='bbox 1170 1113 1211 1176; x_wconf 93' lang='lat' dir='ltr'><strong>uti</strong></span> <span class='ocrx_word' id='word_1_80' title='bbox 1233 1133 1334 1178; x_wconf 84' lang='lat' dir='ltr'><strong>revera</strong></span> 
     </span>
     <span class='ocr_line' id='line_1_10' title="bbox 116 1213 1334 1302; baseline 0.001 -24"><span class='ocrx_word' id='word_1_81' title='bbox 116 1226 173 1290; x_wconf 87' lang='lat' dir='ltr'><strong>est,</strong></span> <span class='ocrx_word' id='word_1_82' title='bbox 196 1224 226 1277; x_wconf 93' lang='lat' dir='ltr'><strong>et</strong></span> <span class='ocrx_word' id='word_1_83' title='bbox 248 1213 375 1289; x_wconf 80' lang='lat' dir='ltr'><strong>Verbum</strong></span> <span class='ocrx_word' id='word_1_84' title='bbox 398 1233 467 1276; x_wconf 83' lang='lat' dir='ltr'><strong>earo</strong></span> <span class='ocrx_word' id='word_1_85' title='bbox 490 1216 599 1278; x_wconf 88' lang='lat' dir='ltr'><strong>lactum</strong></span> <span class='ocrx_word' id='word_1_86' title='bbox 622 1223 683 1288; x_wconf 89' lang='lat' dir='ltr'><strong>est,</strong></span> <span class='ocrx_word' id='word_1_87' title='bbox 707 1215 877 1302; x_wconf 38' lang='lat' dir='ltr'><strong>isque,&#39;qui</strong></span> <span class='ocrx_word' id='word_1_88' title='bbox 899 1216 977 1278; x_wconf 86' lang='lat' dir='ltr'><strong>Dens</strong></span> <span class='ocrx_word' id='word_1_89' title='bbox 1000 1225 1072 1290; x_wconf 90' lang='lat' dir='ltr'><strong>erat,</strong></span> <span class='ocrx_word' id='word_1_90' title='bbox 1096 1217 1126 1278; x_wconf 87' lang='lat' dir='ltr'><strong>ln</strong></span> <span class='ocrx_word' id='word_1_91' title='bbox 1148 1226 1258 1279; x_wconf 86' lang='lat' dir='ltr'><strong>terram</strong></span> <span class='ocrx_word' id='word_1_92' title='bbox 1280 1218 1334 1280; x_wconf 90' lang='lat' dir='ltr'><strong>de-</strong></span> 
     </span>
     <span class='ocr_line' id='line_1_11' title="bbox 115 1315 1336 1397; baseline 0.001 -17"><span class='ocrx_word' id='word_1_93' title='bbox 115 1317 246 1389; x_wconf 84' lang='lat' dir='ltr'><strong>scendit,</strong></span> <span class='ocrx_word' id='word_1_94' title='bbox 274 1335 350 1396; x_wconf 90' lang='lat' dir='ltr'><strong>quos</strong></span> <span class='ocrx_word' id='word_1_95' title='bbox 372 1335 549 1396; x_wconf 79' lang='lat' dir='ltr'><strong>progressus</strong></span> <span class='ocrx_word' id='word_1_96' title='bbox 571 1325 659 1396; x_wconf 88' lang='lat' dir='ltr'><strong>queat</strong></span> <span class='ocrx_word' id='word_1_97' title='bbox 679 1315 727 1378; x_wconf 92' lang='lat' dir='ltr'><strong>ille</strong></span> <span class='ocrx_word' id='word_1_98' title='bbox 750 1317 875 1392; x_wconf 89' lang='lat' dir='ltr'><strong>habere,</strong></span> <span class='ocrx_word' id='word_1_99' title='bbox 906 1318 955 1397; x_wconf 90' lang='lat' dir='ltr'><strong>qni</strong></span> <span class='ocrx_word' id='word_1_100' title='bbox 983 1318 1114 1397; x_wconf 88' lang='lat' dir='ltr'><strong>aequalis</strong></span> <span class='ocrx_word' id='word_1_101' title='bbox 1142 1318 1203 1380; x_wconf 80' lang='lat' dir='ltr'><strong>lieo</strong></span> <span class='ocrx_word' id='word_1_102' title='bbox 1227 1320 1336 1394; x_wconf 80' lang='lat' dir='ltr'><strong>existit,</strong></span> 
     </span>
     <span class='ocr_line' id='line_1_12' title="bbox 116 1416 1450 1502; baseline 0.002 -23"><span class='ocrx_word' id='word_1_103' title='bbox 116 1427 168 1480; x_wconf 89' lang='lat' dir='ltr'><strong>ant</strong></span> <span class='ocrx_word' id='word_1_104' title='bbox 188 1437 246 1498; x_wconf 95' lang='lat' dir='ltr'><strong>quo</strong></span> <span class='ocrx_word' id='word_1_105' title='bbox 267 1417 357 1480; x_wconf 89' lang='lat' dir='ltr'><strong>modo</strong></span> <span class='ocrx_word' id='word_1_106' title='bbox 380 1435 514 1480; x_wconf 88' lang='lat' dir='ltr'><strong>crescere</strong></span> <span class='ocrx_word' id='word_1_107' title='bbox 535 1420 634 1498; x_wconf 81' lang='lat' dir='ltr'><strong>possit</strong></span> <span class='ocrx_word' id='word_1_108' title='bbox 654 1418 765 1492; x_wconf 86' lang='lat' dir='ltr'><strong>Filius,</strong></span> <span class='ocrx_word' id='word_1_109' title='bbox 788 1419 837 1498; x_wconf 89' lang='lat' dir='ltr'><strong>qui</strong></span> <span class='ocrx_word' id='word_1_110' title='bbox 860 1437 987 1502; x_wconf 84' lang='lat' dir='ltr'><strong>semper</strong></span> <span class='ocrx_word' id='word_1_111' title='bbox 1000 1427 1047 1482; x_wconf 90' lang='lat' dir='ltr'><strong>est</strong></span> <span class='ocrx_word' id='word_1_112' title='bbox 1067 1416 1098 1482; x_wconf 87' lang='lat' dir='ltr'><strong>in</strong></span> <span class='ocrx_word' id='word_1_113' title='bbox 1119 1419 1231 1482; x_wconf 75' lang='lat' dir='ltr'><strong>Patre?</strong></span> <span class='ocrx_word' id='word_1_114' title='bbox 1263 1421 1337 1482; x_wconf 84' lang='lat' dir='ltr'><strong>Nam</strong></span> <span class='ocrx_word' id='word_1_115' title='bbox 1445 1470 1450 1482; x_wconf 94' lang='lat'><em>.</em></span> 
     </span>
     <span class='ocr_line' id='line_1_13' title="bbox 115 1519 1335 1601; baseline 0.002 -20"><span class='ocrx_word' id='word_1_116' title='bbox 115 1521 142 1582; x_wconf 85' lang='lat' dir='ltr'><strong>si</strong></span> <span class='ocrx_word' id='word_1_117' title='bbox 164 1520 202 1595; x_wconf 87' lang='lat' dir='ltr'><strong>is,</strong></span> <span class='ocrx_word' id='word_1_118' title='bbox 223 1520 273 1600; x_wconf 90' lang='lat' dir='ltr'><strong>qui</strong></span> <span class='ocrx_word' id='word_1_119' title='bbox 295 1528 341 1582; x_wconf 87' lang='lat' dir='ltr'><strong>est</strong></span> <span class='ocrx_word' id='word_1_120' title='bbox 362 1519 392 1580; x_wconf 89' lang='lat' dir='ltr'><strong>in</strong></span> <span class='ocrx_word' id='word_1_121' title='bbox 406 1520 505 1594; x_wconf 90' lang='lat' dir='ltr'><strong>Patre,</strong></span> <span class='ocrx_word' id='word_1_122' title='bbox 526 1521 672 1600; x_wconf 90' lang='lat' dir='ltr'><strong>prolicere</strong></span> <span class='ocrx_word' id='word_1_123' title='bbox 693 1528 801 1600; x_wconf 88' lang='lat' dir='ltr'><strong>potest,</strong></span> <span class='ocrx_word' id='word_1_124' title='bbox 825 1521 895 1600; x_wconf 92' lang='lat' dir='ltr'><strong>quid</strong></span> <span class='ocrx_word' id='word_1_125' title='bbox 917 1541 1028 1601; x_wconf 80' lang='lat' dir='ltr'><strong>quaeso</strong></span> <span class='ocrx_word' id='word_1_126' title='bbox 1051 1531 1098 1584; x_wconf 85' lang='lat' dir='ltr'><strong>est</strong></span> <span class='ocrx_word' id='word_1_127' title='bbox 1120 1523 1193 1586; x_wconf 88' lang='lat' dir='ltr'><strong>ultra</strong></span> <span class='ocrx_word' id='word_1_128' title='bbox 1208 1523 1335 1596; x_wconf 89' lang='lat' dir='ltr'><strong>Patrem,</strong></span> 
     </span>
     <span class='ocr_line' id='line_1_14' title="bbox 114 1621 1338 1705; baseline 0.003 -22"><span class='ocrx_word' id='word_1_129' title='bbox 114 1629 148 1684; x_wconf 90' lang='lat' dir='ltr'><strong>ut</strong></span> <span class='ocrx_word' id='word_1_130' title='bbox 167 1621 237 1684; x_wconf 90' lang='lat' dir='ltr'><strong>inde</strong></span> <span class='ocrx_word' id='word_1_131' title='bbox 257 1623 355 1702; x_wconf 78' lang='lat' dir='ltr'><strong>possit</strong></span> <span class='ocrx_word' id='word_1_132' title='bbox 382 1621 552 1702; x_wconf 76' lang='lat' dir='ltr'><strong>prolicere?</strong></span> <span class='ocrx_word' id='word_1_133' title='bbox 588 1622 701 1684; x_wconf 80' lang='lat' dir='ltr'><strong>Deinde</strong></span> <span class='ocrx_word' id='word_1_134' title='bbox 723 1641 740 1684; x_wconf 94' lang='lat' dir='ltr'><strong>e</strong></span> <span class='ocrx_word' id='word_1_135' title='bbox 761 1641 795 1685; x_wconf 92' lang='lat' dir='ltr'><strong>re</strong></span> <span class='ocrx_word' id='word_1_136' title='bbox 816 1624 906 1684; x_wconf 87' lang='lat' dir='ltr'><strong>luerit</strong></span> <span class='ocrx_word' id='word_1_137' title='bbox 927 1625 1029 1686; x_wconf 88' lang='lat' dir='ltr'><strong>eadem</strong></span> <span class='ocrx_word' id='word_1_138' title='bbox 1051 1625 1100 1686; x_wconf 88' lang='lat' dir='ltr'><strong>hle</strong></span> <span class='ocrx_word' id='word_1_139' title='bbox 1120 1626 1232 1700; x_wconf 90' lang='lat' dir='ltr'><strong>dicere,</strong></span> <span class='ocrx_word' id='word_1_140' title='bbox 1262 1645 1338 1705; x_wconf 86' lang='lat' dir='ltr'><strong>quae</strong></span> 
     </span>
     <span class='ocr_line' id='line_1_15' title="bbox 116 1714 1338 1808; baseline 0.003 -22"><span class='ocrx_word' id='word_1_141' title='bbox 116 1714 208 1804; x_wconf 84' lang='lat' dir='ltr'><strong>supra</strong></span> <span class='ocrx_word' id='word_1_142' title='bbox 230 1724 444 1798; x_wconf 80' lang='lat' dir='ltr'><strong>disseruimus,</strong></span> <span class='ocrx_word' id='word_1_143' title='bbox 468 1743 534 1786; x_wconf 89' lang='lat' dir='ltr'><strong>curn</strong></span> <span class='ocrx_word' id='word_1_144' title='bbox 558 1725 769 1805; x_wconf 79' lang='lat' dir='ltr'><strong>explicaremus</strong></span> <span class='ocrx_word' id='word_1_145' title='bbox 792 1744 920 1804; x_wconf 86' lang='lat' dir='ltr'><strong>quonam</strong></span> <span class='ocrx_word' id='word_1_146' title='bbox 942 1745 1034 1789; x_wconf 87' lang='lat' dir='ltr'><strong>sensu</strong></span> <span class='ocrx_word' id='word_1_147' title='bbox 1055 1727 1165 1808; x_wconf 86' lang='lat' dir='ltr'><strong>aliquid</strong></span> <span class='ocrx_word' id='word_1_148' title='bbox 1187 1729 1338 1808; x_wconf 88' lang='lat' dir='ltr'><strong>accepisse</strong></span> 
     </span>
     <span class='ocr_line' id='line_1_16' title="bbox 115 1818 1395 1910; baseline 0.002 -21"><span class='ocrx_word' id='word_1_149' title='bbox 115 1837 144 1889; x_wconf 91' lang='lat' dir='ltr'><strong>et</strong></span> <span class='ocrx_word' id='word_1_150' title='bbox 164 1825 289 1907; x_wconf 82' lang='lat' dir='ltr'><strong>gloriam</strong></span> <span class='ocrx_word' id='word_1_151' title='bbox 311 1826 434 1906; x_wconf 86' lang='lat' dir='ltr'><strong>adeptus</strong></span> <span class='ocrx_word' id='word_1_152' title='bbox 463 1845 532 1888; x_wconf 88' lang='lat' dir='ltr'><strong>esse</strong></span> <span class='ocrx_word' id='word_1_153' title='bbox 560 1826 717 1888; x_wconf 82' lang='lat' dir='ltr'><strong>diceretur.</strong></span> <span class='ocrx_word' id='word_1_154' title='bbox 760 1825 905 1888; x_wconf 85' lang='lat' dir='ltr'><strong>Nimirum</strong></span> <span class='ocrx_word' id='word_1_155' title='bbox 927 1827 953 1889; x_wconf 85' lang='lat' dir='ltr'><strong>si</strong></span> <span class='ocrx_word' id='word_1_156' title='bbox 976 1829 1066 1890; x_wconf 89' lang='lat' dir='ltr'><strong>homo</strong></span> <span class='ocrx_word' id='word_1_157' title='bbox 1088 1831 1181 1892; x_wconf 89' lang='lat' dir='ltr'><strong>lactus</strong></span> <span class='ocrx_word' id='word_1_158' title='bbox 1202 1831 1339 1910; x_wconf 82' lang='lat' dir='ltr'><strong>proiecit,</strong></span> <span class='ocrx_word' id='word_1_159' title='bbox 1390 1818 1395 1829; x_wconf 54' lang='lat'>⁸</span> 
     </span>
     <span class='ocr_line' id='line_1_17' title="bbox 115 1922 1337 2014; baseline 0.002 -23"><span class='ocrx_word' id='word_1_160' title='bbox 115 1947 187 2009; x_wconf 82' lang='lat' dir='ltr'><strong>ergo</strong></span> <span class='ocrx_word' id='word_1_161' title='bbox 210 1937 364 2008; x_wconf 77' lang='lat' dir='ltr'><strong>antequem</strong></span> <span class='ocrx_word' id='word_1_162' title='bbox 386 1925 472 1990; x_wconf 84' lang='lat' dir='ltr'><strong>lier&#39;et</strong></span> <span class='ocrx_word' id='word_1_163' title='bbox 492 1922 600 2002; x_wconf 86' lang='lat' dir='ltr'><strong>tiemo,</strong></span> <span class='ocrx_word' id='word_1_164' title='bbox 622 1930 770 2008; x_wconf 86' lang='lat' dir='ltr'><strong>perlectus</strong></span> <span class='ocrx_word' id='word_1_165' title='bbox 792 1947 853 1989; x_wconf 89' lang='lat' dir='ltr'><strong>non</strong></span> <span class='ocrx_word' id='word_1_166' title='bbox 875 1937 954 2002; x_wconf 88' lang='lat' dir='ltr'><strong>erat,</strong></span> <span class='ocrx_word' id='word_1_167' title='bbox 977 1947 1011 1992; x_wconf 87' lang='lat' dir='ltr'><strong>an</strong></span> <span class='ocrx_word' id='word_1_168' title='bbox 1032 1931 1157 2010; x_wconf 85' lang='lat' dir='ltr'><strong>proidde</strong></span> <span class='ocrx_word' id='word_1_169' title='bbox 1180 1931 1244 1994; x_wconf 89' lang='lat' dir='ltr'><strong>eins</strong></span> <span class='ocrx_word' id='word_1_170' title='bbox 1265 1951 1337 2014; x_wconf 80' lang='lat' dir='ltr'><strong>per-</strong></span> 
     </span>
     <span class='ocr_line' id='line_1_18' title="bbox 115 2015 1339 2116; baseline 0.003 -24"><span class='ocrx_word' id='word_1_171' title='bbox 115 2031 252 2112; x_wconf 86' lang='lat' dir='ltr'><strong>lactiopis</strong></span> <span class='ocrx_word' id='word_1_172' title='bbox 275 2033 362 2093; x_wconf 83' lang='lat' dir='ltr'><strong>causa</strong></span> <span class='ocrx_word' id='word_1_173' title='bbox 383 2029 440 2091; x_wconf 91' lang='lat' dir='ltr'><strong>luit</strong></span> <span class='ocrx_word' id='word_1_174' title='bbox 460 2030 560 2109; x_wconf 89' lang='lat' dir='ltr'><strong>potius</strong></span> <span class='ocrx_word' id='word_1_175' title='bbox 584 2047 651 2090; x_wconf 86' lang='lat' dir='ltr'><strong>earo</strong></span> <span class='ocrx_word' id='word_1_176' title='bbox 674 2015 760 2109; x_wconf 86' lang='lat' dir='ltr'><strong>quam</strong></span> <span class='ocrx_word' id='word_1_177' title='bbox 783 2029 849 2110; x_wconf 90' lang='lat' dir='ltr'><strong>ipse</strong></span> <span class='ocrx_word' id='word_1_178' title='bbox 870 2031 977 2092; x_wconf 87' lang='lat' dir='ltr'><strong>caruis.</strong></span> <span class='ocrx_word' id='word_1_179' title='bbox 1010 2031 1137 2111; x_wconf 86' lang='lat' dir='ltr'><strong>Insuper</strong></span> <span class='ocrx_word' id='word_1_180' title='bbox 1158 2034 1184 2095; x_wconf 88' lang='lat' dir='ltr'><strong>si</strong></span> <span class='ocrx_word' id='word_1_181' title='bbox 1206 2033 1264 2109; x_wconf 82' lang='lat' dir='ltr'><strong>ille,</strong></span> <span class='ocrx_word' id='word_1_182' title='bbox 1288 2035 1339 2116; x_wconf 90' lang='lat' dir='ltr'><strong>qui</strong></span> 
     </span>
     <span class='ocr_line' id='line_1_19' title="bbox 115 2131 1445 2216; baseline 0.004 -22"><span class='ocrx_word' id='word_1_183' title='bbox 115 2131 245 2194; x_wconf 83' lang='lat' dir='ltr'><strong>Verbum</strong></span> <span class='ocrx_word' id='word_1_184' title='bbox 267 2141 322 2207; x_wconf 88' lang='lat' dir='ltr'><strong>est,</strong></span> <span class='ocrx_word' id='word_1_185' title='bbox 344 2131 472 2211; x_wconf 82' lang='lat' dir='ltr'><strong>prolicit,</strong></span> <span class='ocrx_word' id='word_1_186' title='bbox 494 2131 565 2211; x_wconf 94' lang='lat' dir='ltr'><strong>quid</strong></span> <span class='ocrx_word' id='word_1_187' title='bbox 584 2132 679 2194; x_wconf 86' lang='lat' dir='ltr'><strong>maius</strong></span> <span class='ocrx_word' id='word_1_188' title='bbox 700 2141 801 2212; x_wconf 88' lang='lat' dir='ltr'><strong>potest</strong></span> <span class='ocrx_word' id='word_1_189' title='bbox 815 2131 891 2207; x_wconf 90' lang='lat' dir='ltr'><strong>lieri,</strong></span> <span class='ocrx_word' id='word_1_190' title='bbox 915 2151 1001 2212; x_wconf 87' lang='lat' dir='ltr'><strong>quam</strong></span> <span class='ocrx_word' id='word_1_191' title='bbox 1018 2133 1155 2206; x_wconf 87' lang='lat' dir='ltr'><strong>Verbum,</strong></span> <span class='ocrx_word' id='word_1_192' title='bbox 1179 2133 1339 2216; x_wconf 85' lang='lat' dir='ltr'><strong>Sapientia,</strong></span> <span class='ocrx_word' id='word_1_193' title='bbox 1394 2147 1445 2186; x_wconf 91' lang='lat'><strong>·&#39;·</strong></span> 
     </span>
     <span class='ocr_line' id='line_1_20' title="bbox 115 2225 1490 2317; baseline 0.004 -21"><span class='ocrx_word' id='word_1_194' title='bbox 115 2234 208 2296; x_wconf 72' lang='lat' dir='ltr'><strong>ultim</strong></span> <span class='ocrx_word' id='word_1_195' title='bbox 231 2242 262 2296; x_wconf 90' lang='lat' dir='ltr'><strong>et</strong></span> <span class='ocrx_word' id='word_1_196' title='bbox 282 2234 336 2296; x_wconf 80' lang='lat' dir='ltr'><strong>Dei</strong></span> <span class='ocrx_word' id='word_1_197' title='bbox 358 2231 475 2296; x_wconf 76' lang='lat' dir='ltr'><strong>virtus?</strong></span> <span class='ocrx_word' id='word_1_198' title='bbox 507 2234 582 2296; x_wconf 88' lang='lat' dir='ltr'><strong>haec</strong></span> <span class='ocrx_word' id='word_1_199' title='bbox 608 2233 755 2312; x_wconf 88' lang='lat' dir='ltr'><strong>siquidem</strong></span> <span class='ocrx_word' id='word_1_200' title='bbox 779 2242 850 2297; x_wconf 84' lang='lat' dir='ltr'><strong>aunt</strong></span> <span class='ocrx_word' id='word_1_201' title='bbox 871 2234 969 2314; x_wconf 89' lang='lat' dir='ltr'><strong>ipsum</strong></span> <span class='ocrx_word' id='word_1_202' title='bbox 986 2229 1144 2317; x_wconf 39' lang='lat' dir='ltr'><strong>,Verbumss</strong></span> <span class='ocrx_word' id='word_1_203' title='bbox 1164 2255 1290 2317; x_wconf 90' lang='lat' dir='ltr'><strong>quorum</strong></span> <span class='ocrx_word' id='word_1_204' title='bbox 1313 2239 1340 2301; x_wconf 86' lang='lat' dir='ltr'><strong>si</strong></span> <span class='ocrx_word' id='word_1_205' title='bbox 1371 2279 1377 2292; x_wconf 84' lang='lat'><strong>·</strong></span> <span class='ocrx_word' id='word_1_206' title='bbox 1445 2302 1450 2313; x_wconf 76' lang='grc'>,</span> <span class='ocrx_word' id='word_1_207' title='bbox 1485 2225 1490 2235; x_wconf 77' lang='grc'><strong>’</strong></span> 
     </span>
     <span class='ocr_line' id='line_1_21' title="bbox 115 2317 1509 2417; baseline 0.003 -19"><span class='ocrx_word' id='word_1_208' title='bbox 115 2337 184 2416; x_wconf 83' lang='lat' dir='ltr'><strong>quie</strong></span> <span class='ocrx_word' id='word_1_209' title='bbox 206 2329 296 2398; x_wconf 83' lang='lat' dir='ltr'><strong>&#39;veluti</strong></span> <span class='ocrx_word' id='word_1_210' title='bbox 318 2335 432 2398; x_wconf 90' lang='lat' dir='ltr'><strong>radium</strong></span> <span class='ocrx_word' id='word_1_211' title='bbox 455 2345 559 2416; x_wconf 90' lang='lat' dir='ltr'><strong>posset</strong></span> <span class='ocrx_word' id='word_1_212' title='bbox 582 2336 724 2416; x_wconf 87' lang='lat' dir='ltr'><strong>accipere,</strong></span> <span class='ocrx_word' id='word_1_213' title='bbox 748 2335 774 2396; x_wconf 88' lang='lat' dir='ltr'><strong>is</strong></span> <span class='ocrx_word' id='word_1_214' title='bbox 798 2354 870 2398; x_wconf 86' lang='lat' dir='ltr'><strong>sane</strong></span> <span class='ocrx_word' id='word_1_215' title='bbox 892 2355 1006 2398; x_wconf 66' lang='lat' dir='ltr'><strong>eamme</strong></span> <span class='ocrx_word' id='word_1_216' title='bbox 1023 2339 1172 2417; x_wconf 86' lang='lat' dir='ltr'><strong>perlectus</strong></span> <span class='ocrx_word' id='word_1_217' title='bbox 1188 2339 1266 2402; x_wconf 93' lang='lat' dir='ltr'><strong>inter</strong></span> <span class='ocrx_word' id='word_1_218' title='bbox 1280 2341 1338 2402; x_wconf 89' lang='lat' dir='ltr'><strong>ho·</strong></span> <span class='ocrx_word' id='word_1_219' title='bbox 1454 2337 1469 2352; x_wconf 76' lang='lat'><strong>&#39;⁸</strong></span> <span class='ocrx_word' id='word_1_220' title='bbox 1504 2317 1509 2330; x_wconf 51' lang='lat'>⁸</span> 
     </span>
     <span class='ocr_line' id='line_1_22' title="bbox 115 2437 1339 2520; baseline 0.001 -18"><span class='ocrx_word' id='word_1_221' title='bbox 115 2439 214 2502; x_wconf 85' lang='lat' dir='ltr'><strong>mines</strong></span> <span class='ocrx_word' id='word_1_222' title='bbox 237 2447 327 2508; x_wconf 79' lang='lat' dir='ltr'><strong>esset,</strong></span> <span class='ocrx_word' id='word_1_223' title='bbox 350 2438 527 2518; x_wconf 68' lang='lat' dir='ltr'><strong>angelisque</strong></span> <span class='ocrx_word' id='word_1_224' title='bbox 548 2437 634 2500; x_wconf 86' lang='lat' dir='ltr'><strong>lieret</strong></span> <span class='ocrx_word' id='word_1_225' title='bbox 654 2437 795 2515; x_wconf 88' lang='lat' dir='ltr'><strong>aequalis.</strong></span> <span class='ocrx_word' id='word_1_226' title='bbox 840 2437 956 2500; x_wconf 84' lang='lat' dir='ltr'><strong>Etenim</strong></span> <span class='ocrx_word' id='word_1_227' title='bbox 978 2437 1079 2516; x_wconf 82' lang='lat' dir='ltr'><strong>dugeli</strong></span> <span class='ocrx_word' id='word_1_228' title='bbox 1100 2439 1159 2518; x_wconf 91' lang='lat' dir='ltr'><strong>ipsi</strong></span> <span class='ocrx_word' id='word_1_229' title='bbox 1181 2448 1268 2520; x_wconf 86' lang='lat' dir='ltr'><strong>atque</strong></span> <span class='ocrx_word' id='word_1_230' title='bbox 1282 2441 1339 2502; x_wconf 80' lang='lat' dir='ltr'><strong>Ar-</strong></span> 
     </span>
     <span class='ocr_line' id='line_1_23' title="bbox 117 2537 1340 2622; baseline 0.002 -21"><span class='ocrx_word' id='word_1_231' title='bbox 117 2539 267 2620; x_wconf 75' lang='lat' dir='ltr'><strong>changeii,</strong></span> <span class='ocrx_word' id='word_1_232' title='bbox 294 2539 517 2602; x_wconf 84' lang='lat' dir='ltr'><strong>llominationcs</strong></span> <span class='ocrx_word' id='word_1_233' title='bbox 547 2537 733 2616; x_wconf 77' lang='lat' dir='ltr'><strong>virtutesque</strong></span> <span class='ocrx_word' id='word_1_234' title='bbox 756 2556 862 2599; x_wconf 90' lang='lat' dir='ltr'><strong>omnes</strong></span> <span class='ocrx_word' id='word_1_235' title='bbox 883 2550 913 2600; x_wconf 91' lang='lat' dir='ltr'><strong>et</strong></span> <span class='ocrx_word' id='word_1_236' title='bbox 935 2538 1048 2600; x_wconf 87' lang='lat' dir='ltr'><strong>Throni</strong></span> <span class='ocrx_word' id='word_1_237' title='bbox 1070 2540 1158 2600; x_wconf 91' lang='lat' dir='ltr'><strong>Verbi</strong></span> <span class='ocrx_word' id='word_1_238' title='bbox 1179 2541 1340 2622; x_wconf 81' lang='lat' dir='ltr'><strong>participes</strong></span> 
     </span>
     <span class='ocr_line' id='line_1_24' title="bbox 119 2638 1342 2721; baseline 0.003 -19"><span class='ocrx_word' id='word_1_239' title='bbox 119 2641 216 2704; x_wconf 80' lang='lat' dir='ltr'><strong>effecti</strong></span> <span class='ocrx_word' id='word_1_240' title='bbox 238 2643 342 2704; x_wconf 82' lang='lat' dir='ltr'><strong>taciem</strong></span> <span class='ocrx_word' id='word_1_241' title='bbox 363 2641 460 2704; x_wconf 86' lang='lat' dir='ltr'><strong>Patris</strong></span> <span class='ocrx_word' id='word_1_242' title='bbox 483 2639 547 2702; x_wconf 85' lang='lat' dir='ltr'><strong>eius</strong></span> <span class='ocrx_word' id='word_1_243' title='bbox 570 2647 711 2720; x_wconf 89' lang='lat' dir='ltr'><strong>perpetuo</strong></span> <span class='ocrx_word' id='word_1_244' title='bbox 735 2638 843 2702; x_wconf 74' lang='lat' dir='ltr'><strong>rident</strong></span> <span class='ocrx_word' id='word_1_245' title='bbox 872 2638 947 2712; x_wconf 85' lang='lat' dir='ltr'><strong>·Qui</strong></span> <span class='ocrx_word' id='word_1_246' title='bbox 969 2657 1039 2717; x_wconf 82' lang='lat' dir='ltr'><strong>ergo</strong></span> <span class='ocrx_word' id='word_1_247' title='bbox 1068 2640 1133 2702; x_wconf 87' lang='lat' dir='ltr'><strong>lieri</strong></span> <span class='ocrx_word' id='word_1_248' title='bbox 1160 2649 1276 2721; x_wconf 84' lang='lat' dir='ltr'><strong>potest,</strong></span> <span class='ocrx_word' id='word_1_249' title='bbox 1309 2651 1342 2706; x_wconf 89' lang='lat' dir='ltr'><strong>ut</strong></span> 
     </span>
     <span class='ocr_line' id='line_1_25' title="bbox 117 2739 1342 2824; baseline 0 -18"><span class='ocrx_word' id='word_1_250' title='bbox 117 2743 183 2818; x_wconf 90' lang='lat' dir='ltr'><strong>ille,</strong></span> <span class='ocrx_word' id='word_1_251' title='bbox 211 2744 261 2824; x_wconf 86' lang='lat' dir='ltr'><strong>qui</strong></span> <span class='ocrx_word' id='word_1_252' title='bbox 282 2744 349 2806; x_wconf 85' lang='lat' dir='ltr'><strong>aliis</strong></span> <span class='ocrx_word' id='word_1_253' title='bbox 371 2742 502 2823; x_wconf 88' lang='lat' dir='ltr'><strong>impertit</strong></span> <span class='ocrx_word' id='word_1_254' title='bbox 523 2741 752 2821; x_wconf 75' lang='lat' dir='ltr'><strong>perfectionem,</strong></span> <span class='ocrx_word' id='word_1_255' title='bbox 782 2741 848 2819; x_wconf 83' lang='lat' dir='ltr'><strong>ipse</strong></span> <span class='ocrx_word' id='word_1_256' title='bbox 869 2749 940 2818; x_wconf 86' lang='lat' dir='ltr'><strong>post</strong></span> <span class='ocrx_word' id='word_1_257' title='bbox 960 2739 1027 2800; x_wconf 89' lang='lat' dir='ltr'><strong>illos</strong></span> <span class='ocrx_word' id='word_1_258' title='bbox 1049 2740 1207 2819; x_wconf 78' lang='lat' dir='ltr'><strong>proficiat?</strong></span> <span class='ocrx_word' id='word_1_259' title='bbox 1237 2743 1342 2822; x_wconf 72' lang='lat' dir='ltr'><strong>dupell</strong></span> 
     </span>
     <span class='ocr_line' id='line_1_26' title="bbox 115 2840 1458 2934; baseline -0.001 -25"><span class='ocrx_word' id='word_1_260' title='bbox 115 2865 244 2926; x_wconf 83' lang='lat' dir='ltr'><strong>namque</strong></span> <span class='ocrx_word' id='word_1_261' title='bbox 265 2847 421 2908; x_wconf 84' lang='lat' dir='ltr'><strong>humanam</strong></span> <span class='ocrx_word' id='word_1_262' title='bbox 444 2844 508 2907; x_wconf 86' lang='lat' dir='ltr'><strong>eins</strong></span> <span class='ocrx_word' id='word_1_263' title='bbox 536 2841 815 2906; x_wconf 86' lang='lat' dir='ltr'><strong>administraverunt</strong></span> <span class='ocrx_word' id='word_1_264' title='bbox 841 2840 1037 2914; x_wconf 85' lang='lat' dir='ltr'><strong>nativitatem,</strong></span> <span class='ocrx_word' id='word_1_265' title='bbox 1071 2848 1114 2902; x_wconf 63' lang='lat' dir='ltr'><strong>et.</strong></span> <span class='ocrx_word' id='word_1_266' title='bbox 1127 2841 1225 2904; x_wconf 88' lang='lat' dir='ltr'><strong>Lucae</strong></span> <span class='ocrx_word' id='word_1_267' title='bbox 1253 2845 1342 2907; x_wconf 83' lang='lat' dir='ltr'><strong>rerba</strong></span> <span class='ocrx_word' id='word_1_268' title='bbox 1453 2926 1458 2934; x_wconf 34' lang='grc' dir='ltr'>Ι</span> 
     </span>
     <span class='ocr_line' id='line_1_27' title="bbox 116 2943 1482 3029; baseline -0.001 -19"><span class='ocrx_word' id='word_1_269' title='bbox 116 2957 190 3029; x_wconf 86' lang='lat' dir='ltr'><strong>post</strong></span> <span class='ocrx_word' id='word_1_270' title='bbox 210 2947 380 3010; x_wconf 88' lang='lat' dir='ltr'><strong>huiusmodi</strong></span> <span class='ocrx_word' id='word_1_271' title='bbox 400 2945 578 3024; x_wconf 74' lang='lat' dir='ltr'><strong>Angelorum</strong></span> <span class='ocrx_word' id='word_1_272' title='bbox 600 2943 886 3007; x_wconf 87' lang='lat' dir='ltr'><strong>administrationem</strong></span> <span class='ocrx_word' id='word_1_273' title='bbox 911 2943 1026 3022; x_wconf 90' lang='lat' dir='ltr'><strong>prolata</strong></span> <span class='ocrx_word' id='word_1_274' title='bbox 1047 2951 1127 3006; x_wconf 81' lang='lat' dir='ltr'><strong>aunt</strong></span> <span class='ocrx_word' id='word_1_275' title='bbox 1173 2945 1231 3018; x_wconf 80' lang='lat' dir='ltr'><strong>Qut</strong></span> <span class='ocrx_word' id='word_1_276' title='bbox 1253 2945 1343 3026; x_wconf 78' lang='lat' dir='ltr'><strong>igitur</strong></span> <span class='ocrx_word' id='word_1_277' title='bbox 1459 2971 1482 2995; x_wconf 67' lang='lat'><strong>·¹</strong></span> 
     </span>
     <span class='ocr_line' id='line_1_28' title="bbox 118 3037 1471 3130; baseline -0.001 -17"><span class='ocrx_word' id='word_1_278' title='bbox 118 3049 219 3130; x_wconf 78' lang='lat' dir='ltr'><strong>poeste</strong></span> <span class='ocrx_word' id='word_1_279' title='bbox 239 3048 268 3111; x_wconf 92' lang='lat' dir='ltr'><strong>id</strong></span> <span class='ocrx_word' id='word_1_280' title='bbox 290 3049 335 3112; x_wconf 87' lang='lat' dir='ltr'><strong>rel</strong></span> <span class='ocrx_word' id='word_1_281' title='bbox 356 3048 387 3110; x_wconf 92' lang='lat' dir='ltr'><strong>in</strong></span> <span class='ocrx_word' id='word_1_282' title='bbox 409 3057 538 3110; x_wconf 88' lang='lat' dir='ltr'><strong>mentem</strong></span> <span class='ocrx_word' id='word_1_283' title='bbox 560 3047 690 3110; x_wconf 90' lang='lat' dir='ltr'><strong>hominis</strong></span> <span class='ocrx_word' id='word_1_284' title='bbox 718 3058 845 3127; x_wconf 87' lang='lat' dir='ltr'><strong>prorsus</strong></span> <span class='ocrx_word' id='word_1_285' title='bbox 874 3043 999 3106; x_wconf 79' lang='lat' dir='ltr'><strong>venire?</strong></span> <span class='ocrx_word' id='word_1_286' title='bbox 1036 3045 1194 3119; x_wconf 83' lang='lat' dir='ltr'><strong>Quomodo</strong></span> <span class='ocrx_word' id='word_1_287' title='bbox 1221 3048 1341 3129; x_wconf 87' lang='lat' dir='ltr'><strong>inquam</strong></span> <span class='ocrx_word' id='word_1_288' title='bbox 1398 3071 1401 3080; x_wconf 69' lang='lat'>¹</span> <span class='ocrx_word' id='word_1_289' title='bbox 1468 3037 1471 3048; x_wconf 73' lang='grc'><strong>’</strong></span> 
     </span>
     <span class='ocr_line' id='line_1_29' title="bbox 117 3146 1440 3230; baseline 0.002 -18"><span class='ocrx_word' id='word_1_290' title='bbox 117 3148 269 3230; x_wconf 83' lang='lat' dir='ltr'><strong>Sapientia</strong></span> <span class='ocrx_word' id='word_1_291' title='bbox 296 3151 327 3212; x_wconf 90' lang='lat' dir='ltr'><strong>in</strong></span> <span class='ocrx_word' id='word_1_292' title='bbox 355 3149 499 3230; x_wconf 86' lang='lat' dir='ltr'><strong>sapientia</strong></span> <span class='ocrx_word' id='word_1_293' title='bbox 525 3147 674 3230; x_wconf 77' lang='lat' dir='ltr'><strong>profecit?</strong></span> <span class='ocrx_word' id='word_1_294' title='bbox 710 3147 867 3224; x_wconf 87' lang='lat' dir='ltr'><strong>Quomodo</strong></span> <span class='ocrx_word' id='word_1_295' title='bbox 897 3146 947 3227; x_wconf 91' lang='lat' dir='ltr'><strong>qui</strong></span> <span class='ocrx_word' id='word_1_296' title='bbox 975 3146 1039 3212; x_wconf 79' lang='lat' dir='ltr'><strong>aliis</strong></span> <span class='ocrx_word' id='word_1_297' title='bbox 1067 3147 1118 3210; x_wconf 94' lang='lat' dir='ltr'><strong>dat</strong></span> <span class='ocrx_word' id='word_1_298' title='bbox 1143 3150 1266 3228; x_wconf 79' lang='lat' dir='ltr'><strong>gratiam</strong></span> <span class='ocrx_word' id='word_1_299' title='bbox 1288 3151 1352 3228; x_wconf 86' lang='lat' dir='ltr'><strong>(uti&#39;</strong></span> <span class='ocrx_word' id='word_1_300' title='bbox 1433 3214 1440 3229; x_wconf 66' lang='grc'><strong>,</strong></span> 
     </span>
     <span class='ocr_line' id='line_1_30' title="bbox 117 3249 1446 3340; baseline 0.002 -24"><span class='ocrx_word' id='word_1_301' title='bbox 117 3251 229 3316; x_wconf 80' lang='lat' dir='ltr'><strong>Pardru</strong></span> <span class='ocrx_word' id='word_1_302' title='bbox 249 3255 312 3315; x_wconf 87' lang='lat' dir='ltr'><strong>suis</strong></span> <span class='ocrx_word' id='word_1_303' title='bbox 334 3253 365 3316; x_wconf 90' lang='lat' dir='ltr'><strong>in</strong></span> <span class='ocrx_word' id='word_1_304' title='bbox 387 3250 525 3314; x_wconf 88' lang='lat' dir='ltr'><strong>omnibus</strong></span> <span class='ocrx_word' id='word_1_305' title='bbox 547 3251 682 3332; x_wconf 85' lang='lat' dir='ltr'><strong>epistolis</strong></span> <span class='ocrx_word' id='word_1_306' title='bbox 705 3251 787 3317; x_wconf 84' lang='lat' dir='ltr'><strong>hisee</strong></span> <span class='ocrx_word' id='word_1_307' title='bbox 809 3250 907 3312; x_wconf 86' lang='lat' dir='ltr'><strong>verbis</strong></span> <span class='ocrx_word' id='word_1_308' title='bbox 929 3249 1075 3329; x_wconf 77' lang='lat' dir='ltr'><strong>agnoscit:</strong></span> <span class='ocrx_word' id='word_1_309' title='bbox 1100 3251 1208 3316; x_wconf 80' lang='lat' dir='ltr'><strong>Gratia</strong></span> <span class='ocrx_word' id='word_1_310' title='bbox 1222 3253 1346 3318; x_wconf 76' lang='lat' dir='ltr'><strong>Domini</strong></span> <span class='ocrx_word' id='word_1_311' title='bbox 1434 3253 1446 3340; x_wconf 35' lang='grc' dir='ltr'>Ἰ</span> 
     </span>
     <span class='ocr_line' id='line_1_31' title="bbox 117 3352 1434 3438; baseline -0.001 -18"><span class='ocrx_word' id='word_1_312' title='bbox 117 3357 224 3420; x_wconf 72' lang='lat' dir='ltr'><strong>austri</strong></span> <span class='ocrx_word' id='word_1_313' title='bbox 248 3354 318 3418; x_wconf 78' lang='lat' dir='ltr'><strong>lero</strong></span> <span class='ocrx_word' id='word_1_314' title='bbox 349 3354 465 3420; x_wconf 79' lang='lat' dir='ltr'><strong>Gdriati</strong></span> <span class='ocrx_word' id='word_1_315' title='bbox 491 3357 532 3417; x_wconf 86' lang='lat' dir='ltr'><strong>ait</strong></span> <span class='ocrx_word' id='word_1_316' title='bbox 559 3353 785 3417; x_wconf 74' lang='lat' dir='ltr'><strong>comumaciter</strong></span> <span class='ocrx_word' id='word_1_317' title='bbox 808 3352 915 3430; x_wconf 80' lang='lat' dir='ltr'><strong>oolla),</strong></span> <span class='ocrx_word' id='word_1_318' title='bbox 943 3352 1008 3432; x_wconf 85' lang='lat' dir='ltr'><strong>ipse</strong></span> <span class='ocrx_word' id='word_1_319' title='bbox 1028 3353 1059 3414; x_wconf 91' lang='lat' dir='ltr'><strong>in</strong></span> <span class='ocrx_word' id='word_1_320' title='bbox 1079 3353 1172 3432; x_wconf 77' lang='lat' dir='ltr'><strong>gratia</strong></span> <span class='ocrx_word' id='word_1_321' title='bbox 1193 3354 1343 3433; x_wconf 79' lang='lat' dir='ltr'><strong>protonat</strong></span> <span class='ocrx_word' id='word_1_322' title='bbox 1424 3410 1434 3438; x_wconf 74' lang='grc'><em>,</em></span> 
     </span>
     <span class='ocr_line' id='line_1_32' title="bbox 118 3454 1462 3537; baseline 0.003 -21"><span class='ocrx_word' id='word_1_323' title='bbox 118 3455 173 3516; x_wconf 77' lang='lat' dir='ltr'><strong>Vel</strong></span> <span class='ocrx_word' id='word_1_324' title='bbox 194 3455 273 3518; x_wconf 86' lang='lat' dir='ltr'><strong>enim</strong></span> <span class='ocrx_word' id='word_1_325' title='bbox 293 3454 467 3536; x_wconf 79' lang='lat' dir='ltr'><strong>Apostolum</strong></span> <span class='ocrx_word' id='word_1_326' title='bbox 489 3455 823 3528; x_wconf 76' lang='lat' dir='ltr'><strong>mentiricontendant,</strong></span> <span class='ocrx_word' id='word_1_327' title='bbox 852 3454 899 3518; x_wconf 79' lang='lat' dir='ltr'><strong>rel</strong></span> <span class='ocrx_word' id='word_1_328' title='bbox 919 3454 1026 3517; x_wconf 81' lang='lat' dir='ltr'><strong>Fidum</strong></span> <span class='ocrx_word' id='word_1_329' title='bbox 1047 3473 1107 3518; x_wconf 91' lang='lat' dir='ltr'><strong>non</strong></span> <span class='ocrx_word' id='word_1_330' title='bbox 1130 3473 1199 3518; x_wconf 82' lang='lat' dir='ltr'><strong>esse</strong></span> <span class='ocrx_word' id='word_1_331' title='bbox 1220 3457 1342 3537; x_wconf 86' lang='lat' dir='ltr'><strong>sapien·</strong></span> <span class='ocrx_word' id='word_1_332' title='bbox 1453 3473 1462 3525; x_wconf 85' lang='lat'><strong>·,</strong></span> 
     </span>
     <span class='ocr_line' id='line_1_33' title="bbox 119 3555 1460 3655; baseline -0.002 -33"><span class='ocrx_word' id='word_1_333' title='bbox 119 3557 193 3622; x_wconf 83' lang='lat' dir='ltr'><strong>tiam</strong></span> <span class='ocrx_word' id='word_1_334' title='bbox 220 3557 347 3623; x_wconf 88' lang='lat' dir='ltr'><strong>audeant</strong></span> <span class='ocrx_word' id='word_1_335' title='bbox 374 3557 530 3622; x_wconf 77' lang='lat' dir='ltr'><strong>affirmare.</strong></span> <span class='ocrx_word' id='word_1_336' title='bbox 579 3557 631 3620; x_wconf 88' lang='lat' dir='ltr'><strong>llel</strong></span> <span class='ocrx_word' id='word_1_337' title='bbox 660 3558 686 3620; x_wconf 89' lang='lat' dir='ltr'><strong>si</strong></span> <span class='ocrx_word' id='word_1_338' title='bbox 714 3566 762 3620; x_wconf 88' lang='lat' dir='ltr'><strong>est</strong></span> <span class='ocrx_word' id='word_1_339' title='bbox 789 3557 950 3638; x_wconf 88' lang='lat' dir='ltr'><strong>sapientia,</strong></span> <span class='ocrx_word' id='word_1_340' title='bbox 979 3567 1012 3624; x_wconf 86' lang='lat' dir='ltr'><strong>ut</strong></span> <span class='ocrx_word' id='word_1_341' title='bbox 1040 3557 1114 3620; x_wconf 81' lang='lat' dir='ltr'><strong>dixit</strong></span> <span class='ocrx_word' id='word_1_342' title='bbox 1144 3555 1285 3620; x_wconf 90' lang='lat' dir='ltr'><strong>Salomon</strong></span> <span class='ocrx_word' id='word_1_343' title='bbox 1314 3565 1344 3620; x_wconf 87' lang='lat' dir='ltr'><strong>ct</strong></span> <span class='ocrx_word' id='word_1_344' title='bbox 1432 3567 1460 3655; x_wconf 29' lang='grc' dir='ltr'><strong><em>ὐ</em></strong></span> 
     </span>
    </p>
   </div>
   <div class='ocr_carea' id='block_1_7' title="bbox 116 3773 1461 4186">
    <p class='ocr_par' dir='ltr' id='par_1_7' title="bbox 116 3773 1461 4186">
     <span class='ocr_line' id='line_1_34' title="bbox 155 3773 1343 3848; baseline -0.001 -19"><span class='ocrx_word' id='word_1_345' title='bbox 155 3779 173 3829; x_wconf 86' lang='lat' dir='ltr'><strong>l.</strong></span> <span class='ocrx_word' id='word_1_346' title='bbox 191 3779 246 3832; x_wconf 78' lang='lat' dir='ltr'><strong>tite</strong></span> <span class='ocrx_word' id='word_1_347' title='bbox 264 3793 339 3848; x_wconf 79' lang='lat' dir='ltr'><strong>cupra</strong></span> <span class='ocrx_word' id='word_1_348' title='bbox 356 3793 411 3844; x_wconf 71' lang='lat' dir='ltr'><strong>paq.</strong></span> <span class='ocrx_word' id='word_1_349' title='bbox 428 3778 479 3830; x_wconf 76' lang='lat'><strong>585</strong></span> <span class='ocrx_word' id='word_1_350' title='bbox 498 3773 566 3846; x_wconf 64' lang='lat' dir='ltr'><strong>[ptr.</strong></span> <span class='ocrx_word' id='word_1_351' title='bbox 581 3777 639 3830; x_wconf 75' lang='lat'><strong>5³8.</strong></span> <span class='ocrx_word' id='word_1_352' title='bbox 657 3779 706 3829; x_wconf 83' lang='lat' dir='ltr'><strong>hui.</strong></span> <span class='ocrx_word' id='word_1_353' title='bbox 759 3785 860 3842; x_wconf 82' lang='lat' dir='ltr'><strong>uterque</strong></span> <span class='ocrx_word' id='word_1_354' title='bbox 878 3779 933 3840; x_wconf 74' lang='lat' dir='ltr'><strong>lteg.</strong></span> <span class='ocrx_word' id='word_1_355' title='bbox 952 3775 1243 3838; x_wconf 62' lang='lat' dir='ltr'><strong>sigumumtteottar.</strong></span> <span class='ocrx_word' id='word_1_356' title='bbox 1258 3777 1343 3828; x_wconf 68' lang='lat' dir='ltr'><strong>rotet-</strong></span> 
     </span>
     <span class='ocr_line' id='line_1_35' title="bbox 121 3836 1343 3913; baseline -0.002 -15"><span class='ocrx_word' id='word_1_357' title='bbox 121 3846 163 3898; x_wconf 83' lang='lat' dir='ltr'><strong>ed.</strong></span> <span class='ocrx_word' id='word_1_358' title='bbox 180 3861 217 3898; x_wconf 87' lang='lat' dir='ltr'><strong>ar.</strong></span> <span class='ocrx_word' id='word_1_359' title='bbox 236 3847 269 3898; x_wconf 73' lang='grc'><strong>35</strong></span> <span class='ocrx_word' id='word_1_360' title='bbox 286 3843 345 3913; x_wconf 79' lang='lat' dir='ltr'><strong>rql.</strong></span> <span class='ocrx_word' id='word_1_361' title='bbox 428 3885 435 3902; x_wconf 88' lang='lat'><strong>.</strong></span> <span class='ocrx_word' id='word_1_362' title='bbox 759 3846 839 3896; x_wconf 82' lang='lat' dir='ltr'><strong>menni</strong></span> <span class='ocrx_word' id='word_1_363' title='bbox 860 3846 881 3894; x_wconf 92' lang='lat' dir='ltr'><strong>l.</strong></span> <span class='ocrx_word' id='word_1_364' title='bbox 900 3853 924 3894; x_wconf 86' lang='lat' dir='ltr'><strong>et</strong></span> <span class='ocrx_word' id='word_1_365' title='bbox 941 3845 964 3894; x_wconf 79' lang='lat'><strong>5.</strong></span> <span class='ocrx_word' id='word_1_366' title='bbox 981 3843 1070 3893; x_wconf 81' lang='grc' dir='ltr'><strong><em>πᾶσαι</em></strong></span> <span class='ocrx_word' id='word_1_367' title='bbox 1087 3836 1117 3894; x_wconf 80' lang='lat' dir='ltr'><strong>ui</strong></span> <span class='ocrx_word' id='word_1_368' title='bbox 1132 3838 1270 3912; x_wconf 67' lang='lat' dir='ltr'><strong>derepere.</strong></span> <span class='ocrx_word' id='word_1_369' title='bbox 1297 3846 1343 3897; x_wconf 75' lang='lat' dir='ltr'><strong>llil</strong></span> 
     </span>
     <span class='ocr_line' id='line_1_36' title="bbox 156 3906 1461 3979; baseline -0.002 -15"><span class='ocrx_word' id='word_1_370' title='bbox 156 3929 177 3976; x_wconf 77' lang='lat' dir='ltr'><strong>p.</strong></span> <span class='ocrx_word' id='word_1_371' title='bbox 196 3915 294 3978; x_wconf 74' lang='lat' dir='ltr'><strong>Sequor.</strong></span> <span class='ocrx_word' id='word_1_372' title='bbox 314 3915 369 3978; x_wconf 71' lang='lat' dir='ltr'><strong>lteg.</strong></span> <span class='ocrx_word' id='word_1_373' title='bbox 381 3915 403 3964; x_wconf 93' lang='lat' dir='ltr'><strong>l.</strong></span> <span class='ocrx_word' id='word_1_374' title='bbox 422 3914 519 3967; x_wconf 82' lang='lat' dir='ltr'><strong>notter.</strong></span> <span class='ocrx_word' id='word_1_375' title='bbox 534 3921 557 3964; x_wconf 85' lang='lat' dir='ltr'><strong>et</strong></span> <span class='ocrx_word' id='word_1_376' title='bbox 566 3914 670 3965; x_wconf 76' lang='lat' dir='ltr'><strong>Felelm.</strong></span> <span class='ocrx_word' id='word_1_377' title='bbox 684 3911 706 3964; x_wconf 92' lang='lat' dir='ltr'><strong>l.</strong></span> <span class='ocrx_word' id='word_1_378' title='bbox 758 3920 782 3962; x_wconf 84' lang='lat' dir='ltr'><strong>et</strong></span> <span class='ocrx_word' id='word_1_379' title='bbox 799 3913 856 3963; x_wconf 86' lang='lat' dir='ltr'><strong>editi</strong></span> <span class='ocrx_word' id='word_1_380' title='bbox 873 3911 961 3960; x_wconf 72' lang='grc' dir='ltr'><strong><em>πᾶσαν</em></strong></span> <span class='ocrx_word' id='word_1_381' title='bbox 979 3906 1114 3979; x_wconf 77' lang='grc' dir='ltr'><strong><em>δυνάμεις.</em></strong></span> <span class='ocrx_word' id='word_1_382' title='bbox 1453 3958 1461 3978; x_wconf 69' lang='grc'><em>,</em></span> 
     </span>
     <span class='ocr_line' id='line_1_37' title="bbox 119 3970 1343 4051; baseline 0 -19"><span class='ocrx_word' id='word_1_383' title='bbox 119 3970 184 4048; x_wconf 69' lang='grc' dir='ltr'><strong><em>εἶχε.</em></strong></span> <span class='ocrx_word' id='word_1_384' title='bbox 214 3975 440 4049; x_wconf 64' lang='grc' dir='ltr'><strong>ΓεΙεειιι.5.ἱχεεν.</strong></span> <span class='ocrx_word' id='word_1_385' title='bbox 473 3983 518 4051; x_wconf 74' lang='lat' dir='ltr'><strong>llil</strong></span> <span class='ocrx_word' id='word_1_386' title='bbox 536 3991 560 4050; x_wconf 78' lang='lat' dir='ltr'><strong>et</strong></span> <span class='ocrx_word' id='word_1_387' title='bbox 578 3975 706 4048; x_wconf 54' lang='lat' dir='ltr'><strong>adelizae</strong></span> <span class='ocrx_word' id='word_1_388' title='bbox 734 4039 737 4050; x_wconf 33' lang='lat'>¹</span> <span class='ocrx_word' id='word_1_389' title='bbox 793 3981 816 4032; x_wconf 88' lang='lat' dir='ltr'><strong>lr.</strong></span> <span class='ocrx_word' id='word_1_390' title='bbox 834 3981 891 4043; x_wconf 63' lang='lat' dir='ltr'><strong>aen</strong></span> <span class='ocrx_word' id='word_1_391' title='bbox 904 3982 925 4030; x_wconf 90' lang='lat' dir='ltr'><strong>l.</strong></span> <span class='ocrx_word' id='word_1_392' title='bbox 945 3989 968 4030; x_wconf 85' lang='lat' dir='ltr'><strong>et</strong></span> <span class='ocrx_word' id='word_1_393' title='bbox 979 3979 1085 4043; x_wconf 75' lang='lat' dir='ltr'><strong>·Seqner.</strong></span> <span class='ocrx_word' id='word_1_394' title='bbox 1101 3974 1263 4049; x_wconf 70' lang='grc' dir='ltr'><strong><em>παρασχόν,</em></strong></span> <span class='ocrx_word' id='word_1_395' title='bbox 1298 3979 1343 4032; x_wconf 81' lang='lat' dir='ltr'><strong>atti</strong></span> 
     </span>
     <span class='ocr_line' id='line_1_38' title="bbox 119 4041 1434 4114; baseline -0.003 -12"><span class='ocrx_word' id='word_1_396' title='bbox 119 4053 174 4102; x_wconf 83' lang='lat' dir='ltr'><strong>ttor</strong></span> <span class='ocrx_word' id='word_1_397' title='bbox 199 4051 255 4114; x_wconf 74' lang='lat' dir='ltr'><strong>lteq.</strong></span> <span class='ocrx_word' id='word_1_398' title='bbox 275 4050 297 4100; x_wconf 91' lang='lat'><strong>1.</strong></span> <span class='ocrx_word' id='word_1_399' title='bbox 324 4059 347 4102; x_wconf 90' lang='lat' dir='ltr'><strong>et</strong></span> <span class='ocrx_word' id='word_1_400' title='bbox 365 4053 464 4113; x_wconf 63' lang='lat' dir='ltr'><strong>Sequar.</strong></span> <span class='ocrx_word' id='word_1_401' title='bbox 481 4045 527 4098; x_wconf 73' lang='lat' dir='ltr'><strong>eat</strong></span> <span class='ocrx_word' id='word_1_402' title='bbox 543 4047 610 4099; x_wconf 71' lang='grc' dir='ltr'><strong>θεοῦ</strong></span> <span class='ocrx_word' id='word_1_403' title='bbox 627 4041 707 4100; x_wconf 73' lang='grc' dir='ltr'><strong><em>δεινά-</em></strong></span> <span class='ocrx_word' id='word_1_404' title='bbox 757 4055 781 4099; x_wconf 87' lang='lat' dir='ltr'><strong>et</strong></span> <span class='ocrx_word' id='word_1_405' title='bbox 798 4047 854 4098; x_wconf 86' lang='lat' dir='ltr'><strong>editi</strong></span> <span class='ocrx_word' id='word_1_406' title='bbox 872 4043 1007 4114; x_wconf 75' lang='grc' dir='ltr'><strong>παρέχων.</strong></span> <span class='ocrx_word' id='word_1_407' title='bbox 1043 4049 1094 4098; x_wconf 81' lang='lat' dir='ltr'><strong>lloa</strong></span> <span class='ocrx_word' id='word_1_408' title='bbox 1113 4045 1166 4110; x_wconf 61' lang='lat' dir='ltr'><strong>lter,</strong></span> <span class='ocrx_word' id='word_1_409' title='bbox 1181 4049 1346 4112; x_wconf 77' lang='lat' dir='ltr'><strong>l.etSequer.</strong></span> <span class='ocrx_word' id='word_1_410' title='bbox 1393 4045 1434 4107; x_wconf 83' lang='lat'><strong>&#39;,</strong></span> 
     </span>
     <span class='ocr_line' id='line_1_39' title="bbox 116 4106 1342 4186; baseline 0.002 -20"><span class='ocrx_word' id='word_1_411' title='bbox 116 4129 201 4186; x_wconf 74' lang='grc' dir='ltr'><strong><em>μεως.</em></strong></span> <span class='ocrx_word' id='word_1_412' title='bbox 235 4118 279 4170; x_wconf 81' lang='lat' dir='ltr'><strong>atii</strong></span> <span class='ocrx_word' id='word_1_413' title='bbox 297 4127 321 4170; x_wconf 84' lang='lat' dir='ltr'><strong>et</strong></span> <span class='ocrx_word' id='word_1_414' title='bbox 339 4120 395 4170; x_wconf 84' lang='lat' dir='ltr'><strong>editi</strong></span> <span class='ocrx_word' id='word_1_415' title='bbox 413 4119 525 4169; x_wconf 84' lang='lat' dir='ltr'><strong>omittunt</strong></span> <span class='ocrx_word' id='word_1_416' title='bbox 541 4116 615 4167; x_wconf 75' lang='grc' dir='ltr'><strong><em>θεοῦ.</em></strong></span> <span class='ocrx_word' id='word_1_417' title='bbox 756 4110 807 4176; x_wconf 73' lang='grc' dir='ltr'><strong>τὴν</strong></span> <span class='ocrx_word' id='word_1_418' title='bbox 830 4107 1010 4182; x_wconf 72' lang='grc' dir='ltr'><strong>ἀνθρωπίνην</strong></span> <span class='ocrx_word' id='word_1_419' title='bbox 1027 4106 1111 4165; x_wconf 74' lang='grc' dir='ltr'><strong>αὐτοῦ</strong></span> <span class='ocrx_word' id='word_1_420' title='bbox 1128 4112 1243 4181; x_wconf 75' lang='grc' dir='ltr'><strong><em>γένεσιν.</em></strong></span> <span class='ocrx_word' id='word_1_421' title='bbox 1280 4117 1342 4168; x_wconf 81' lang='lat' dir='ltr'><strong>Editi</strong></span> 
     </span>
    </p>
   </div>
   <div class='ocr_carea' id='block_1_8' title="bbox 156 4169 1513 4251">
    <p class='ocr_par' dir='ltr' id='par_1_8' title="bbox 156 4169 1513 4251">
     <span class='ocr_line' id='line_1_40' title="bbox 156 4169 1513 4251; baseline -0.002 -15"><span class='ocrx_word' id='word_1_422' title='bbox 156 4187 180 4236; x_wconf 78' lang='lat' dir='ltr'><strong>d.</strong></span> <span class='ocrx_word' id='word_1_423' title='bbox 199 4187 256 4249; x_wconf 68' lang='lat' dir='ltr'><strong>ttae.</strong></span> <span class='ocrx_word' id='word_1_424' title='bbox 277 4188 298 4237; x_wconf 91' lang='lat' dir='ltr'><strong>l.</strong></span> <span class='ocrx_word' id='word_1_425' title='bbox 322 4169 657 4250; x_wconf 62' lang='lat' dir='ltr'><strong>coaegrotandum</strong></span> <span class='ocrx_word' id='word_1_426' title='bbox 674 4179 711 4239; x_wconf 68' lang='grc' dir='ltr'><strong>ὥς</strong></span> <span class='ocrx_word' id='word_1_427' title='bbox 760 4193 784 4234; x_wconf 85' lang='lat' dir='ltr'><strong>et</strong></span> <span class='ocrx_word' id='word_1_428' title='bbox 810 4185 850 4234; x_wconf 79' lang='lat' dir='ltr'><strong>alii</strong></span> <span class='ocrx_word' id='word_1_429' title='bbox 876 4181 909 4251; x_wconf 73' lang='grc' dir='ltr'><strong>τῇ</strong></span> <span class='ocrx_word' id='word_1_430' title='bbox 935 4175 1096 4251; x_wconf 68' lang='grc' dir='ltr'><strong><em>ἀνθρωπίνῃ</em></strong></span> <span class='ocrx_word' id='word_1_431' title='bbox 1121 4179 1226 4249; x_wconf 70' lang='lat' dir='ltr'><strong>peteo</strong></span> <span class='ocrx_word' id='word_1_432' title='bbox 1250 4175 1342 4234; x_wconf 73' lang='grc' dir='ltr'><em>αὐτοῦ.</em></span> <span class='ocrx_word' id='word_1_433' title='bbox 1390 4188 1395 4197; x_wconf 95' lang='grc'><strong>“</strong></span> <span class='ocrx_word' id='word_1_434' title='bbox 1432 4176 1437 4187; x_wconf 87' lang='grc'><em>“</em></span> <span class='ocrx_word' id='word_1_435' title='bbox 1510 4180 1513 4190; x_wconf 90' lang='grc'><strong>“</strong></span> 
     </span>
    </p>
   </div>
   <div class='ocr_carea' id='block_1_9' title="bbox 117 4245 1420 4665">
    <p class='ocr_par' dir='ltr' id='par_1_9' title="bbox 117 4245 1375 4455">
     <span class='ocr_line' id='line_1_41' title="bbox 120 4245 1345 4322; baseline -0.002 -14"><span class='ocrx_word' id='word_1_436' title='bbox 120 4245 220 4302; x_wconf 65' lang='grc' dir='ltr'><strong><em>ἇϊῐῖνα</em></strong></span> <span class='ocrx_word' id='word_1_437' title='bbox 235 4253 383 4322; x_wconf 68' lang='grc' dir='ltr'><strong>μετασχεῖν</strong></span> <span class='ocrx_word' id='word_1_438' title='bbox 399 4268 457 4308; x_wconf 74' lang='lat' dir='ltr'><strong>nme</strong></span> <span class='ocrx_word' id='word_1_439' title='bbox 474 4247 594 4302; x_wconf 74' lang='grc' dir='ltr'><strong>δύναιτο.</strong></span> <span class='ocrx_word' id='word_1_440' title='bbox 631 4255 709 4305; x_wconf 81' lang='lat' dir='ltr'><strong>tratti</strong></span> <span class='ocrx_word' id='word_1_441' title='bbox 760 4252 820 4303; x_wconf 84' lang='lat' dir='ltr'><strong>ibid.</strong></span> <span class='ocrx_word' id='word_1_442' title='bbox 840 4251 930 4314; x_wconf 69' lang='lat' dir='ltr'><strong>ltepl.</strong></span> <span class='ocrx_word' id='word_1_443' title='bbox 948 4253 1048 4314; x_wconf 70' lang='lat' dir='ltr'><strong>Seguer.</strong></span> <span class='ocrx_word' id='word_1_444' title='bbox 1066 4253 1139 4302; x_wconf 78' lang='lat' dir='ltr'><strong>llaail.</strong></span> <span class='ocrx_word' id='word_1_445' title='bbox 1157 4261 1181 4304; x_wconf 84' lang='lat' dir='ltr'><strong>at</strong></span> <span class='ocrx_word' id='word_1_446' title='bbox 1198 4253 1302 4304; x_wconf 81' lang='lat' dir='ltr'><strong>l&#39;elclrm.</strong></span> <span class='ocrx_word' id='word_1_447' title='bbox 1321 4255 1345 4306; x_wconf 80' lang='grc'><strong>5.</strong></span> 
     </span>
     <span class='ocr_line' id='line_1_42' title="bbox 117 4305 1375 4390; baseline 0.002 -16"><span class='ocrx_word' id='word_1_448' title='bbox 117 4332 146 4374; x_wconf 78' lang='lat' dir='ltr'><strong>et</strong></span> <span class='ocrx_word' id='word_1_449' title='bbox 164 4323 221 4374; x_wconf 84' lang='lat' dir='ltr'><strong>editi</strong></span> <span class='ocrx_word' id='word_1_450' title='bbox 236 4305 275 4372; x_wconf 68' lang='grc' dir='ltr'><strong>,οὗ</strong></span> <span class='ocrx_word' id='word_1_451' title='bbox 288 4315 315 4372; x_wconf 76' lang='grc' dir='ltr'><strong>εἴ</strong></span> <span class='ocrx_word' id='word_1_452' title='bbox 329 4337 371 4376; x_wconf 74' lang='grc' dir='ltr'><strong>τις</strong></span> <span class='ocrx_word' id='word_1_453' title='bbox 387 4315 424 4377; x_wconf 80' lang='lat' dir='ltr'><strong>uic</strong></span> <span class='ocrx_word' id='word_1_454' title='bbox 440 4315 548 4376; x_wconf 64' lang='grc' dir='ltr'><strong>ἐκεῖνος</strong></span> <span class='ocrx_word' id='word_1_455' title='bbox 562 4323 709 4390; x_wconf 75' lang='grc' dir='ltr'><strong><em>μετασχεῖν</em></strong></span> <span class='ocrx_word' id='word_1_456' title='bbox 758 4313 835 4386; x_wconf 75' lang='grc' dir='ltr'><strong>παρὰ</strong></span> <span class='ocrx_word' id='word_1_457' title='bbox 852 4317 1009 4372; x_wconf 79' lang='grc' dir='ltr'><strong><em>εοῡΛουεᾶ.</em></strong></span> <span class='ocrx_word' id='word_1_458' title='bbox 1043 4320 1088 4372; x_wconf 85' lang='lat' dir='ltr'><strong>lttt</strong></span> <span class='ocrx_word' id='word_1_459' title='bbox 1106 4329 1132 4375; x_wconf 81' lang='lat' dir='ltr'><strong>et</strong></span> <span class='ocrx_word' id='word_1_460' title='bbox 1147 4315 1205 4376; x_wconf 79' lang='lat' dir='ltr'><strong>editi</strong></span> <span class='ocrx_word' id='word_1_461' title='bbox 1220 4313 1346 4388; x_wconf 66' lang='grc' dir='ltr'><strong>νυρὰῑῷ</strong></span> <span class='ocrx_word' id='word_1_462' title='bbox 1372 4373 1375 4380; x_wconf 92' lang='grc'>,</span> 
     </span>
     <span class='ocr_line' id='line_1_43' title="bbox 120 4383 858 4455; baseline 0.001 -18"><span class='ocrx_word' id='word_1_463' title='bbox 120 4383 241 4438; x_wconf 69' lang='grc' dir='ltr'><strong>δύναταί</strong></span> <span class='ocrx_word' id='word_1_464' title='bbox 256 4403 323 4447; x_wconf 78' lang='grc' dir='ltr'><strong>πως,</strong></span> <span class='ocrx_word' id='word_1_465' title='bbox 342 4389 416 4455; x_wconf 81' lang='lat' dir='ltr'><strong>aliqui</strong></span> <span class='ocrx_word' id='word_1_466' title='bbox 434 4383 631 4446; x_wconf 72' lang='lat' dir='ltr'><strong>nerduinum.</strong></span> <span class='ocrx_word' id='word_1_467' title='bbox 758 4387 858 4453; x_wconf 75' lang='grc' dir='ltr'><strong><em>Δουεᾷ.</em></strong></span> 
     </span>
    </p>

    <p class='ocr_par' dir='ltr' id='par_1_10' title="bbox 120 4452 1420 4665">
     <span class='ocr_line' id='line_1_44' title="bbox 157 4452 1420 4522; baseline -0.003 -14"><span class='ocrx_word' id='word_1_468' title='bbox 157 4460 172 4508; x_wconf 87' lang='lat' dir='ltr'><strong>i.</strong></span> <span class='ocrx_word' id='word_1_469' title='bbox 188 4461 231 4510; x_wconf 56' lang='lat' dir='ltr'><strong>,Sic</strong></span> <span class='ocrx_word' id='word_1_470' title='bbox 248 4460 304 4521; x_wconf 68' lang='lat' dir='ltr'><strong>teg.</strong></span> <span class='ocrx_word' id='word_1_471' title='bbox 317 4460 340 4510; x_wconf 93' lang='lat' dir='ltr'><strong>l.</strong></span> <span class='ocrx_word' id='word_1_472' title='bbox 357 4460 457 4522; x_wconf 75' lang='lat' dir='ltr'><strong>Seguer.</strong></span> <span class='ocrx_word' id='word_1_473' title='bbox 477 4459 547 4511; x_wconf 77' lang='lat' dir='ltr'><strong>uolt.</strong></span> <span class='ocrx_word' id='word_1_474' title='bbox 564 4466 587 4508; x_wconf 84' lang='lat' dir='ltr'><strong>et</strong></span> <span class='ocrx_word' id='word_1_475' title='bbox 602 4459 707 4510; x_wconf 78' lang='lat' dir='ltr'><strong>Felclm.</strong></span> <span class='ocrx_word' id='word_1_476' title='bbox 793 4458 809 4508; x_wconf 94' lang='lat' dir='ltr'><strong>l.</strong></span> <span class='ocrx_word' id='word_1_477' title='bbox 827 4459 868 4508; x_wconf 83' lang='lat' dir='ltr'><strong>Sic</strong></span> <span class='ocrx_word' id='word_1_478' title='bbox 885 4457 941 4520; x_wconf 73' lang='lat' dir='ltr'><strong>lteq.</strong></span> <span class='ocrx_word' id='word_1_479' title='bbox 954 4457 976 4507; x_wconf 93' lang='lat' dir='ltr'><strong>l.</strong></span> <span class='ocrx_word' id='word_1_480' title='bbox 994 4455 1093 4520; x_wconf 73' lang='lat' dir='ltr'><strong>Segner.</strong></span> <span class='ocrx_word' id='word_1_481' title='bbox 1112 4457 1183 4510; x_wconf 82' lang='lat' dir='ltr'><strong>anl.</strong></span> <span class='ocrx_word' id='word_1_482' title='bbox 1202 4465 1226 4510; x_wconf 84' lang='lat' dir='ltr'><strong>et</strong></span> <span class='ocrx_word' id='word_1_483' title='bbox 1239 4458 1346 4510; x_wconf 74' lang='lat' dir='ltr'><strong>Fulcitur.</strong></span> <span class='ocrx_word' id='word_1_484' title='bbox 1364 4452 1373 4478; x_wconf 76' lang='lat'><em>⁶</em></span> <span class='ocrx_word' id='word_1_485' title='bbox 1400 4491 1420 4514; x_wconf 85' lang='grc'><strong>,.</strong></span> 
     </span>
     <span class='ocr_line' id='line_1_45' title="bbox 120 4516 1349 4618; baseline -0.002 -41"><span class='ocrx_word' id='word_1_486' title='bbox 120 4527 148 4577; x_wconf 88' lang='grc'><strong>1.</strong></span> <span class='ocrx_word' id='word_1_487' title='bbox 203 4528 253 4577; x_wconf 92' lang='lat' dir='ltr'><strong>tin</strong></span> <span class='ocrx_word' id='word_1_488' title='bbox 271 4526 367 4591; x_wconf 57' lang='lat' dir='ltr'><strong>lieet,</strong></span> <span class='ocrx_word' id='word_1_489' title='bbox 386 4520 517 4580; x_wconf 74' lang='lat' dir='ltr'><strong>deestrtcrl</strong></span> <span class='ocrx_word' id='word_1_490' title='bbox 533 4516 704 4594; x_wconf 74' lang='grc' dir='ltr'><strong><em>ἄρχᾶγγελεε.</em></strong></span> <span class='ocrx_word' id='word_1_491' title='bbox 762 4525 785 4576; x_wconf 87' lang='grc'><strong>1.</strong></span> <span class='ocrx_word' id='word_1_492' title='bbox 820 4526 899 4576; x_wconf 85' lang='lat' dir='ltr'><strong>Ceteri</strong></span> <span class='ocrx_word' id='word_1_493' title='bbox 917 4533 940 4576; x_wconf 82' lang='lat' dir='ltr'><strong>et</strong></span> <span class='ocrx_word' id='word_1_494' title='bbox 960 4525 1016 4576; x_wconf 88' lang='lat' dir='ltr'><strong>editi</strong></span> <span class='ocrx_word' id='word_1_495' title='bbox 1041 4518 1056 4574; x_wconf 79' lang='grc' dir='ltr'><strong>ὁ</strong></span> <span class='ocrx_word' id='word_1_496' title='bbox 1081 4517 1169 4580; x_wconf 78' lang='grc' dir='ltr'><strong><em>ἄλλοις</em></strong></span> <span class='ocrx_word' id='word_1_497' title='bbox 1189 4521 1243 4605; x_wconf 60' lang='lat' dir='ltr'><strong>pqr</strong></span> <span class='ocrx_word' id='word_1_498' title='bbox 1259 4540 1349 4618; x_wconf 54' lang='lat' dir='ltr'><strong>wig</strong></span> 
     </span>
     <span class='ocr_line' id='line_1_46' title="bbox 121 4585 1393 4665; baseline 0.005 -19"><span class='ocrx_word' id='word_1_499' title='bbox 121 4595 168 4646; x_wconf 81' lang='lat' dir='ltr'><strong>Cet</strong></span> <span class='ocrx_word' id='word_1_500' title='bbox 227 4596 286 4647; x_wconf 74' lang='lat' dir='ltr'><strong>itam</strong></span> <span class='ocrx_word' id='word_1_501' title='bbox 308 4596 411 4665; x_wconf 32' lang='lat' dir='ltr'><strong>et&#39;editi</strong></span> <span class='ocrx_word' id='word_1_502' title='bbox 432 4590 481 4648; x_wconf 74' lang='lat' dir='ltr'><strong>arel</strong></span> <span class='ocrx_word' id='word_1_503' title='bbox 501 4596 621 4648; x_wconf 71' lang='lat' dir='ltr'><strong>emicunt.</strong></span> <span class='ocrx_word' id='word_1_504' title='bbox 655 4595 707 4646; x_wconf 84' lang='lat' dir='ltr'><strong>lter</strong></span> <span class='ocrx_word' id='word_1_505' title='bbox 757 4585 867 4646; x_wconf 74' lang='grc' dir='ltr'><strong>διδούς·</strong></span> <span class='ocrx_word' id='word_1_506' title='bbox 884 4585 899 4642; x_wconf 81' lang='lat' dir='ltr'><strong>d</strong></span> <span class='ocrx_word' id='word_1_507' title='bbox 916 4585 972 4662; x_wconf 79' lang='grc' dir='ltr'><strong>γὰρ</strong></span> <span class='ocrx_word' id='word_1_508' title='bbox 990 4591 1159 4661; x_wconf 64' lang='lat' dir='ltr'><strong>llodtorpte.</strong></span> <span class='ocrx_word' id='word_1_509' title='bbox 1382 4631 1393 4652; x_wconf 84' lang='lat'><em>.</em></span> 
     </span>
    </p>
   </div>
   <div class='ocr_carea' id='block_1_10' title="bbox 0 0 1576 5060">
    <p class='ocr_par' dir='ltr' id='par_1_11' title="bbox 0 0 1576 5060">
     <span class='ocr_line' id='line_1_47' title="bbox 0 0 1576 5060; baseline 0 0"><span class='ocrx_word' id='word_1_510' title='bbox 0 0 1576 5060; x_wconf 95' lang='lat' dir='ltr'><strong> </strong></span> 
     </span>
    </p>
   </div>
  </div>
 </body>
</html>
