3072 5056
415 375 558 422 srrsrott
573 375 611 420 os
627 371 791 420 ssnrenrrs
805 373 947 420 mosrsn.
1235 355 1293 424 tta

81 537 105 589 et
122 525 250 590 lividum
270 525 399 590 Verbum
421 545 438 589 a
459 527 532 598 ileo,
555 525 586 588 il
608 525 655 588 ille
678 525 826 606 improbat
847 543 913 590 com
935 523 984 600 ait,
1012 525 1196 596 Trinitatem,
1218 541 1377 607 quaeram.

79 646 126 689 nec
145 627 233 690 diritii
255 645 311 690 nec
332 628 426 690 minui
446 635 564 709 potest,
587 628 618 689 in
640 625 789 690 [Iobatem
810 627 954 689 manati.
999 627 1086 700 Quod
1107 643 1178 688 vcro
1200 627 1292 703 aiunt,

80 729 193 792 aliemtm
215 747 284 791 esse
298 729 404 791 Filium
426 728 624 792 asubstantia
639 727 745 802 Patris,
768 735 871 808 aperte
891 729 1006 808 respuit
1026 747 1092 790 cum
1114 728 1194 802 dicit,
1217 745 1291 790 con-

79 829 291 892 substantialem
314 829 393 892 l’atri
415 848 485 892 esse
506 830 621 893 Filium.
666 821 821 892 llic'sane
849 845 1039 910 summopere
1068 830 1201 892 miranda
1233 829 1292 891 im·
1329 827 1335 838 “

80 931 183 1009 piorem
206 931 360 994 bominum
384 931 581 1011 impudentia,
604 930 746 1012 Dionysio
768 947 910 1010 nanque,
940 946 1027 1011 quem
1049 931 1201 994 luctuose
1221 949 1294 998 susa

80 1033 150 1110 paria
174 1031 312 1094 sensisse
338 1033 499 1106 affirmant,
533 1033 648 1096 (licente
675 1030 956 1096 consubstantialem
986 1050 1055 1095 esse
1082 1031 1201 1107 rutum,
1234 1034 1294 1113 ipsi

81 1143 163 1196 uruca
186 1133 265 1196 band
287 1151 375 1195 secus
398 1149 484 1213 qnam
507 1133 615 1196 culices
637 1135 863 1214 circumquaque
886 1142 1059 1205 susurrant,
1089 1133 1173 1212 quasi
1194 1134 1292 1214 Syno-

79 1234 126 1295 lus
146 1229 415 1298 consubstantialis
437 1251 539 1297 vocem
562 1235 639 1298 baud
661 1243 740 1297 recte
763 1235 874 1316 scribto
897 1234 1052 1298 mandarit.
1086 1234 1118 1296 Si
1140 1235 1218 1297 enim
1235 1234 1293 1298 sibi

79 1337 191 1398 animm
214 1335 388 1416 otomstam
410 1336 590 1410 existimant,
620 1353 658 1398 ue
687 1335 852 1398 domninam
881 1344 989 1416 negent
1019 1335 1074 1398 riri
1097 1352 1199 1398 secum
1222 1349 1294 1400 san·

78 1438 180 1499 tientis.
227 1437 313 1510 Quod
335 1435 360 1497 si
382 1445 489 1517 potant
509 1437 539 1498 id
562 1453 622 1500 noo
644 1445 724 1499 reete
745 1437 855 1498 dictum
877 1437 982 1510 luisse,
1004 1455 1095 1516 quare
1109 1436 1294 1516 Dionysium,

79 1537 167 1616 quiid
189 1537 289 1618 ipsum
312 1538 368 1608 ait,
396 1537 480 1618 quasi
504 1555 605 1600 secum
629 1537 805 1600 sentientem
833 1536 988 1600 iactitant?
1022 1555 1089 1600 oum
1116 1538 1295 1617 praesertim

78 1639 99 1698 is
117 1657 175 1700 non
199 1637 298 1700 obiter
318 1637 377 1700 hoe
397 1639 489 1712 (licat,
517 1637 571 1700 sed
597 1637 662 1700 aliis
690 1647 774 1701 antea
801 1639 905 1700 missis
933 1637 1066 1718 epistolis
1088 1657 1157 1713 eos,
1187 1639 1236 1719 qni
1260 1657 1294 1701 so

77 1739 292 1814 insimulabant,
325 1740 409 1819 quasi
436 1739 547 1802 diceret
574 1739 679 1802 Filium
708 1757 769 1801 non
799 1757 868 1802 esse
895 1739 976 1802 Patri
1002 1739 1293 1814 consubstantialem,

76 1841 211 1904 mendacii
233 1848 390 1919 coarguat,
422 1839 489 1901 illos
516 1857 602 1910 vero,
637 1839 686 1920 qui
714 1840 857 1920 putabant
883 1857 916 1902 se
939 1839 1053 1902 uixisse
1074 1840 1203 1902 Verbum
1226 1859 1294 1902 esso

78 1941 190 2013 lactum,
219 1941 349 2008 refellat,
380 1959 491 2020 negans
514 1959 548 2002 sc
569 1950 659 2022 prout
680 1941 721 2004 illi
744 1941 914 2004 existimant
935 1941 1061 2014 sentire,
1091 1941 1143 2004 sed
1173 1941 1292 2004 tametsi

76 2059 154 2104 voces
176 2041 240 2102 illas
262 2041 401 2121 protulit,
431 2059 467 2104 eo
489 2043 587 2105 solum
608 2043 680 2104 illud
701 2063 734 2106 se
750 2041 869 2106 'dixisse
896 2049 1037 2116 testator,
1066 2050 1100 2103 nt
1121 2043 1295 2106 ostenderet

77 2160 129 2204 nou
148 2143 266 2205 Patrem
288 2142 341 2204 sed
363 2141 469 2205 Filium
492 2161 570 2219 esso,
593 2145 645 2225 qui
666 2144 827 2220 oontlinrm,
850 2151 979 2206 creatum
1002 2151 1032 2207 et
1052 2143 1161 2208 taemm
1182 2161 1293 2225 corpus

78 2243 172 2314 iodait,
194 2245 332 2325 quocirca
352 2243 443 2307 Filius
466 2245 614 2319 conditus,
636 2247 729 2308 raons
753 2255 783 2310 et
804 2254 919 2309 oreatus
942 2245 1037 2307 luisse
1058 2243 1175 2308 dicitur.
1231 2311 1235 2318 ,

153 2551 204 2612 uo.
248 2547 335 2610 Certe
361 2565 429 2610 cum
457 2549 504 2611 illa
532 2549 621 2611 rerba
648 2550 733 2630 prius
761 2548 931 2629 scripserit,
966 2549 1082 2611 Arianis
1105 2549 1223 2628 quidem
1246 2552 1376 2612 imunt

80 2665 188 2710 cessere
210 2649 319 2722 iussis,
352 2649 528 2712 benevolum
551 2651 680 2712 animum
703 2649 740 2712 ab
763 2649 799 2712 iis
821 2650 968 2728 postulat,
997 2649 1181 2728 adquorum
1204 2667 1292 2712 aures

78 2747 142 2810 baec
161 2749 365 2830 personarium
392 2756 426 2812 ut
452 2751 656 2814 animadversa
686 2751 790 2811 harum
813 2750 1020 2828 quaestionum
1043 2748 1212 2811 difficultate
1233 2751 1293 2812 imo

79 2849 169 2925 potitus
195 2851 549 2931 incomprehensibilitate
570 2869 631 2914 oon
652 2851 758 2925 verba,
793 2850 846 2912 sea
869 2851 1029 2931 Scriptoris
1056 2849 1185 2912 animam
1214 2849 1292 2912 iudi-

80 2957 178 3024 carsnt,
199 2969 266 3014 cum
287 2952 478 3032 potissimum
500 2952 555 3014 alia
577 2951 770 3034 complurima
792 2969 890 3015 veram
913 2951 977 3014 eius
1000 2958 1129 3012 mentem
1152 2953 1293 3032 aperiant
1318 3001 1322 3006 .

81 3049 122 3110 lit
141 3051 227 3130 igitur
246 3053 327 3132 ipse:
361 3053 538 3126 „Eiusmodi
566 3053 699 3135 exempla
727 3061 760 3115 nt
787 3053 886 3116 minus
917 3053 998 3116 utilia
1031 3053 1140 3116 cursim
1172 3054 1292 3133 protuli,

82 3151 234 3221 „nimirum
257 3153 294 3214 tie
315 3154 414 3236 planta
439 3162 469 3215 et
490 3153 632 3234 agricola3
661 3163 783 3217 naturae
809 3155 1075 3216 accommodatione
1105 3153 1199 3216 insius
1220 3173 1292 3235 per-

83 3253 227 3328 ,traotari
250 3273 285 3316 ac
305 3255 420 3318 veriora
444 3254 578 3336 pluribus
601 3256 757 3335 exposui.“
789 3255 850 3318 lam
866 3256 916 3336 qoi
932 3257 1005 3318 haec
1025 3254 1165 3334 loquitur,
1189 3264 1293 3318 osteo·

83 3349 129 3420 uit,
149 3354 241 3416 venus
264 3355 321 3418 elici
343 3355 448 3418 Filium
471 3363 624 3418 aeternum
645 3364 675 3418 et
697 3375 731 3418 ex
753 3356 840 3418 Patre
863 3375 943 3428 csse,
970 3375 1056 3436 quam
1078 3375 1147 3417 esse
1170 3357 1293 3432 iactuum

84 3467 143 3512 nam
161 3453 216 3516 boc
237 3454 356 3536 quidem
379 3457 534 3530 vocabulo,
557 3456 636 3536 qood
658 3475 834 3537 corporeum
858 3465 904 3520 est
924 3457 954 3518 in
976 3457 1114 3530 llomino,
1138 3458 1293 3532 indicatur,

85 3548 133 3612 illis
152 3573 218 3618 vero
249 3557 409 3618 aelamitae
442 3557 602 3621 divinitatis
625 3558 700 3620 eius.
744 3557 804 3618 llos
827 3558 930 3638 igitur,
964 3557 1014 3637 qai
1044 3575 1078 3619 se
1105 3559 1292 3632 accusabant,

86 3657 116 3710 ti
131 3654 175 3732 qui
195 3669 317 3738 negaret
336 3657 442 3720 Filium
469 3677 537 3721 esse
558 3659 638 3722 Patri
667 3658 964 3732 consubstantialem,
996 3657 1044 3718 his
1073 3659 1255 3738 argumentis
1276 3677 1294 3720 a

88 3767 117 3810 st
134 3758 291 3820 muletatus
314 3757 454 3832 declarat,
475 3761 553 3822 haud
576 3760 631 3823 levi
652 3760 753 3834 modo,
776 3759 830 3820 sed
846 3757 1063 3838 sapientissime
1085 3767 1203 3820 etcum
1225 3775 1293 3818 vera

88 3849 340 3934 demonstratione,
371 3860 441 3922 dum
462 3860 536 3923 haec
557 3861 613 3922 ait:
643 3861 728 3934 „Etsi
754 3861 831 3923 hanc
858 3869 960 3922 rocem
989 3859 1020 3920 in
1043 3857 1203 3938 Scriptoris
1232 3873 1293 3917 non

89 3951 210 4033 timei,
243 3967 372 4022 attamen
405 3961 566 4023 earundem
590 3961 808 4043 scripturarum
846 3968 976 4024 mentem
1003 3959 1146 4036 colligens
1176 3955 1292 4036 agnovi,

90 4051 205 4134 „ipsum
227 4081 295 4124 cum
315 4060 410 4124 Filius
432 4070 462 4124 ct
477 4061 604 4126 Verbum
625 4062 675 4138 sit,
698 4081 759 4125 noo
780 4081 874 4144 posse
896 4060 1025 4124 aPatris
1046 4055 1210 4120 substantia
1226 4075 1294 4120 esse

90 4155 255 4223 ,,ιΙίειιιιιη.·*
300 4161 389 4235 Quod
411 4171 509 4226 antem
530 4162 636 4225 Filium
665 4181 727 4226 noo
754 4164 884 4226 senserit
911 4179 979 4224 esse
1001 4177 1065 4220 rem
1097 4165 1294 4222 monument

93 4367 144 4422 lose.
175 4377 409 4433 Tanainitemintra
427 4374 442 4430 al
461 4377 493 4432 rb
530 4375 651 4444 εννητόν.
740 4397 763 4445 3.
787 4380 857 4432 colb.
881 4377 931 4428 rori
956 4371 1118 4446 φράζοντος.
1157 4378 1210 4428 llos
1228 4378 1292 4428 idam

118 4439 132 4488 l·
152 4443 241 4500 rnna.
266 4451 335 4500 colb.
359 4451 405 4500 les.
428 4443 474 4510 tta'
540 4486 546 4498 .
599 4451 653 4501 llos
706 4463 760 4501 com
779 4449 876 4500 Tauria.
895 4455 919 4498 at
936 4448 983 4498 les.
999 4441 1120 4514 μάλιστα
1138 4437 1214 4494 ὅταν.

95 4499 138 4584 itt.
153 4509 241 4566 Tauria.
258 4517 303 4568 lea.
322 4509 431 4586 pannoni:
451 4519 507 4569 editi
527 4533 582 4570 aero
598 4531 652 4585 μα·
738 4517 762 4566 b.
781 4515 850 4567 Cclb.
868 4511 1093 4584 upaposastpcac.
1128 4513 1179 4564 llas
1194 4511 1282 4544 '‘⁰⁸³³'‘

96 4579 154 4634 ΙΨ·
704 4583 774 4635 colb.
792 4584 839 4636 los.
856 4579 950 4634 πλεῖον
967 4578 1091 4644 ἐξῆλθον.
