3128 5052
495 315 641 358 errarem
655 316 676 357 1.
693 316 729 358 An
746 315 943 360 scammuse.
1266 301 1327 366 735

944 392 949 416 i

185 471 237 533 27.
280 465 441 528 Enimvero
468 483 576 547 rursus
605 484 641 526 ex
668 465 715 528 his
749 483 823 546 quae
846 465 1017 532 subiicimus
1040 467 1209 546 Scripturas
1229 460 1405 530 verbisn'ou

82 571 222 634 evidens
244 567 342 642 luerit,
367 567 509 647 Spiritum
532 573 667 628 sanctum
690 565 764 628 alios
786 568 833 630 sui
855 559 1013 648 participes
1035 571 1150 640 lacere,
1174 585 1233 629 non
1256 587 1327 630 vero

84 671 272 753 participem
295 669 419 730 aliorum
442 667 508 730 lieri
530 671 610 742 (nam
626 668 729 730 eadem
744 677 879 747 repetere
894 687 932 734 ne
946 669 988 730 sit
1001 669 1182 746 molestum).
1215 669 1328 748 Nempe

84 771 290 855 Impossibile
311 783 358 835 cot
380 775 457 832 enim
479 788 539 842 eos,
562 774 615 850 put
634 753 724 832 senil
738 780 811 832 suut
825 769 999 843 illuminati,
1022 782 1225 849 gustaverunt
1240 776 1329 834 etiem

86 876 212 937 donum
234 871 369 943 rochete,
393 882 423 933 et
441 872 711 954 participessncti
731 882 804 934 sunt
822 869 958 951 Spiritus
981 875 1088 943 sonent
1110 882 1329 950 portaverant-

86 993 155 1056 ραι
177 974 287 1036 bonum
309 971 368 1034 liei
389 973 522 1034 uerbum.
566 972 603 1034 At
623 971 725 1049 Anguli
748 980 778 1034 et
798 981 915 1034 ceterae
939 989 988 1036 res
1010 972 1238 1052 creatae-ipsius
1256 973 1326 1052 Spi-

87 1077 177 1138 ritus
199 1075 273 1137 liunt
295 1073 464 1154 participes.
509 1072 589 1136 llaec
617 1073 695 1134 enim
723 1073 787 1152 ipsa
817 1083 864 1135 est
884 1073 978 1148 ratio,
1012 1091 1065 1136 eur
1093 1073 1129 1136 ab
1157 1092 1209 1145 eo,
1243 1075 1413 1144 cuiusnnoe.

88 1185 171 1238 sunt
192 1175 367 1256 participes,
395 1175 517 1254 possint
538 1175 683 1238 excidere.
729 1173 858 1253 Spiritus
888 1174 1066 1239 nereidem
1088 1175 1223 1254 protecto
1245 1193 1327 1237 sem-

87 1297 154 1359 per
175 1285 236 1349 cst,
266 1277 375 1356 quippe
398 1275 446 1354 qui
469 1293 531 1336 non
553 1295 588 1338 ex
611 1275 669 1337 illis
692 1275 781 1338 rebus
805 1274 854 1349 sit,
876 1293 951 1355 quae
973 1275 1131 1366 participes
1153 1276 1328 1348 redduntur,

88 1379 154 1442 sed
180 1378 283 1458 potius
310 1376 397 1438 euius
421 1395 471 1438 res
501 1395 604 1444 omnes
632 1377 704 1439 liant
730 1376 902 1458 participes.
955 1377 1017 1439 lam
1045 1395 1116 1438 vero
1145 1377 1171 1438 si
1200 1376 1355 1457 Sputus,

89 1481 178 1542 idem
200 1497 319 1558 semper
347 1487 393 1538 cst
419 1477 553 1558 aliosque
582 1478 628 1539 sui
657 1479 818 1558 participes
847 1478 931 1552 lacit,
961 1477 988 1540 si
1007 1485 1120 1556 ,contra
1141 1475 1341 1564 rescreat'ae¹

91 1583 164 1654 eius
186 1581 261 1642 tiunt
276 1574 456 1659 participes,
486 1598 557 1642 saue
580 1578 708 1658 Spiritus
743 1587 864 1640 sanctus
884 1597 982 1658 reque
1003 1580 1132 1658 Angelus
1155 1597 1252 1658 neque
1273 1579 1330 1642 alia

89 1702 148 1746 res
170 1689 297 1754 creata,-
315 1680 367 1742 sad
390 1679 530 1761 proprius
554 1680 640 1741 Verbi
663 1699 732 1742 esse
755 1679 969 1743 existimandus
992 1689 1056 1755 est,
1087 1680 1172 1759 cuius
1201 1671 1329 1760 ab'ipsn
1408 1667 1412 1674 ¹

91 1783 197 1846 Verbo
219 1781 279 1844 dati
301 1801 349 1844 res
373 1790 488 1844 creatae
506 1782 585 1844 hunt
602 1781 772 1860 participes.
818 1781 994 1861 Ceteroquin
1009 1781 1116 1844 Filium
1132 1772 1251 1862 quoque
1265 1799 1331 1847 rem

94 1891 230 1948 creatam
251 1883 350 1945 dicere
373 1883 480 1948 iisdem
503 1901 629 1946 necesse
652 1893 750 1954 esset,
778 1884 862 1946 cuius
891 1901 998 1963 nempe
1025 1901 1130 1946 omnes
1162 1883 1193 1946 in
1216 1883 1330 1963 Spiritu

93 1985 259 2068 participes
281 1984 349 2046 lacti
371 2001 486 2046 sumus.
530 1985 656 2064 insuper
679 1993 827 2048 unus-cst
843 1984 971 2064 Spiritus
995 1994 1126 2059 sanctus,
1149 1985 1259 2046 multae
1273 2003 1329 2048 au·

97 2097 162 2150 tem
185 2095 255 2148 sunt
276 2103 325 2146 res
349 2094 474 2160 creatae.
525 2085 599 2146 Nam
621 2084 711 2146 millia
733 2086 857 2148 millium
880 2094 910 2148 et
931 2085 1029 2148 decies
1051 2085 1127 2148 dena
1149 2085 1240 2148 millia
1260 2093 1331 2148 sunt

93 2188 288 2268 Angelorum,
309 2186 401 2250 multa
422 2187 534 2266 pariter
556 2195 628 2248 sunt
647 2186 814 2261 luminaria,
836 2186 921 2268 multi
943 2187 1072 2262 Threci,
1094 2187 1204 2250 multae
1223 2187 1329 2250 Domi-

94 2291 248 2363 nationes,
271 2287 354 2351 multi
376 2287 458 2361 caeli,
480 2287 566 2350 multi
588 2287 757 2362 Cherubim,
775 2288 936 2368 -Seratphim
959 2298 989 2352 et
1009 2289 1194 2368 Archangeli,
1217 2307 1252 2351 ac
1273 2288 1328 2356 de-

95 2387 189 2471 niqu'e
210 2409 260 2452 res
283 2397 398 2452 creatae
421 2409 481 2452 uon
504 2401 575 2453 sunt
596 2389 666 2468 quid
690 2407 791 2462 unum,
815 2389 869 2451 aed
892 2409 996 2452 omnes
1012 2390 1122 2452 multae
1144 2397 1175 2452 et
1196 2389 1330 2452 diversae

99 2499 182 2554 sunt.
228 2490 314 2564 Quod
337 2492 363 2552 si
385 2491 475 2570 igitur
496 2490 625 2570 Spiritus
648 2499 768 2554 sanctus
791 2509 868 2552 unus
892 2499 954 2564 est,
983 2491 1009 2554 si
1037 2499 1140 2553 contra
1166 2493 1230 2554 res'
1243 2509 1329 2556 erea-

98 2603 148 2656 tae
170 2593 278 2655 multae
301 2593 436 2654 etmulti
459 2601 530 2654 suut
551 2591 669 2671 Angeli3
692 2608 837 2670 quaenam
858 2589 1021 2654 similitudo
1038 2591 1168 2671 Spiritus
1190 2611 1257 2654 cum
1277 2610 1329 2654 re-

97 2697 157 2758 bus
179 2693 290 2757 lactis?
334 2693 456 2756 Constat
477 2692 603 2774 proinde
618 2693 762 2772 Spiritum
777 2710 839 2754 non
858 2711 926 2754 esse
948 2710 983 2755 ex
1005 2691 1106 2754 multis
1129 2711 1225 2772 neque
1241 2691 1330 2754 etiam

98 2796 258 2881 Angelum,
287 2795 454 2857 sedunum
478 2813 562 2867 esse,
591 2793 636 2854 vel
656 2794 759 2874 petius
781 2793 886 2869 Verbi,
909 2793 988 2874 quod
1012 2810 1103 2854 unum
1125 2785 1189 2868 es't,
1213 2801 1244 2854 et
1263 2793 1328 2866 het,
1371 2811 1377 2818 ·

97 2897 152 2980 qui
179 2898 251 2960 item
281 2915 358 2959 unus
388 2904 451 2970 est,
484 2895 638 2976 proprium
668 2905 697 2956 et
725 2895 1005 2958 consubstantialem
1027 2913 1105 2957 esse.
1149 2893 1229 2956 llaec
1250 2902 1329 2956 certe

98 3000 146 3060 vel
168 2999 248 3071 sola,
278 3015 353 3078 quae
367 2998 412 3080 de
434 2996 548 3076 Spiritu
571 3003 674 3068 sancto
697 2995 838 3070 (liumus,
867 2997 894 3058 si
922 2995 1049 3060 seorsim
1078 2997 1173 3072 etiam,
1187 2996 1329 3058 censide—
1439 3041 1442 3050 ,

78 3109 220 3177 ,rentum
247 3099 344 3179 palam
365 3098 492 3172 iaciunt,
521 3098 594 3160 nihil
622 3098 704 3160 illum
731 3116 890 3160 commune
917 3107 967 3160 aut
993 3099 1151 3180 proprium
1172 3100 1279 3162 natura
1301 3105 1331 3160 et

101 3201 268 3264 substantia
290 3217 357 3262 euru
384 3199 474 3262 rebus
497 3200 603 3262 creatis
625 3200 753 3275 babere,
776 3200 831 3262 sed
853 3218 922 3262 vere
946 3201 1035 3263 alium
1058 3219 1126 3262 eum
1149 3219 1217 3264 esse
1239 3219 1256 3264 a
1278 3218 1330 3264 re·

100 3302 157 3364 bus
187 3302 289 3376 iactis,
321 3300 534 3382 propriumque
567 3319 624 3364 nec
650 3301 777 3364 alienum
805 3301 870 3364 Filii
899 3299 1082 3364 substantiae
1111 3310 1140 3364 et
1168 3301 1330 3366 divinitatis

100 3422 178 3478 esse,
201 3411 434 3483 propterquam
456 3419 523 3464 cum
545 3401 585 3464 sit
606 3411 725 3464 sanctae
748 3403 911 3479 Trinitatis,
934 3403 1001 3466 illos
1018 3403 1064 3466 vel
1084 3405 1195 3467 invitos
1216 3403 1332 3483 pudere

64 3566 71 3574 ,
101 3505 254 3567 suffundit
1183 3578 1187 3587 Ι

186 3607 239 3670 28.
282 3603 500 3698 Verumtamen·
521 3604 600 3667 haud
622 3605 659 3668 ab
681 3623 714 3672 re
736 3591 824 3666 luerit
844 3614 975 3668 veterem
997 3607 1120 3685 insuper
1142 3603 1331 3678 traditionem

103 3704 325 3782 doctrinamque
352 3723 387 3764 ac
406 3705 493 3768 fidem
517 3705 685 3768 Catholicae
706 3705 857 3768 Ecclesiae
879 3707 1072 3786 investigare,
1099 3723 1188 3787 quam
1218 3704 1332 3767 scilicet

102 3805 247 3867 Dominus
278 3805 411 3878 tradidit,
439 3807 573 3886 Apostoli
601 3807 809 3887 praedicavere
838 3817 868 3869 et
894 3807 998 3870 Patres
1027 3825 1191 3870 servavere.
1235 3805 1270 3866 ln
1287 3822 1332 3876 ea

103 3907 182 3970 enim
200 3905 337 3968 Ecclesia
358 3907 477 3969 lundata
499 3915 562 3980 est,
591 3919 693 3987 a‘qua
715 3907 742 3970 si
764 3907 831 3988 quis
854 3909 1010 3986 exciderit,
1042 3910 1067 3971 is
1095 3927 1152 3971 nee
1180 3924 1250 3968 esse
1276 3923 1332 3966 nec

63 4100 70 4112 .
102 4058 189 4109 ταῦτα
210 4051 264 4124 μὲν
286 4049 425 4109 ἐκπίπτειν
440 4055 592 4126 μετέχοντα
610 4051 691 4109 daira-
741 4061 840 4114 Gobler.
859 4071 882 4112 et
899 4062 1038 4114 beteleml.
1057 4077 1129 4113 anon.
1165 4052 1331 4111 duleis-ibid·

101 4141 155 4178 ται.
193 4128 250 4190 llcg.
263 4142 359 4192 quoque
378 4127 400 4180 2.
411 4125 569 4196 ,μετέχοντα
587 4131 667 4180 habet.
743 4131 813 4180 abest
830 4147 845 4179 a
862 4131 919 4193 llog.
936 4130 960 4182 2.
979 4140 1003 4182 et
1021 4131 1124 4181 Felelm.
1137 4129 1160 4178 2.
1179 4143 1251 4181 anon.

777 4199 794 4248 l.
813 4198 854 4247 Sic
870 4199 928 4262 lleg.
946 4200 1046 4262 Segaer.
1064 4198 1136 4248 basil.
1155 4195 1294 4249 Goblerian.
1309 4201 1334 4246 et

103 4227 292 4348 diiii·
310 4229 692 4361 triennarum:
743 4265 1007 4386 ternodo
1022 4264 1334 4384 coartentur

87 4365 146 4414 'Alii
163 4373 187 4416 et
205 4365 279 4414 editio
304 4365 420 4416 Commel.
445 4367 559 4417 omittunt
581 4359 612 4416 ab
635 4361 690 4438 γάρ
741 4397 876 4452 τοῦ-θεοῦ
893 4395 954 4456 ἐνὸς
972 4393 1051 4456 ὅμως
1069 4394 1142 4450 ww
1158 4394 1212 4450 nai·

104 4441 146 4483 oto.
165 4447 243 4498 nsque
262 4425 341 4546 αι’τό
360 4424 427 4481 αὐτό
444 4428 511 4483 ἐστι,
775 4486 798 4533 8·
816 4464 861 4518 mg
879 4464 949 4537 πρὸς
966 4465 1074 4528 τούτοις
1092 4471 1180 4522 desum
1198 4469 1221 4519 in
1235 4467 1332 4531 Rem,

136 4547 157 4584 c.
176 4534 240 4584 Part.
257 4545 302 4582 και
320 4534 359 4586 hic
377 4544 401 4586 et
418 4537 442 4586 in
460 4543 569 4604 sequent.
589 4535 689 4590 deesttn
739 4540 788 4586 και
804 4540 827 4588 in
845 4539 902 4602 fleg.
918 4541 939 4591 1.
959 4550 982 4592 et
999 4541 1098 4604 Segucr.
