3088 5024
448 331 566 378 conrru
580 331 799 378 rromrnuuou
813 333 900 378 marn
915 335 948 378 u.
1031 322 1036 330 ’
1231 321 1294 388 929
1389 327 1394 332 '

65 487 277 552 mensidare
299 486 537 586 corrupra'oncar.
580 482 653 546 ldeo
676 489 705 546 et
724 482 869 546 Dominus
892 483 1004 548 aiebat:
1026 485 1118 552 Nemo
1134 489 1216 554 tollit
1230 503 1383 556 acconen.
1535 527 1536 561 2

63 609 84 652 o
106 607 162 662 nte,
186 588 239 664 sed
259 605 311 667 epo
330 604 414 666 prono
437 605 503 648 enm
523 606 543 648 a
564 588 687 666 meipso,
711 585 741 647 id
763 595 809 648 cst
822 604 966 666 praeseus
989 587 1060 650 illud
1083 590 1210 654 declaro.

154 793 203 854 15.
247 788 361 852 Idcirco
384 788 414 850 in
433 788 529 850 anima
544 786 663 868 quidem
679 785 790 850 Christi
804 789 912 852 mortis
927 788 1086 870 imperium
1101 792 1296 873 destructum,

60 892 246 956 resurrectio
264 891 339 954 lacta
361 909 396 951 er
418 889 539 952 iulerno
566 897 595 950 et
617 889 771 952 animabus
792 891 993 970 praedicatum
1015 900 1078 967 est,
1106 894 1138 956 in
1169 913 1297 975 corpore

61 1003 163 1056 autem
192 991 301 1054 Christi
330 991 481 1072 corruptio
513 990 623 1054 abolita
656 999 704 1054 cst
731 999 762 1053 et
789 991 974 1072 incorruptio
1002 1011 1039 1055 ex
1059 991 1127 1072 ipso
1157 997 1296 1075 sepulcro

61 1095 196 1160 emicuit.
240 1094 343 1174 ltaque
364 1112 421 1156 neo
440 1093 532 1156 bomo
555 1093 673 1162 alleo=
686 1091 913 1174 segregabatur,
941 1103 998 1157 nec
1017 1095 1097 1157 Deus
1125 1095 1241 1158 bomini
1262 1117 1297 1161 se

62 1183 135 1262 eum
157 1191 347 1258 deserturum
371 1195 576 1270 annunciabat,
599 1213 696 1275 neque
719 1195 819 1259 obitus
836 1196 1020 1277 spiritusque
1035 1197 1179 1260 discessio
1194 1205 1297 1261 trans·

7 1337 9 1342 -
62 1301 127 1362 itus
149 1305 213 1360 erat
233 1296 288 1358 Dei
310 1316 328 1359 a
350 1315 488 1377 corpore,
512 1296 566 1360 sed
588 1296 703 1360 animae
726 1315 743 1360 a
765 1315 893 1377 corpore
914 1297 1074 1378 separatio,
1096 1305 1201 1362 nostra
1216 1298 1296 1362 enirn
1351 1335 1353 1340 .

59 1401 106 1464 ibi
127 1417 210 1462 mors
233 1399 381 1479 descripta
402 1399 480 1490 luit¹
513 1398 601 1471 Quod
623 1399 649 1460 sl
670 1397 751 1462 Deus
773 1417 790 1461 a
813 1417 939 1479 corpore
961 1409 1115 1479 separatus
1139 1410 1184 1464 est
1201 1420 1297 1481 eoque
1324 1479 1333 1488 .

59 1500 156 1564 modo
179 1518 262 1562 mors
284 1499 417 1578 contigit,
440 1499 591 1578 quomodo
614 1518 724 1580 corpus
745 1499 782 1561 ab
796 1499 1014 1580 incorruptibili
1027 1500 1090 1562 lieo
1108 1510 1296 1582 segregatum

59 1601 290 1681 incorruptibile
311 1599 469 1681 apparuit?
513 1601 673 1674 Quomodo
695 1601 782 1663 etiam
805 1599 934 1664 Verbum
956 1601 1134 1666 descensum
1155 1622 1242 1666 suum
1258 1605 1380 1668 adesos.

59 1704 177 1766 inieros
199 1700 339 1784 peregit?
372 1711 423 1764 aut
454 1721 513 1781 quo
540 1711 626 1782 pacto
656 1701 693 1765 ab
720 1701 825 1764 inseris
853 1703 1104 1768 resurrectionem
1137 1705 1296 1770 exhibuit?

59 1804 214 1884 Numquid
232 1803 302 1884 ipsc
325 1804 385 1866 vice
407 1804 523 1866 animae
545 1813 667 1893 uestrae
682 1804 858 1878 resurrexit,
879 1812 914 1867 ut
930 1813 1050 1868 nostrae
1064 1807 1296 1870 resurrectionis

60 1906 223 1985 imaginem
245 1903 461 1972 concinnaret?
503 1905 542 1966 tt
562 1909 613 1984 qul
635 1905 699 1968 lieri
714 1913 837 1984 potest,
866 1913 900 1967 ut
930 1905 996 1968 talia
1027 1907 1064 1970 de
1089 1907 1152 1970 lieo
1181 1909 1295 1988 cogite-

60 2006 161 2070 mus‘.l
203 2008 306 2070 Vestra
327 2007 417 2086 igitur
439 2006 573 2068 delinitio
597 2026 612 2068 a
635 2007 729 2069 sacris
752 2006 913 2086 Scripturis
935 2007 1030 2070 aliena
1055 2017 1118 2084 est,
1140 2016 1298 2090 vestraque

60 2107 213 2170 sententia
234 2125 300 2170 cum
323 2116 440 2188 peracta
469 2108 499 2171 iu
523 2107 643 2170 Christo
668 2108 842 2170 oeconomia
864 2125 925 2170 uon
948 2109 1107 2182 consentit.
1151 2109 1189 2170 Et
1210 2110 1298 2172 illud:

59 2210 143 2272 Sede
162 2228 184 2270 a
205 2209 321 2274 dextris
343 2215 426 2281 mmo,
449 2227 510 2271 non
533 2210 663 2272 bominis
686 2211 815 2290 dignitas
837 2216 894 2283 cst,
918 2209 972 2272 sed
993 2209 1056 2272 liri.
1099 2211 1138 2272 tt
1159 2211 1298 2290 quando-

59 2309 184 2390 quirem
206 2309 260 2372 liei
283 2309 410 2389 dignitas
433 2310 565 2372 hominis
580 2305 708 2390 dignitas
730 2312 804 2374 lacta
827 2320 883 2386 est,
905 2319 939 2373 ut
953 2311 1085 2374 bominis
1101 2310 1298 2390 dignitas.llei

59 2411 192 2490 dignitas
213 2411 395 2486 crederetur,
419 2412 527 2474 diuum
550 2422 611 2474 est:
632 2411 708 2475 Sede
731 2432 749 2474 o
772 2413 891 2476 deceris
912 2417 997 2488 uada,
1021 2419 1051 2474 ct
1073 2411 1221 2492 (llorifice
1240 2431 1297 2486 me,

57 2513 174 2584 Peter,
203 2523 329 2598 aeterna
349 2513 459 2593 glorio.
502 2513 564 2574 Nec
585 2512 644 2574 boc
665 2512 751 2602 dicit,
780 2513 859 2592 quod
882 2513 974 2593 gloria
996 2513 1129 2593 privatus
1159 2513 1213 2587 sit,
1242 2511 1296 2574 sed

58 2614 146 2695 quod
168 2614 199 2676 in
221 2613 349 2694 inglorio
372 2633 499 2694 corpore
521 2615 657 2694 degeret,
687 2622 720 2674 ut
746 2613 854 2693 palam.
874 2615 985 2676 laceret
1005 2632 1067 2676 non
1089 2621 1256 2692 separatam
1279 2631 1297 2674 a

56 2715 163 2778 divina
185 2715 279 2794 gloria
301 2733 368 2778 esse
389 2717 470 2778 servi
489 2716 631 2790 formam,
665 2713 719 2776 sed
747 2714 870 2778 eaodem
904 2714 1027 2794 gloriam
1054 2731 1127 2794 prae
1150 2731 1183 2774 se
1205 2713 1295 2774 lerre.

57 2818 256 2897 Quapropter
278 2817 333 2878 ait:
361 2817 400 2879 Et
427 2817 603 2898 glorificavi
630 2825 659 2878 et
687 2833 814 2879 narsum
841 2815 1032 2896 glorificabo.
1075 2813 1185 2892 Sicqne
1207 2829 1297 2874 unam

58 2917 250 2998 eandemque
279 2925 309 2979 et
340 2925 407 2980 snte
436 2935 545 2998 corpus
575 2923 742 2979 assumtum
771 2923 801 2978 et
828 2915 859 2977 in
889 2933 1015 2995 corpere
1046 2913 1172 2993 gloriam
1204 2912 1299 2975 luisse

59 3019 208 3093 ostendit,
232 3027 264 3081 ut
285 3019 326 3082 ait
346 3019 522 3110 Apostolus:
548 3019 642 3082 Tanto
664 3018 776 3081 melior
796 3017 917 3098 Angeias
940 3017 1083 3102 effectur,
1107 3026 1219 3096 quanto
1242 3032 1299 3076 erc-

60 3121 225 3184 ccllentiue
249 3139 328 3200 prae
355 3121 418 3183 illis
446 3140 554 3184 nomeu
580 3121 790 3184 haereditavit.
837 3119 893 3184 (bri
919 3123 998 3182 enam
1026 3119 1103 3180 drisit
1135 3115 1300 3196 aliquando

58 3222 269 3302 Angelorum:
304 3221 378 3284 Sede
401 3240 420 3283 n
442 3223 560 3284 deutris
581 3219 679 3284 mosi
722 3221 784 3282 Neo
805 3238 878 3284 sanc
897 3219 1079 3300 Angelorum
1103 3217 1202 3298 opilex
1224 3217 1300 3279 ller-

57 3323 136 3386 bum
161 3322 267 3385 melius
290 3323 398 3384 lactum
422 3331 486 3395 est,
514 3323 601 3402 quasi
623 3322 747 3388 iuferius
771 3330 839 3385 ante
861 3312 988 3395 luisset}
1017 3321 1069 3384 sed
1092 3321 1124 3382 iu
1147 3337 1180 3382 se
1204 3327 1299 3380 ortam

60 3423 146 3486 serni
171 3425 295 3486 formam
318 3423 441 3503 Angelis
465 3443 517 3486 seu
540 3425 641 3505 potius
665 3425 746 3487 omni
769 3433 904 3487 creatura
932 3423 1180 3504 praestantiorem
1214 3420 1299 3481 erbi-

57 3525 141 3599 buit,
164 3523 402 3604 quandoquidem
427 3543 492 3586 oum
514 3525 611 3604 imago
636 3533 717 3586 esset
734 3524 788 3586 llei
809 3523 975 3596 inuisibilis,
997 3520 1214 3601 primogenitus
1231 3535 1298 3580 om·
1385 3567 1390 3579 .

56 3628 112 3688 nis
137 3615 291 3690 creaturae
311 3627 420 3688 iactum
443 3635 499 3700 est,
523 3635 554 3690 ut
576 3626 718 3705 seriptum
742 3633 789 3688 est
810 3626 841 3688 iu
855 3622 1037 3703 Evangeliis:
1059 3621 1162 3684 Donec
1179 3623 1301 3700 peperit

56 3727 180 3792 Filium
201 3746 290 3791 suum
307 3732 550 3810 primogenitom
594 3727 666 3789 ldco
689 3732 722 3790 in
743 3729 810 3810 ipsc
834 3735 937 3789 creato
956 3734 1029 3790 runt
1052 3724 1163 3794 omnin
1185 3719 1298 3799 inipso

96 3965 121 3999 c.
142 3937 207 3996 orire
224 3940 239 4006 ἡ
257 3943 388 4013 visperis
409 3941 454 3996 rol
473 3945 521 3996 τοῦ
539 3939 658 4013 πνεεῖμα-
744 3947 761 3996 l.
786 3945 821 3998 lta
839 3945 941 4009 Segoer.
959 3945 1051 4007 anglie.
1069 3940 1166 3995 Gobler.
1179 3937 1302 4018 etwlclclq-

55 4005 1301 4080 wfflfflmmmmmmmmbfflmmmwmo

54 4087 103 4136 Sic
125 4084 227 4146 Segner.
246 4084 334 4145 tnglic.
356 4084 454 4134 Gobler.
473 4092 496 4132 et
514 4084 619 4134 l'elrlna.
636 4083 658 4132 l.
710 4073 931 4148 rodrivdpoirrou
949 4071 1057 4146 ἇξίωμα
1073 4072 1210 4140 πιστευθῇ.

53 4153 127 4202 Editi
148 4166 206 4203 roro
219 4142 282 4200 οὔτε
295 4143 309 4210 ἢ
324 4147 464 4218 vineatore,
484 4142 660 4216 oinopoipnots
746 4166 768 4213 g.
785 4149 884 4202 Goblcr.
897 4158 920 4200 et
932 4149 1037 4198 l'elclm.
1049 4146 1071 4196 l.
1086 4140 1226 4192 1⁰⁶⁰er
1251 4141 1304 4192 llo!

53 4199 1305 4327 &fflffifflmfflffifflfflffffimwwffifflwmffl

54 4299 181 4406 ριῖςὶιε
200 4355 299 4416 Seguer.
317 4354 406 4418 lnglic.
426 4355 524 4406 Gobler.
543 4319 661 4406 etFelrli-
712 4276 1222 4425 ‘dienseediossi'ptuiiiqoiiwwwneovL
1263 4279 1307 4327 dm

54 4423 150 4478 manni
171 4421 194 4470 l.
229 4423 257 4472 ln
281 4421 351 4472 editis
378 4431 402 4472 et
420 4425 521 4478 caeteris
540 4437 599 4474 msa.
619 4413 662 4471 oii-
748 4423 773 4473 b.
792 4423 892 4485 Segaer.
915 4365 1047 4485 aprinos
1069 4411 1239 4492 piram&
1261 4425 1306 4472 ηῐ·

54 4491 217 4546 emme
714 4475 1306 4550 rwfflmmemfflmw

94 4576 120 4610 e.
143 4557 245 4619 Segoar.
264 4546 417 4608 ἀνίσταται
715 4571 772 4607 των
787 4549 910 4626 yeyoroic
927 4547 1060 4618 ἡττόνων,
1080 4549 1206 4603 mendose.

95 4647 232 4690 aserenan
244 4655 297 4690 oar.
309 4655 381 4690 noer.
396 4655 446 4689 err.
1017 4687 1022 4693 .
1070 4635 1103 4689 59
