3072 5056
240 343 281 406 64
641 357 667 400 Β.
682 356 836 402 ΔῙΕΔΝΑΒΙΙ
851 359 1072 402 sncmsrrscorr

153 503 330 572 ναιοίστιν
353 501 371 568 ό
394 503 499 589 λόγος,
522 499 541 589 ἡ
565 509 670 591 σοφία
690 507 750 570 τού
772 503 908 591 πατρός,
934 505 967 571 έν
989 493 1176 591 ᾦόπατήρ
1193 499 1452 574 ἀποκαλύπτεται

239 607 293 670 καί
315 604 509 689 γινώσκεται
530 608 583 670 καί
607 605 806 691 δημιουργεῖ,
830 605 885 670 καί
907 596 946 670 ού
969 605 1045 671 ἀνευ
1069 600 1164 671 ούόὲν
1187 601 1205 670 ό
1227 606 1336 693 πατήρ
1357 613 1451 686 ποιεῖ,

154 705 356 788 ε.υοο.·όῆλον
384 701 437 770 ότι
465 699 563 783 αύτός
591 703 663 772 ἐστι
689 704 729 770 τὸ
759 703 793 772 ἐκ
814 709 873 770 τοῦ
896 705 1037 792 πατρός·
1068 700 1168 772 αύτού
1191 705 1330 794 γάρρκαί
1350 709 1452 775 πάντα

236 805 280 893 τὰ
301 804 436 892 γεννητόν
455 812 590 890 μετέχει,
613 811 790 888 μετέχοντα
811 808 869 871 τοῦ
891 801 985 890 ἁγίου
1008 806 1204 891 πνεύματος.
1247 804 1336 890 ούτιο
1358 809 1391 876 oi
1412 803 1454 874 ἀν

239 903 297 974 ούκ
326 906 419 974 ’ἐσται
446 907 482 987 ἐξ
509 902 566 973 οόκ
596 904 701 974 όντων
724 903 800 974 ούτε
822 903 908 984 ὅλως
929 913 1065 991 κτίσμα,
1095 902 1180 974 ἀλλὰ
1200 909 1325 992 μᾶλλον
1349 909 1453 976 έκτού

237 1007 366 1094 πατρὸς
387 1008 474 1075 ἰ’όιον
495 1014 646 1095 γέννημα,
670 1003 715 1085 τός
737 1005 772 1074 ἐκ
794 1006 906 1095 φωτὸς
927 1006 966 1072 τὸ
989 1001 1201 1093 ἀπαύγασμα.

196 1197 197 1200 ¹
323 1115 373 1176 25.
422 1109 464 1176 02
491 1111 551 1194 μὲν
579 1099 637 1175 ούν
669 1108 703 1174 ἒν
731 1111 770 1194 τῇ
793 1115 919 1195 Νικαίηι
947 1107 1165 1188 συνελθόντες
1192 1109 1313 1197 ταύτην
1337 1109 1453 1194 ἔχοντες

236 1209 295 1298 τὴν
324 1209 474 1277 διάνοιαν
502 1209 659 1286 τοιαύτας
686 1207 822 1286 καὶτὰς
844 1210 948 1288 λέξεις
969 1209 1127 1295 ἔγραψαν.
1173 1207 1227 1278 ὅτι
1249 1213 1285 1278 δὲ
1307 1205 1367 1294 ούχ
1387 1211 1454 1278 ἑαυ-

236 1323 308 1390 τοῖς
329 1311 518 1389 πλάσαντες
539 1309 722 1397 ἐπενόησαν
743 1310 874 1389 ταύτας,
898 1310 1013 1396 ἐπειδὴ
1037 1309 1092 1377 καλ
1113 1315 1211 1379 τοῦτο
1233 1313 1454 1400 προφασίζον-

236 1439 307 1494 ται,
337 1407 406 1478 ἀλλ’
432 1411 565 1478 ἀνωθεν
592 1409 688 1498 παρὰ
716 1414 782 1476 τῶν
811 1410 879 1496 πρὸ
902 1407 1011 1479 αὐτῶν
1032 1412 1283 1499 παραλαβόντες
1304 1413 1454 1502 είρήιιασι,

237 1520 317 1600 φέρε
343 1511 400 1580 καὶ
427 1515 526 1578 τοῦτο
556 1512 782 1597 διελέγξωμεν,
813 1512 869 1578 λ’να
895 1514 979 1598 μηδὲ
1009 1509 1089 1600 αύτη
1112 1508 1227 1592 αὐτοῖς
1247 1510 1267 1604 ή
1291 1514 1456 1602 πρόφασις

236 1615 480 1701 περιλείπητοιι.
524 1612 653 1698 μάθετε
674 1619 794 1694 τοίνυν,
818 1603 845 1680 ὦ
866 1613 1083 1700 χριστομόχοι
1100 1609 1278 1700 Ἀρειανοί,
1303 1611 1364 1681 ὅτι,
1379 1615 1456 1682 Θεό-

235 1737 381 1802 γνιαστος
402 1721 471 1801 μέν,
494 1708 575 1803 ἀνὴρ
597 1713 716 1800 λόγιος,
740 1709 779 1780 ού
801 1714 1015 1801 παρῃτήσατο
1038 1713 1076 1780 τὸ
1090 1713 1125 1782 iu
1138 1718 1197 1804 τῆς
1212 1710 1328 1794 ούσίας
1343 1715 1455 1783 εἰπεῖν.

236 1817 373 1904 γράφων
400 1816 462 1903 γὰρ
489 1813 570 1900 περὶ
597 1816 670 1882 υἱοῦ
698 1815 732 1882 ἐν
760 1817 808 1900 τῷ
837 1815 978 1902 δευτέρῳ
999 1818 1066 1881 τῶν
1087 1810 1337 1884 ύποτυπιόσεων
1359 1814 1458 1894 οὕτως

238 1917 379 2002 εἴρηκεν·
402 1913 460 1983 ούκ
481 1917 606 1996 ἔξωθέν
627 1923 679 1995 τίς
700 1915 791 1982 ἐστιν
813 1914 1034 2002 ἐφευρεθείσα
1056 1911 1149 2003 ήτού
1165 1916 1238 1982 υλού
1254 1912 1361 1999 ούσία,
1386 1913 1458 1984 ούδὲ

238 2015 272 2082 έκ
292 2016 337 2104 μή
362 2013 466 2083 όντων
489 2015 678 2104 ἐπειςήχθη,
702 2011 787 2083 ἀλλὰ
809 2016 844 2083 ἐκ
865 2021 923 2104 τῆς
944 2021 1003 2083 τοῦ
1026 2015 1154 2101 πατρὸς
1177 2011 1293 2096 ούσίας
1314 2018 1394 2106 ἔφυ,
1418 2015 1458 2096 ὦς

237 2115 432 2205 τσόφωτός
452 2117 491 2182 τὸ
515 2112 731 2203 ἀπαύγασμα,
756 2113 802 2195 ὥς
822 2114 945 2196 ύδατος
967 2113 1080 2203 ἀτμίς·
1111 2115 1187 2184 ούτε
1207 2117 1269 2203 γὰρ
1291 2118 1330 2185 τὸ
1352 2115 1459 2186 ἀπαύ-

237 2241 348 2303 γασμα
377 2215 453 2285 ούτε
479 2214 499 2304 ή
529 2214 626 2302 ἀτμὶς
654 2214 736 2284 αὐτὸ
758 2216 796 2284 τὸ
819 2214 907 2304 ύόιορ
931 2217 1020 2284 ἐστὶν
1041 2212 1063 2305 ip
1085 2215 1184 2298 αὐτὸς
1206 2215 1224 2284 ό
1246 2215 1356 2306 ἣλιος·
1387 2219 1460 2286 ούτε

238 2317 426 2405 ἀλλότριον,
457 2313 541 2386 ἀλλὰ
570 2315 737 2405 ἀπόρρυτα
765 2322 823 2406 τῆς
845 2323 903 2385 τοῦ
927 2317 1054 2405 πατρὸς
1077 2313 1208 2400 ούσίας,
1239 2315 1278 2386 ού
1299 2320 1458 2406 μερισμὸν

236 2415 463 2507 ύπομεινάσης
489 2424 547 2507 τῆς
573 2423 632 2486 τοῦ
662 2419 790 2505 πατρὸς
817 2414 941 2498 οὗσίας.
988 2417 1033 2497 τός
1060 2418 1121 2506 γὰρ
1150 2427 1257 2504 μένων
1286 2417 1459 2508 όήλιοςύ

237 2515 337 2599 οὗτός
359 2515 396 2586 ού
419 2525 573 2605 μειοῦται
593 2531 668 2598 ταῖς
691 2520 895 2606 έκχεομέναις
918 2514 973 2586 ἀπ’
999 2517 1099 2586 αὐτοῦ
1115 2516 1241 2606 αύγαῖς,
1265 2518 1370 2602 ούτως
1386 2519 1459 2589 ούόλ

235 2619 255 2711 ή
285 2618 383 2690 ούσία
407 2625 467 2689 τοῦ
495 2622 623 2710 πατρὸς
651 2617 829 2689 ἀλλοίωσιν
852 2618 1043 2706 ὑπέμεινεν,
1074 2620 1183 2688 εἰκόνα
1204 2623 1322 2710 ἑαυτῆς
1344 2623 1461 2706 ίχουσα

163 2745 165 2752 ⁴
235 2724 293 2792 τὸν
321 2726 401 2792 υἱόν.
448 2720 466 2792 ό
494 2725 554 2810 μὲν
583 2714 640 2790 σύν
665 2723 878 2809 Θεόγνωστος
906 2721 968 2788 1’τόν
997 2711 1220 2808 πρότεροίύς
1243 2723 1277 2791 ἓν
1298 2732 1461 2810 γυμνασίᾳ

236 2825 406 2906 ἐξετάσας,
430 2823 567 2912 ὕστερον
589 2824 647 2910 τήν
670 2825 788 2892 ἑαυτοῦ
812 2823 910 2903 δόξαν
933 2819 1053 2902 τιθείς,
1078 2819 1184 2903 οὕτως
1206 2825 1340 2912 εἴρηκεν.
1378 2831 1461 2894 Διο-

235 2926 348 3003 νύσιος
371 2929 406 2993 δὲ
430 2923 447 2990 ό
469 2926 641 3011 γενόμενος
663 2925 848 3002 ἐπίσκοπος
869 2926 927 3008 τῆς
946 2919 1194 3011 Ἀλεξανδρείας
1216 2925 1300 2992 κατὰ
1320 2927 1379 2992 τοῦ
1396 2933 1462 2991 Σα-

235 3027 368 3109 βελλίου
390 3025 527 3111 γράφων
534 3076 543 3105 ,
572 3025 631 3111 τήν
653 3049 689 3090 τε
710 3023 794 3090 κατὰ
816 3023 920 3108 σάρκα
942 3023 1131 3109 οἰκονομίαν
1153 3028 1212 3090 τού
1235 3029 1383 3113 σωτῆρος
1408 3027 1461 3093 διὰ

235 3123 400 3192 πλειόνων
424 3123 644 3211 ἐξηγούμενος,
668 3123 724 3191 καὶ
746 3125 781 3203 ἐξ
802 3121 902 3210 αὐτῆς
917 3124 1088 3210 διελέγχων
1103 3125 1180 3204 τούς
1193 3127 1460 3212 Σαβελλίζοντας,

237 3221 290 3290 ὅτι
316 3223 361 3310 μή
390 3220 407 3290 ό
436 3225 546 3312 πατήρ
574 3225 664 3292 ἔστιν
693 3221 711 3290 ὁ
740 3223 1026 3311 γενόμενοςσύρξ,
1050 3221 1118 3292 ἀλλ’
1145 3222 1303 3293 ότούτου
1325 3227 1424 3313 λόγος
1434 3233 1461 3306 ¹),

237 3319 282 3402 ὥς
305 3319 397 3392 εἶπεν
421 3322 438 3392 ό
457 3321 615 3413 Ἰωάννης,
639 3323 755 3413 ἐπειδὴ
779 3322 950 3413 ἀπενοήθη
974 3322 1019 3404 ὡς
1040 3333 1170 3414 ποίημα
1185 3327 1247 3395 καὶ
1260 3326 1395 3415 γενητόν
1412 3332 1462 3394 λε’-

235 3450 301 3511 γων
323 3423 381 3491 τὸν
402 3423 475 3494 ολὸν
497 3425 618 3514 καὶμὴ
642 3422 819 3510 όμοούσιον
840 3429 887 3512 τῷ
909 3433 1023 3512 πατρί,
1045 3427 1166 3516 γράφει
1186 3427 1273 3514 πρὸς
1292 3429 1350 3496 τὸν
1373 3425 1463 3514 ὁμού-

236 3551 338 3612 νυμον
361 3521 449 3613 αὐτῷ
471 3526 651 3596 Διονύσιον
673 3526 730 3594 τὸν
754 3527 939 3596 ἐπίσκοπον
959 3525 1089 3616 Ῥώμης,
1114 3525 1381 3616 ἀπολογούμενος
1405 3555 1462 3598 συ-

305 3699 329 3759 ι)
349 3700 414 3749 μοι.
435 3699 458 3759 1,
478 3699 518 3750 ιι.
557 3679 561 3686 ’

270 3833 291 3868 τ.
311 3817 350 3868 Sic
368 3818 423 3879 neg.
459 3819 488 3868 λι
511 3817 550 3866 olii
570 3824 593 3868 et
611 3817 667 3868 editi
685 3811 819 3877 δηλονότι.
876 3833 927 3880 nos,
946 3820 969 3868 irr
988 3820 1076 3883 quibos
1095 3820 1175 3868 minus
1192 3827 1257 3870 recte
1275 3819 1305 3870 de
1317 3819 1377 3870 Filio
1397 3822 1462 3871 ride-

269 3887 292 3935 h.
312 3885 341 3935 Ui
365 3885 409 3934 isia
428 3885 602 3946 iniciiiponiur,
628 3888 758 3935 notandum
778 3895 822 3947 est,
874 3895 913 3934 tur
932 3887 1069 3948 disserere;
1094 3885 1137 3936 sed
1162 3887 1185 3936 id
1211 3903 1265 3937 eom
1284 3889 1462 3938 exercitationis

236 3951 417 4015 Theognosium
440 3961 501 4002 ιεειι
526 3952 609 4000 Ρλιοῑίο
637 3953 749 4004 flihiiorh.
768 3954 820 4004 cod.
875 3960 965 4002 tontum
984 3954 1058 4014 georio
1077 3955 1207 4018 scripsisse
1224 3957 1256 4006 sii
1274 3955 1465 4014 S.Arhroosios,

238 4019 295 4070 106.
319 4029 413 4086 sepiem
438 4020 605 4086 composuisse
630 4021 767 4081 orationes,
798 4021 821 4070 in
874 4035 922 4070 non
942 4035 997 4070 vero
1016 4033 1043 4069 ex
1062 4023 1160 4085 proprie
1179 4031 1268 4084 oreore,
1286 4037 1358 4087 quam
1374 4023 1462 4088 ipsein

236 4101 337 4150 quorum
357 4089 478 4152 prioribus
497 4103 524 4137 sc
543 4087 821 4152 proecipocioseecndo
875 4087 958 4136 citime
983 4089 1093 4138 oratione
1123 4091 1241 4151 exposuit.
1283 4089 1374 4139 Eodem
1406 4093 1462 4140 item

236 4155 316 4203 minos
341 4157 473 4206 orihodoxo
497 4156 590 4206 ridetur
612 4155 701 4204 sentire
726 4156 756 4204 de
781 4155 822 4204 nei
874 4155 947 4205 modo
965 4167 1020 4204 eum
1039 4156 1136 4206 detondi
1155 4171 1227 4220 posse
1246 4157 1278 4206 eii
1291 4158 1400 4216 Pierios,
1421 4173 1462 4207 ιιι-

237 4220 306 4280 Filio,
325 4237 396 4286 quern
415 4225 509 4274 scilicet
526 4237 577 4273 rem
597 4229 701 4274 crociam
716 4223 824 4272 essedo·
877 4224 915 4272 ios
935 4225 993 4272 heco
1011 4231 1066 4272 suni
1084 4225 1168 4273 rerba:
1186 4216 1247 4272 υἱόν
1265 4218 1295 4273 δὲ
1312 4219 1399 4288 λέγων
1407 4219 1462 4272 κτί-

237 4295 289 4347 coi;
313 4297 337 4336 at
359 4290 382 4338 in
408 4294 509 4353 septimo
535 4298 558 4340 ci
576 4300 699 4355 postremo
717 4291 825 4340 orations
878 4301 936 4355 αμα
954 4281 1041 4338 αὐτόν
1059 4281 1462 4356 ἀποηιαίνεικαὶτιύνλογικαῑν

237 4355 370 4406 orthodoxo
388 4360 461 4406 sentis
478 4360 509 4406 do
526 4359 603 4418 Filio,
622 4359 652 4408 de
671 4373 719 4422 quo
738 4373 825 4422 nempe
873 4351 966 4440 μόνον
983 4351 1147 4412 ἐπιστατεῖν,
1166 4353 1212 4406 καὶ
1224 4350 1353 4414 ἀλλόττα,
1373 4351 1461 4436 ὥςπερ

237 4422 297 4472 haec
315 4423 395 4483 hebel,
414 4439 475 4488 quoe
487 4425 526 4474 hic
536 4427 629 4488 profert
639 4428 663 4475 S.
673 4426 824 4486 Athanasius,
879 4425 936 4492 Ι(λρι
955 4423 1024 4485 ἔνης,
1043 4420 1169 4491 ἐπιφέρει
1185 4425 1224 4474 τ’
1241 4419 1301 4492 cipi,
1321 4419 1375 4476 εἴτε
1385 4420 1474 4492 ὅμου·

238 4490 278 4553 qoi
296 4505 340 4553 per
358 4491 417 4540 hoec
434 4491 504 4541 serbo
523 4485 824 4558 τάπρότεραιιοτιίίυιί
878 4507 915 4572 ης
960 4489 1023 4574 sirpo
1042 4487 1185 4556 δυσσεβεῖς
1202 4441 1332 4548 innoxos.
1354 4487 1408 4542 εἴτε
1427 4487 1463 4544 cis

238 4563 303 4607 oeric
321 4559 440 4622 inteiligit,
459 4573 530 4624 quom
549 4562 644 4623 priores
664 4562 716 4610 eius
734 4563 825 4610 orelio-
877 4575 912 4608 αν
929 4573 969 4614 τις
986 4575 1058 4610 emor
1076 4554 1269 4626 ἐκβιασάμενος
1278 4556 1328 4622 τήν
1338 4553 1405 4628 ὑπὲρ
1416 4553 1464 4609 oei·
