3128 5052
450 355 597 400 errsrou
611 355 654 398 ιιι.
676 355 713 398 an
736 355 931 402 seueriounu.
1254 349 1313 412 tut

13 491 17 501 ¹
56 525 138 582 me,
167 505 277 568 Paulus
300 513 398 568 autem
420 505 464 568 sic
486 504 603 568 scribit:
626 505 665 567 ln
687 525 744 586 quo
768 517 795 570 et
810 509 966 571 erodentes
982 515 1094 591 storiati
1107 517 1189 587 estin
1212 523 1242 578 et
1257 514 1400 576 ite-nuo.

10 605 12 630 ²
60 627 171 670 rum:
202 607 302 670 Nolito
332 612 518 670 contristare
541 607 691 688 Spiritum
722 619 876 681 sunctum,
907 613 940 672 in
971 631 1028 692 quo
1056 619 1170 694 aipnoti
1190 620 1262 680 estt'a
1282 621 1316 680 in

60 711 164 772 diem
187 711 392 772 redemtionis.
438 708 560 786 Crestaq
588 717 687 772 autem
716 726 766 772 res
788 709 819 770 in
842 711 900 772 hoo
922 721 1073 790 unguntur
1094 725 1124 776 et
1146 717 1316 796 signantem

64 809 171 889 quod
196 809 222 870 si
251 817 367 872 creatae
394 827 443 870 res
472 809 503 870 iu
532 810 590 870 hoe
611 817 763 888 unguntur
785 817 815 872 et
836 809 999 890 signantur,
1022 833 1206 895 nequaquam
1229 837 1315 882 orea-
1360 825 1371 848 ⁸

10 925 12 942 ³
63 923 153 974 tura
178 910 269 973 luerit
289 911 434 991 Spiritus;
462 929 559 990 neque
588 911 666 972 enim
689 910 786 972 simile
809 919 857 973 est
878 913 958 990 qnod
980 914 1064 993 ungit
1083 914 1138 989 iis,
1161 937 1235 997 quae
1257 939 1315 982 un-

66 1020 208 1092 guntur.
252 1012 370 1074 Etenim
405 1013 478 1074 liaeo
510 1012 610 1074 unotio
637 1013 725 1074 flatus
757 1021 805 1074 est
825 1012 908 1086 Filii,
938 1023 971 1074 ut
992 1015 1043 1094 qui
1064 1015 1153 1079 habet
1174 1019 1317 1098 Spiritum

10 1115 11 1120 ’
69 1115 182 1176 dieat:
209 1113 325 1176 utnon
344 1114 441 1177 botrus
465 1115 542 1176 odor
564 1133 678 1176 somus.
723 1113 818 1174 Porro
841 1114 1024 1194 signaculum
1040 1117 1146 1180 Filium
1170 1120 1316 1198 exprimit,

11 1231 13 1252 ¹
71 1215 124 1276 ita
150 1223 185 1276 ut
206 1215 287 1294 quod
310 1215 446 1295 signatur
469 1214 579 1276 Christi
602 1217 726 1276 lormam
748 1215 871 1290 habeat,
895 1216 1192 1299 otrentenposroto:
1215 1221 1320 1286 Filioli

10 1335 12 1356 r
70 1321 153 1389 onai,
178 1335 254 1398 quor
276 1320 388 1378 lterum
407 1320 562 1397 portorio,
587 1318 679 1379 donor
700 1319 857 1396 formatur
880 1318 1019 1382 Clrristus
1042 1324 1075 1382 in
1097 1321 1192 1384 nolis.
1230 1321 1317 1395 Quod

75 1418 110 1478 si
138 1417 271 1496 Spiritus
292 1417 392 1480 honus
415 1417 491 1478 odor
514 1425 544 1478 et
565 1416 736 1478 lormaFilii
760 1427 816 1492 est,
839 1419 935 1498 palam
952 1429 1000 1480 est
1013 1419 1155 1500 Spiritum
1170 1441 1231 1486 uon
1249 1441 1317 1486 esse

10 1555 13 1566 ›
75 1526 274 1593 creaturam,
303 1518 543 1599 quandoquidem
572 1537 628 1580 neo
648 1519 758 1594 Filius,
795 1537 860 1582 oum
889 1520 919 1584 in
942 1522 1040 1583 torma
1062 1522 1159 1584 Patria
1182 1525 1237 1598 sit,
1271 1533 1318 1587 est

79 1631 237 1682 creatura.
283 1621 368 1682 Siout
396 1619 475 1682 eninr
503 1621 553 1701 qni
582 1621 662 1682 ridet
687 1621 795 1684 Filium
824 1621 904 1684 ridet
924 1622 1058 1697 Patrem,
1092 1624 1136 1688 sio
1158 1625 1207 1704 qni
1229 1625 1319 1688 habet

10 1741 13 1776 ι
78 1723 235 1802 Spiritum
264 1731 416 1796 sanetum,
449 1721 540 1784 habet
561 1732 591 1786 et
612 1722 734 1796 Filium,
767 1733 797 1784 et
819 1723 845 1784 si
867 1723 957 1786 habet
978 1724 1078 1799 illum,
1107 1725 1249 1806 templum
1271 1734 1319 1788 ost

13 1845 17 1852 ·
81 1824 162 1898 Dei,
190 1831 223 1886 ut
245 1823 353 1884 Paulus
384 1823 502 1886 scribit:
532 1823 662 1886 Nescitis
692 1829 763 1906 quin
792 1825 935 1906 ternplum
956 1826 1016 1890 Det
1035 1831 1107 1891 osus
1130 1841 1160 1892 et
1181 1827 1317 1910 Spiritus
1437 1821 1439 1828 ’

16 1949 23 1966 ·-
81 1925 148 1987 Dei
168 1925 284 1988 lsolitat
305 1929 337 1986 in
359 1923 468 1987 uoltis?
510 1925 638 1986 ioannes
661 1934 759 1988 autem
781 1925 836 1986 ait:
860 1927 897 1988 ln
920 1927 975 1990 ltoo
998 1933 1218 2008 roquosrimns,
1241 1948 1318 2011 qno-

82 2030 173 2088 niam
194 2030 226 2088 in
246 2026 311 2088 Deo
333 2045 486 2088 monemus
510 2036 538 2088 et
560 2030 624 2107 ipso
647 2031 679 2088 in
701 2028 796 2099 nolti,
820 2032 961 2109 quonium
984 2030 1018 2092 de
1040 2027 1161 2118 Spiritu
1183 2049 1240 2092 suo
1263 2032 1316 2092 rie-

10 2157 20 2191 :
84 2129 135 2188 dit
155 2126 254 2190 nobit.
299 2126 387 2200 Quod
409 2127 435 2188 si
458 2127 573 2202 Filium,
597 2128 665 2206 quia
687 2127 718 2188 in
741 2127 828 2189 Patre
850 2136 895 2191 est
917 2129 1048 2192 etPater
1069 2130 1197 2212 inipso,
1220 2131 1404 2196 cono-nos.

10 2279 14 2298 ,
86 2237 206 2288 teamur
233 2243 294 2288 non
323 2245 391 2290 esse
420 2237 602 2302 creaturam,
630 2247 754 2307 prorsus
783 2247 908 2292 neeesse
937 2240 983 2292 est
1004 2249 1061 2294 neo
1082 2232 1226 2311 Spiritum
1248 2251 1317 2296 esse
1416 2285 1435 2302 ,

10 2367 21 2397 κ,
87 2338 272 2404 ereaturam
302 2327 331 2390 iu
359 2329 428 2407 ipso
450 2347 577 2408 namquo
599 2329 692 2390 Filius
715 2338 777 2404 est,
808 2313 837 2392 ¹et
858 2330 922 2411 ipse
944 2331 975 2392 in
996 2331 1082 2393 Filio.
1128 2333 1319 2414 Quapropter

10 2469 16 2502 o
88 2430 141 2510 qui
163 2429 305 2510 Spiritum
330 2430 443 2510 ancipit,
466 2430 608 2511 ternplum
630 2431 683 2492 liei
706 2439 760 2494 est.
805 2431 934 2493 Rursum
956 2432 1025 2495 hino
1046 2451 1110 2496 rem
1130 2434 1318 2498 animadver-

10 2583 14 2610 ,
91 2539 157 2592 tere
184 2530 268 2604 licet,
302 2531 328 2594 si
352 2531 444 2593 Filius
476 2521 529 2594 liei
559 2531 688 2592 Verbum
712 2540 774 2606 est,
809 2550 887 2594 unus
909 2539 957 2594 est
979 2533 1066 2595 sicuti
1088 2534 1185 2597 Pater.
1234 2537 1318 2601 Unus

10 2615 19 2712 J,
92 2635 173 2694 onim
194 2631 278 2694 Deus
301 2651 340 2694 eoo
362 2652 420 2714 qno
444 2636 553 2704 omniu,
577 2645 605 2694 ot
627 2651 708 2694 unos
730 2631 879 2696 Dominus
902 2632 989 2696 lesus
1013 2634 1171 2698 Christus:
1193 2637 1319 2718 ideoque

10 2781 17 2814 ἵ
94 2732 263 2812 unigenitus
285 2733 378 2796 lilius
407 2734 503 2796 dictus
535 2733 723 2814 scriptusque
752 2742 814 2795 est:
843 2741 995 2796 creaturae
1026 2743 1125 2797 antem
1153 2736 1263 2798 multae
1286 2757 1319 2800 ao

10 2887 17 2918 4
92 2837 190 2896 variae
213 2845 294 2912 sunt,
317 2836 430 2915 Angeli,
452 2835 638 2915 Archangeli,
662 2835 831 2911 Cherubim,
854 2835 1050 2916 Principatus,
1074 2845 1104 2898 et
1125 2845 1250 2912 caetera,
1276 2839 1318 2900 uti

95 2936 203 3000 dietum
234 2947 291 2998 est
337 2938 424 3011 Quod
454 2938 480 2998 si
508 2937 577 3018 quia
598 2937 691 2999 Filius
718 2955 780 3000 non
809 2945 856 3000 est
876 2937 1054 3011 multorum,
1085 2938 1138 2999 sed
1162 2957 1239 3002 unus
1262 2949 1318 3014 est,

11 3114 16 3122 ι
96 3037 183 3098 siouti
205 3039 293 3100 Pater
321 3048 368 3100 est
395 3056 489 3113 uuus,
521 3057 582 3100 non
612 3047 659 3100 est
685 3047 836 3114 ereatura3
869 3057 939 3118 ergo
968 3057 1023 3102 neo
1044 3039 1173 3118 Spiritus
1196 3047 1317 3102 sanctus

10 3193 13 3226 ἱ
95 3141 226 3217 (oportet
247 3139 325 3202 enim
348 3158 382 3200 ex
395 3139 469 3201 Filio
482 3139 613 3220 Spiritus
636 3141 731 3203 sancti
754 3140 873 3220 assequi
895 3140 1042 3220 notitiam)
1065 3149 1198 3204 creatore
1220 3141 1318 3204 luerit.

10 3295 13 3328 ἱ
98 3239 163 3301 Non
185 3241 262 3304 enim
285 3241 448 3304 multorum
472 3251 528 3316 est,
552 3243 605 3304 sed
630 3261 706 3306 unus
730 3251 777 3305 est
798 3253 828 3305 et
849 3243 925 3323 ipse.

10 3827 12 3836 s
180 3751 210 3812 4.
255 3747 294 3808 Et
314 3748 372 3810 hoo
392 3747 487 3828 probe
507 3756 596 3809 norat
615 3746 795 3827 Apostolus,
824 3749 873 3829 qui
903 3748 959 3831 ait:
987 3745 1068 3808 liuor
1096 3759 1197 3811 autem
1220 3753 1320 3812 omniu

10 3907 11 3938 ἶ
103 3859 245 3929 oporatur
266 3868 348 3910 nnus
370 3859 459 3930 atque
479 3851 555 3912 idom
576 3849 735 3930 Spiritus,
759 3851 894 3913 dior‘dons
918 3846 1045 3928 srnqnlis
1063 3864 1164 3928 prout
1185 3849 1268 3921 onlt,
1291 3846 1345 3911 et*

133 4036 148 4084 l.
175 4037 273 4088 Gobler.
292 4045 316 4086 et
334 4037 440 4088 Felelrur.
462 4038 483 4088 i.
502 4031 516 4085 ὁ
536 4030 565 4086 tt
582 4027 682 4101 triptot-
737 4037 784 4087 Sul
803 4035 872 4085 lorus
890 4037 951 4087 bene
968 4039 1049 4097 habet,
1068 4045 1138 4103 nque
1156 4045 1229 4101 prout
1247 4036 1322 4100 liquet

133 4117 153 4164 t·
171 4106 271 4168 Regem
288 4105 359 4168 Sequ.
377 4099 424 4152 καὶ
441 4097 469 4154 ἐκ
486 4099 593 4153 τούτου.
624 4103 683 4154 tuto.
738 4119 765 4154 ex
783 4103 846 4152 serie
864 4111 890 4153 ot
907 4108 1019 4168 superins
1038 4105 1220 4156 vertendosest.
1256 4105 1321 4154 lnlrr

103 4161 125 4219 ri
140 4163 212 4221 ἔστιν
230 4165 244 4220 ὁ
263 4165 321 4226 υἱὸς
339 4171 387 4220 τοῦ
405 4172 473 4222 θεοῦ
490 4169 571 4237 λόγος
589 4163 684 4224 ὥςπα-
736 4172 794 4233 itaq.
812 4168 853 4218 Χε
872 4173 973 4238 ουβειμ.
1011 4173 1103 4223 ibidem
1124 4174 1183 4222 haer
1200 4163 1320 4236 ἄγγελοι,

106 4231 159 4304 riq,
177 4227 216 4296 elo
232 4233 315 4290 ἐστιν.
354 4241 395 4291 Sir
413 4243 468 4304 lteg.
487 4243 586 4304 Sequor.
598 4249 621 4290 et
633 4240 682 4290 rlii·
735 4230 844 4316 oippoiyy
873 4251 909 4294 ot,
923 4235 1067 4354 pqpoossip,
1087 4231 1179 4307 ἀρχαί,
1191 4232 1320 4296 ἐξουσίαι,

106 4305 160 4358 liditi
176 4323 232 4360 roro
249 4304 333 4375 λόγου
352 4309 441 4370 hahent
460 4309 585 4359 mendose.
615 4309 684 4360 lione
734 4319 780 4354 και
799 4319 833 4353 τα
850 4299 932 4362 ἄλλα,
974 4321 1037 4376 orep
1056 4300 1163 4376 εἴρηται
1186 4309 1273 4360 dosunt
1298 4311 1321 4358 in

107 4373 177 4426 lorum
195 4379 272 4442 probe
290 4377 407 4427 intellexit
424 4375 555 4436 Erasmus,
579 4378 619 4440 qui
638 4378 684 4426 hoe
736 4374 834 4426 Gobler.
853 4381 878 4424 et
894 4374 998 4426 Felolrm.
1019 4377 1040 4424 l.

107 4443 170 4492 notio
195 4446 278 4494 vertit:
307 4445 333 4494 Si
355 4445 431 4494 Fs'ttnr
455 4451 488 4493 ost
514 4445 557 4494 uei
582 4445 682 4506 totum,
833 4477 837 4486 ·
1152 4477 1175 4489 -·

106 4523 159 4560 unus
175 4518 208 4562 ert
226 4514 296 4564 rituti
312 4513 384 4562 Pater.
421 4511 526 4561 Felolim.
544 4525 600 4562 nero
615 4521 684 4576 puts·
759 4477 853 4556 »h'·s¹⁰
871 4476 927 4538 Μ’
946 4475 1078 4538 asem·
1114 4477 1176 4527 Ed¹¹¹
1194 4487 1323 4544 mmmm

107 4575 135 4624 rit
154 4577 279 4642 legentum
304 4581 370 4632 osso·
385 4571 409 4628 ri
430 4563 468 4633 eir
490 4571 566 4630 ἔστιν
584 4571 598 4628 ὂ
616 4572 681 4634 υἱός.
737 4558 785 4593 ⁰¹¹²
802 4557 851 4594 ἔτ’·

1064 4659 1120 4711 to*
