3110 5064
246 343 291 408 28
528 399 532 406 ,
775 357 952 406 sumsero.

243 529 329 592 spem
353 525 472 574 omnem
494 507 598 572 salutis
620 509 753 588 pendere
780 519 933 584 censeret,
962 527 1086 574 omnem·
1102 510 1193 572 vitam
1219 529 1304 574 snam
1326 529 1470 576 consum·
1549 487 1550 568 ἶ

243 611 332 683 sisse,
354 629 410 691 pro
432 608 633 673 incolumitate
654 609 785 672 raritatis
808 609 923 674 divinae
947 629 980 674 se
1002 595 1348 692 insidiae'perieulisque
1380 613 1469 676 obtu-
1549 641 1550 696 3

239 713 317 776 iisse
339 713 505 776 etadversa
521 710 641 790 quaeris
657 711 727 774 lorti
751 712 949 776 occonstanti
971 712 1071 776 animo
1093 713 1223 776 subiisse
1242 723 1274 776 et
1288 733 1360 776 voro
1382 714 1470 776 etism
1549 713 1550 792 l

242 814 324 878 iusto
346 816 378 876 in
400 813 504 876 hostes
528 811 598 874 odio
632 831 746 894 eosque
774 813 951 894 profligandi
980 814 1081 876 studio
1103 815 1266 889 exarsisse,
1300 815 1374 878 haec
1401 815 1471 878 tatia
1549 817 1550 832 ¹

242 915 310 996 quis
332 933 394 976 non
410 914 566 978 eruhescat
578 913 772 995 vituperando
788 913 943 995 affligere?
971 914 1090 977 hlodum
1107 916 1291 978 excesserint
1304 915 1467 996 Gregorius
1549 959 1550 962 κ

240 1016 445 1080 Nazianzenus
468 1015 575 1096 aliique
589 1023 704 1078 veteres
719 1016 749 1078 in
764 1015 918 1079 laudandis
932 1014 1085 1078 Athanasii
1106 1015 1276 1091 virtutihus,
1289 1027 1371 1080 certe
1392 1035 1469 1096 pro·
1549 1009 1550 1080 l

241 1117 404 1184 habiliores
425 1135 505 1180 nunc
525 1117 614 1180 nobis
637 1117 774 1182 ridentur
794 1117 854 1180 iilis
876 1134 994 1180 morum
1014 1117 1274 1196 vituperatoribus.
1295 1171 1300 1180 .

327 1221 386 1283 Sed
409 1219 477 1300 plus
498 1218 548 1280 hic
569 1227 672 1282 nostra
693 1220 785 1282 reiert
798 1218 898 1282 ridere
920 1219 958 1280 de
966 1217 1128 1280 Athanasio
1149 1218 1289 1298 theologo
1312 1226 1342 1280 et
1362 1218 1469 1300 dispu-
1549 1217 1550 1224 ’

241 1332 336 1388 tstore
358 1321 454 1402 deque
469 1319 604 1382 vindiciis
626 1318 819 1399 principatus,
842 1339 900 1400 quo
916 1338 985 1382 sum
1005 1318 1126 1398 dignum
1142 1337 1210 1382 esse
1229 1319 1367 1383 diximus.
1411 1319 1469 1380 Et-

240 1425 320 1490 enim
342 1421 505 1485 verendum
521 1429 578 1493 est,
601 1438 638 1482 ne
653 1420 780 1482 lectores
794 1419 873 1482 haud
887 1419 974 1500 pauci
988 1421 1020 1482 in
1035 1419 1156 1500 scriptis
1178 1419 1333 1500 polemicis
1354 1419 1469 1499 passim
1549 1479 1550 1484 ,

240 1524 393 1586 offendant
415 1530 445 1584 et
459 1522 532 1585 -iure
553 1521 737 1600 reprehensa
758 1529 878 1601 putent,
901 1539 976 1601 quae
999 1528 1097 1582 tamen
1120 1521 1257 1584 idoneam
1280 1521 1390 1608 hahent
1412 1539 1468 1584 en·

240 1624 425 1688 cusationem
447 1641 544 1702 neque
558 1621 751 1686 Athanasium
774 1621 945 1684 inferiorem
967 1621 1079 1686 laniunt
1099 1622 1164 1684 aliis
1187 1622 1234 1684 sui
1257 1607 1367 1684 saeculi
1387 1615 1467 1684 scri-

238 1725 374 1806 ptoribus
397 1725 443 1786 sel
464 1722 741 1804 praestantissimis.
785 1723 829 1785 lta
861 1723 961 1806 negari
995 1724 1116 1786 omnino
1148 1741 1209 1784 non
1231 1729 1351 1803 potest,
1383 1722 1469 1786 illum

240 1825 272 1890 in
294 1825 545 1907 disputationibus
568 1843 629 1888 non
651 1843 770 1907 semper
791 1843 866 1900 canu
890 1843 965 1904 quae
980 1825 1065 1886 deoet
1078 1823 1260 1906 theologum,
1283 1824 1469 1886 moderatio·
1549 1859 1550 1882 t

240 1947 308 1990 nem
332 1927 524 2002 observasse,
555 1927 608 1988 sed
631 1927 737 1988 ardore
765 1925 898 1990 haeresis
928 1926 1142 2005 oppugnandae
1164 1933 1195 1988 et
1215 1926 1391 1988 evertendae
1411 1925 1468 1986 ab·
1549 1999 1550 2004 γ

237 2036 357 2109 septum
387 2047 476 2109 saepe
507 2023 644 2092 boethius
667 2037 696 2090 et
723 2027 970 2091 contumeliosius
992 2028 1022 2088 in
1044 2027 1170 2090 drianos
1202 2027 1347 2090 intectum
1381 2043 1468 2088 esse:
1549 2049 1550 2056 ¹

238 2139 439 2195 verumtamen
472 2129 524 2209 qui
545 2128 657 2192 erroris
689 2129 860 2209 gravitatem
893 2128 1075 2208 pericuhuue
1096 2128 1166 2190 inde
1188 2127 1330 2208 ecclesiae
1364 2127 1468 2190 immi·
1549 2197 1550 2212 χ

239 2233 339 2296 nentis
362 2230 593 2310 magnitudinem
616 2231 790 2310 expenderit
811 2241 841 2292 et
861 2230 1036 2292 recordatus
1065 2230 1154 2290 luerit
1179 2227 1395 2308 disputantium
1415 2228 1469 2290 illa
1549 2271 1550 2276 η

239 2342 336 2396 astate
358 2350 457 2394 mores
491 2339 579 2410 atquo
601 2331 780 2395 hrianorum
810 2330 943 2410 ipsorum
976 2329 1204 2409 impudentiam,
1237 2329 1264 2392 is
1297 2347 1488 2410 propensus.

239 2436 297 2498 erit
317 2435 354 2496 ad
375 2433 564 2514 asperitatem
597 2432 676 2494 illam
710 2432 916 2496 escusandam.
969 2429 1004 2492 ln
1029 2443 1090 2510 uuo
1123 2431 1233 2494 nimius
1264 2432 1393 2494 tortasse
1422 2440 1470 2493 est

240 2534 492 2606 llontlauconius3
514 2534 565 2614 qui
587 2534 618 2596 in
637 2535 832 2614 praefatione
853 2535 886 2597 ia
907 2535 1055 2594 uniuerso
1075 2551 1101 2593 a.
1123 2531 1284 2594 Athanasii
1304 2549 1398 2612 opera
1418 2531 1468 2594 ed.

238 2638 337 2702 Potor.
367 2637 454 2698 Toma
475 2634 499 2697 l.
522 2653 553 2716 p.
576 2633 687 2698 xxttt..
713 2635 749 2696 de
782 2633 857 2714 stylo
880 2633 1033 2695 Athanasii
1064 2633 1219 2696 disserens
1251 2632 1372 2698 scribit:
1410 2633 1468 2708 „ln

237 2739 397 2821 polemicis
413 2738 492 2800 onim
523 2736 650 2800 maxime
682 2745 806 2800 aetatem
839 2734 992 2809 contrivit,
1023 2753 1129 2798 curans
1163 2753 1282 2816 semper
1311 2753 1349 2796 no
1370 2734 1468 2799 aliena

237 2843 374 2923 dogmata
395 2841 631 2918 hunnorumque
653 2855 745 2900 ausus
772 2837 852 2916 plebi
879 2836 1040 2900 catholicae
1071 2837 1140 2918 quid
1169 2843 1363 2917 apportarent
1383 2836 1466 2902 mali.

238 2943 302 3006 litai
322 2960 394 3004 vero
422 2959 511 3020 asper
532 2946 580 3000 est
601 2946 632 2999 et
659 2939 762 3000 sannis
791 2937 1027 3016 maledictisque
1043 2938 1166 3016 plenus,
1195 2937 1314 3018 quando
1342 2958 1392 3000 res
1416 2947 1467 3000 est

237 3043 281 3106 illi
302 3049 405 3106 oontm
428 3039 610 3104 haereticos:
644 3056 732 3100 nemo
756 3045 941 3111 toneneas,
973 3037 1024 3116 qui
1057 3047 1212 3118 perspecto
1234 3039 1464 3115 haeretieorum,

236 3144 364 3208 mammo
384 3141 446 3202 Arii
467 3139 638 3218 sequacium
660 3137 837 3218 pertinacia,
865 3139 983 3211 surore,
1011 3138 1194 3202 immanitate
1213 3141 1244 3200 in
1267 3141 1464 3218 Christianos,

236 3245 268 3308 in
290 3243 460 3324 episcopos,
482 3239 647 3320 proborum
669 3239 739 3300 item
761 3239 917 3301 hominnm
939 3239 1124 3313 earnificina,
1146 3241 1177 3302 in
1199 3239 1330 3303 nelarios
1352 3242 1465 3338 ahquid

236 3343 443 3410 inclementius
477 3340 588 3407 dictum
619 3339 789 3402 arbitretur.
843 3342 957 3419 dspere
990 3339 1105 3404 scilicet
1135 3341 1195 3420 agit
1220 3340 1362 3415 inanes,
1386 3343 1465 3422 -quia

236 3447 311 3510 nihil
342 3451 445 3508 oontm
478 3451 587 3506 tantom
620 3442 679 3504 vim
711 3442 779 3504 sine
800 3441 827 3503 vi
850 3442 914 3504 lieri
935 3450 1066 3520 poterat:
1103 3451 1134 3504 et
1154 3441 1282 3503 remisso
1314 3442 1463 3522 depellere

235 3551 352 3612 loroces
372 3545 522 3617 homines,
542 3543 629 3608 lateri
651 3551 714 3604 erat
734 3542 866 3606 dillisum
888 3561 923 3605 se
944 3562 1050 3606 causae
1073 3561 1174 3628 suae„
1197 3541 1261 3604 Etsi
1282 3561 1354 3606 vero
1375 3561 1461 3606 mor-

234 3650 287 3712 det
306 3647 428 3718 amilon,
462 3663 528 3707 oum
560 3643 718 3707 insolentis
751 3644 907 3708 criminum
929 3653 980 3706 aut
999 3645 1158 3708 haeresum
1180 3645 1331 3707 temeritas
1352 3663 1463 3708 aorem

233 3749 364 3832 posmlat
386 3753 552 3820 oratorem
574 3745 625 3808 ubi
647 3752 746 3808 nmen
767 3763 817 3808 res
838 3745 879 3806 illi
903 3754 950 3808 est
971 3765 1038 3808 cum
1060 3745 1237 3808 adversariis
1258 3746 1385 3836 aliquem
1407 3765 1462 3810 ae-

234 3851 286 3932 qui
299 3850 430 3929 bonique
451 3846 599 3909 rationem
621 3846 800 3920 tenentibus,
824 3845 925 3909 sobrie
946 3865 980 3908 ao
1000 3847 1163 3926 prudenter
1178 3847 1267 3908 rerho
1289 3849 1366 3921 lacit,
1380 3848 1463 3910 mol-

236 3953 328 4034 litque
360 3955 476 4013 caimos
500 3959 529 4010 et
558 3959 706 4029 temperet
727 3952 827 4012 irus.“
870 3949 943 4010 Cum
965 3948 1012 4010 hia
1041 3947 1201 4010 cohaerent
1222 3949 1277 4010 alia
1298 3948 1461 4012 Athanasio

235 4071 302 4116 cum
335 4049 569 4132 disputatoribus
603 4049 666 4113 eius
688 4051 791 4114 aetatis
818 4049 968 4129 plerisque
1002 4048 1139 4112 omnibus
1169 4050 1352 4124 communia,
1384 4070 1462 4131 quae

234 4153 395 4216 lectoribus
411 4171 448 4214 ex
463 4152 607 4217 hodierna
621 4150 775 4230 disciphna
798 4151 963 4231 theologica
978 4169 1028 4212 res
1051 4137 1247 4216 iudicantibus
1269 4151 1460 4231 dispumant:

234 4253 300 4316 dico
322 4261 403 4320 artes
424 4253 490 4316 illas
517 4252 684 4316 dialecticas
712 4251 777 4314 sire
804 4251 939 4315 eristicas
961 4269 997 4314 ex
1025 4252 1227 4333 sophistarum
1250 4262 1280 4316 ot
1306 4253 1461 4318 rhetorum

234 4353 346 4418 scholis
368 4363 539 4435 perceptas,
568 4353 674 4436 quibus
698 4359 821 4414 utuntur
849 4355 885 4416 ad
907 4353 1093 4417 adversarios
1117 4355 1154 4418 de
1176 4361 1256 4418 statu
1277 4355 1459 4418 deliniendos

235 4475 397 4536 eorumque
418 4455 476 4518 tela
497 4455 681 4538 depellenda,
703 4453 875 4518 methodum
896 4455 1064 4538 disputandi
1086 4449 1153 4522 κατ’
1179 4453 1384 4541 οἰκονομίαν,
1408 4477 1458 4520 ar-

235 4568 371 4638 gumenta
404 4559 484 4624 dictu
519 4557 655 4640 speciosa
686 4559 790 4642 potius
821 4575 909 4638 mom
936 4577 1005 4622 vera
1034 4567 1067 4624 et
1091 4561 1198 4624 iustam
1223 4560 1372 4640 probandi
1400 4561 1462 4624 vim
