3158 5050
490 350 633 392 neesroea
649 351 668 392 1.
685 352 720 394 ao
737 349 931 394 scansiones.
1258 337 1319 402 687

76 503 255 583 profunda
277 500 342 563 Dei.
390 501 466 575 Quis
494 507 571 564 enim
602 505 659 565 seii
686 521 761 583 qum
780 501 1002 562 sisui-laminis
1024 505 1087 562 uisi
1107 505 1241 583 Spiritus
1265 505 1404 566 tic-sac.

83 607 200 674 ruinis,
223 608 275 684 qui
294 605 413 680 inipso
436 601 505 664 est?
526 607 571 668 ito
592 614 621 665 et
643 621 718 683 puae
731 603 791 672 Dei
811 613 884 664 sunt
906 621 989 664 nuno
1014 607 1151 682 copuooit
1173 608 1234 665 uisi
1247 605 1320 686 Spi-

82 711 181 768 ritus
203 705 269 790 liei.
301 702 377 765 'Nos
400 715 500 766 autem
521 723 585 768 non
606 707 748 784 spiritum
769 705 876 766 mundi
896 707 1072 785 accepimns,
1096 707 1147 766 sed
1162 703 1319 792 Spiritum,

85 811 152 886 qui
172 823 211 868 ete
232 805 294 866 lieo
318 815 372 878 est,
396 816 431 867 ut
452 811 580 868 secamus
604 825 678 887 quoe
700 825 719 868 a
740 805 803 868 Dea
827 808 940 867 donata
962 819 1034 869 suut
1056 808 1152 869 uadis.
1196 807 1232 868 Et
1253 817 1322 887 posi
1425 819 1431 838 ·

84 925 205 988 pauso:
229 906 366 978 Nescin's,
390 911 460 988 puio
482 907 623 989 ternplum
639 909 696 970 liei
716 913 788 973 estis
811 917 840 970 et
854 907 990 988 Spiritus
1005 907 1064 970 Dei
1084 908 1198 972 dabitat
1219 914 1250 972 in
1266 929 1321 972 oo-

89 1007 171 1071 his?
212 1007 266 1070 Et:
296 1007 355 1070 Sed
377 1008 476 1070 adiuti
495 1013 582 1080 estis,
606 1011 658 1072 sed
678 1009 863 1090 sanctificati
882 1015 968 1081 estis,
998 1011 1050 1072 sed
1071 1011 1229 1092 iustificati
1249 1017 1321 1074 estis

86 1114 130 1170 in
154 1114 272 1172 nomine
293 1109 417 1172 Domini
436 1115 537 1174 nostri
556 1110 627 1174 lesu
652 1107 766 1173 Cdristi
795 1120 824 1172 et
851 1115 884 1172 in
905 1110 1026 1191 Spiritu
1048 1111 1106 1174 Dei
1131 1119 1241 1174 nostri.
1285 1113 1322 1174 Et
1369 1153 1371 1162 .

84 1231 219 1272 rursus:
242 1211 323 1274 Haec
346 1222 445 1274 autem
469 1217 566 1274 omnio
590 1226 737 1294 operatur
757 1231 838 1276 ussus
862 1224 890 1276 et
911 1213 988 1276 idem
1009 1213 1164 1293 Spiritus,
1188 1217 1322 1278 dios'dens

85 1317 225 1396 proprie
247 1314 390 1391 siupulis,
411 1325 507 1394 praui
530 1314 605 1378 uult.
649 1313 701 1374 Et:
731 1314 878 1376 Dominus
901 1323 1002 1376 autem
1023 1313 1158 1395 Spiritus
1181 1327 1242 1392 est,
1272 1317 1325 1379 udi

86 1425 199 1476 autem
221 1413 355 1495 Spiritus
379 1415 506 1486 Domini,
530 1417 573 1478 iii
593 1415 726 1479 libertos.
771 1415 844 1476 Vide
867 1417 953 1478 mam
977 1416 1126 1496 quomodo
1148 1417 1184 1478 ed
1207 1417 1323 1480 Galatas

84 1517 145 1576 his
169 1514 266 1576 verbis
289 1513 413 1576 scribet:
447 1515 484 1576 Ut
507 1517 668 1580 benedictio
691 1519 830 1582 Adralsae
858 1519 946 1599 fieret
968 1523 1005 1580 in
1030 1519 1150 1582 Christo
1173 1519 1258 1592 lesu,
1287 1532 1323 1583 ut

78 1617 346 1698 pollicitationem
375 1617 512 1698 Spiritus
541 1623 798 1700 accipiamusper
819 1620 918 1700 fidem.
961 1619 998 1681 Et
1019 1621 1141 1682 ilerum:
1172 1621 1324 1695 Quoniam

85 1729 199 1782 autem
220 1721 292 1780 estis
314 1719 386 1799 filii,
415 1723 497 1781 misit
516 1715 598 1782 Deus
622 1719 773 1801 Spiritum
794 1720 866 1782 Filii
891 1726 941 1784 sui
960 1725 994 1784 in
1017 1723 1110 1786 cordo
1133 1733 1236 1786 oestro
1260 1724 1323 1785 cla-

83 1831 245 1883 mantem:
273 1819 362 1891 Addo,
386 1819 487 1882 Pater.
531 1819 718 1902 Itaqueiam
739 1841 802 1884 nou
824 1841 854 1884 es
877 1841 995 1895 servus,
1019 1824 1071 1886 sed
1091 1824 1187 1904 filius.
1235 1825 1324 1898 Quod

82 1926 120 1984 si
144 1920 240 2000 pilius,
264 1929 292 1982 ei
314 1921 401 1984 derce
416 1919 476 1982 Dei
492 1941 551 2003 per
568 1921 732 1985 ceresium.
775 1923 855 1984 llaec
871 1941 989 2002 quiaque
1005 1925 1069 1984 eius
1085 1934 1156 1987 sunt
1170 1925 1206 1986 sd
1220 1925 1321 2004 Ephe·
1401 1985 1402 1988 ,

88 2023 169 2084 sios'
186 2021 289 2083 serbo:
319 2021 356 2084 Et
382 2023 477 2085 nolite
506 2028 691 2085 contristare
713 2024 865 2103 Spiritum
886 2037 1024 2086 sanctum
1045 2024 1116 2100 Dei,
1145 2030 1177 2086 in
1200 2045 1256 2106 quo
1280 2031 1323 2088 si-

86 2128 186 2205 puori
206 2129 278 2186 estis
301 2128 333 2185 in
356 2125 431 2186 diem
453 2125 655 2187 redemtionis.
682 2113 737 2185 'Et
751 2142 875 2186 rursus:
899 2125 1020 2186 Soliciti
1038 2144 1164 2189 servare
1177 2132 1325 2190 unitatem

87 2227 236 2324 Spim'tus
258 2229 291 2288 in
314 2225 433 2288 vinculo
455 2230 550 2307 pacis.
593 2227 636 2288 dd
659 2225 865 2305 Philippenses
888 2241 959 2288 vera
975 2227 1050 2288 hoec
1071 2227 1324 2290 confidentissime

88 2327 215 2390 scribit:
248 2325 454 2412 Quidfleuiml’
482 2329 552 2389 dam
580 2331 662 2390 omni
686 2329 773 2390 ruodo
803 2331 867 2389 siae
893 2347 949 2410 per
981 2332 1164 2392 occasionem
1186 2334 1249 2392 sire
1267 2347 1326 2409 per

89 2433 257 2492 veritatem
281 2427 419 2492 Carisius
442 2432 659 2499 annuncietur,
693 2439 722 2490 et
751 2433 783 2490 in
806 2430 1012 2508 despondeo,
1046 2429 1097 2492 sed
1125 2440 1153 2492 et
1179 2430 1324 2508 paudedo.

95 2529 169 2591 Scio
192 2533 282 2601 enim,
315 2534 386 2610 quia
415 2529 469 2591 leae
490 2531 564 2590 milii
580 2533 740 2610 proveniet
762 2529 951 2592 adsalutem
969 2548 1028 2610 per
1050 2541 1185 2592 oestron
1207 2535 1325 2594 oratio-

93 2649 169 2693 nem
190 2641 218 2693 ιι
238 2632 547 2694 subministrationem
569 2631 704 2710 Spiritus
727 2630 797 2692 lesu
821 2631 950 2706 Christi,
983 2631 1147 2694 seeundum
1169 2643 1326 2710 suspecto-

94 2737 212 2797 tiouem
233 2741 261 2794 et
283 2721 365 2812 'spe'm
386 2751 490 2804 meam
513 2735 583 2814 puio
605 2737 638 2794 in
660 2731 746 2794 nullo
770 2733 955 2810 confundar.
999 2732 1053 2793 Et:
1084 2732 1147 2795 Nos
1170 2738 1325 2796 enimsu-

91 2853 165 2896 mus
189 2837 392 2906 circumcisio,
423 2838 475 2914 qui
495 2833 629 2912 Spiritui
649 2833 708 2894 liei
727 2837 876 2896 servimus
905 2845 934 2896 et
949 2833 1127 2913 ploriomur
1148 2838 1180 2896 in
1204 2835 1409 2897 clericionem.

91 2936 181 2998 lesu.
227 2935 263 2996 Ei
284 2935 320 2996 ad
337 2935 638 2996 Thessalonicenses:
661 2934 767 3016 ltaque
781 2939 835 3015 qui
846 2938 973 3014 speruit,
996 2953 1059 2996 non
1074 2934 1222 2998 hominem
1236 2953 1325 3016 sper-

92 3041 155 3108 uit,
179 3037 230 3099 sed
251 3035 356 3109 lieum,
380 3041 432 3118 qui
452 3039 504 3099 dat
527 3035 677 3117 Spiritum
692 3046 830 3098 sanctum
851 3053 940 3098 saum
961 3040 994 3097 in
1016 3037 1111 3098 oodisc
1154 3037 1324 3098 Haecitem

94 3137 138 3198 ad
161 3135 311 3198 Hebraeos
335 3139 451 3201 scribit:
475 3137 539 3200 Hoc
562 3138 752 3219 sipnificaute
774 3137 896 3217 Spiritu
918 3148 1032 3208 sancta,
1055 3139 1186 3199 nondum
1207 3155 1325 3218 propa-

96 3241 196 3302 lotom
216 3259 279 3302 esse
301 3251 477 3302 sanctorum
500 3245 579 3302 uiam
600 3239 697 3304 adduc
717 3243 823 3319 priore
845 3238 1039 3300 tabernaculo
1063 3223 1187 3302 laedente
1201 3249 1324 3301 statum.

84 3429 189 3477 ·hsbsut
214 3421 261 3475 nni
289 3419 422 3490 γολάταις
446 3417 544 3474 πάλιν·
570 3418 616 3475 ἵνα
643 3433 687 3476 etc.
740 3426 877 3489 Scriptores
902 3435 987 3474 textas.
1024 3425 1137 3476 octobon.
1157 3420 1186 3472 σι’
1200 3419 1255 3490 γὰρ
1275 3415 1326 3474 iim.

96 3497 192 3546 laidem
211 3509 256 3560 pra
281 3495 318 3544 lais
337 3495 415 3544 serbis
434 3477 465 3542 οὗ
484 3488 513 3543 δὲ
531 3488 562 3541 cd
580 3493 688 3560 πνεῦμα
740 3487 929 3544 ‚lliietedilirl
946 3487 975 3541 δὲ
995 3483 1090 3541 deesse.
1127 3493 1326 3542 lloxliobleriso.

97 3557 212 3628 κυρίου,
238 3563 294 3624 flag.
318 3561 340 3611 2.
367 3563 437 3611 halet
467 3547 498 3610 od
527 3557 557 3610 ii
585 3555 685 3630 κύριος.
741 3561 844 3610 Felcku.
859 3562 880 3610 1.
899 3570 923 3609 el
940 3563 1039 3622 Scpuer.
1059 3552 1186 3622 σἰληθιίςί·
1205 3554 1327 3625 Χριστὸς

100 3633 162 3679 ltem
181 3629 238 3678 ibid.
258 3631 313 3710 ¹³2⁸·
327 3631 349 3679 l.
368 3639 390 3679 st
408 3631 480 3690 Secu.
498 3624 553 3678 inei
569 3632 687 3680 amittant.
740 3622 794 3696 γὰρ
812 3624 1028 3693 καταγγέλλεται.

100 3699 155 3746 slsis
183 3697 254 3746 iidem
281 3711 295 3743 a

101 3757 185 3832 ὁρᾶτε
203 3761 268 3816 ucis.

298 3710 332 3764 θα
358 3691 387 3746 δὲ
413 3697 478 3750 ³⁰³³·
514 3699 559 3747 ΛΜ
586 3709 609 3748 ⁶²
633 3699 690 3747 ‘dm
776 3729 797 3777 ι.
818 3731 858 3778 su
876 3731 931 3792 neg.
946 3729 966 3778 1.
985 3729 1084 3790 sepner.
1104 3730 1288 3780 canliacum.
1304 3731 1326 3780 1.

136 3850 158 3895 g.
183 3827 230 3880 καὶ
253 3824 334 3880 πάλιν
357 3835 530 3895 ahmam
551 3834 572 3881 ¹·
591 3833 690 3893 seem
742 3798 873 3912 eldnplic.
909 3804 936 3846 ll
959 3797 1017 3858 fleg.
1036 3796 1156 3846 leand.
1180 3799 1283 3848 Falcltm.
1303 3797 1328 3848 2.

740 3877 811 3928 ιιιιριι
831 3859 915 3913 οιιὶσν.
960 3865 1021 3914 Ediii
1042 3859 1228 3932 'numdandum
1276 3867 1328 3917 llcx

743 3935 812 3983 serbe
832 3925 875 3980 dre
892 3925 922 3981 ir
937 3923 1027 3981 οὐδενὶ
1045 3925 1266 4000 αἰσχυνθήσομαι
1284 3936 1328 3985 de-

743 4009 800 4051 sunt
823 4001 846 4050 in
871 4001 967 4051 Gobler.
993 4011 1016 4050 et
1032 4000 1137 4051 Felclm.
1157 4003 1179 4051 1.
1198 4005 1238 4068 qui
1256 4003 1328 4053 iidem

743 4071 804 4118 inire
825 4069 926 4118 hebeni:
944 4063 989 4116 nai
1003 4065 1245 4118 Θεσσαλονικεῦσι·
1265 4063 1279 4118 d
1298 4065 1330 4120 di

743 4127 853 4185 ἀθετῶν
870 4145 915 4187 etc.
950 4132 1133 4188 alicarnassi
1149 4131 1178 4186 ἒν
1195 4132 1329 4204 πνεύματι

742 4203 819 4255 θεοῦ.
855 4205 945 4254 lbldem
971 4201 1000 4253 oi
1024 4215 1078 4256 onie
1102 4201 1329 4272 σίαμαρισρεῖιαι

743 4282 767 4323 ei
796 4281 852 4337 pasl
880 4271 1030 4339 τοιγαροῦν
1052 4275 1121 4324 elcesi
1144 4291 1157 4323 ι
1182 4277 1238 4337 lleg.
1261 4275 1281 4324 l.
1306 4281 1328 4322 st

743 4343 842 4404 Segacr.

100 3903 249 3980 §abiceret
271 3901 374 3952 Felclm.
395 3904 415 3950 l.
451 3901 543 3951 luidem
562 3901 649 3962 Regius
667 3899 691 3950 2.

100 3983 163 4018 ισιε
182 3981 284 4027 uentos.

137 4039 160 4088 h.
186 4039 243 4100 lleg.
262 4037 285 4086 2.
308 4029 395 4102 ἡμῶν.
432 4037 522 4086 laidem
548 4035 645 4086 Gobler.
669 4043 693 4084 el

101 4107 208 4156 isicem.
223 4107 244 4154 l.
261 4097 383 4170 ὄπατὴρ.
401 4099 447 4153 καὶ
458 4096 539 4154 πάλιν
556 4097 692 4170 ἕφεσίοις·

101 4167 139 4239 μὴ
158 4169 259 4232 λυπῆιε
276 4185 321 4224 etc.
358 4174 417 4224 llsid.
436 4159 459 4222 ei
476 4175 544 4224 obest
562 4171 691 4232 abdnglic.

105 4243 156 4290 Mox
167 4243 223 4304 lleg.
234 4240 257 4291 2.
269 4244 372 4304 cedual.
392 4235 438 4290 ded
453 4232 541 4300 Ἰησοῦ
558 4235 691 4306 Χριστοῦ.

105 4310 178 4422 Ιίιιιίρ
203 4319 260 4374 pasl
276 4311 376 4373 Seguec.
395 4309 492 4361 Gobler.
511 4317 534 4359 el
551 4309 655 4358 Felekm.
669 4308 692 4357 1.

122 4391 211 4426 auree.

141 4412 273 4497 lfGobler.
291 4455 314 4496 ei
333 4445 437 4496 Felclsm.
459 4443 480 4493 l.
497 4437 543 4490 καὶ
559 4439 690 4502 suamne-
777 4443 867 4506 l.,lleg.
879 4444 901 4492 l.
919 4453 942 4494 et
954 4444 1053 4506 Sessaer.
1071 4441 1157 4490 τοῦτο.
1182 4440 1254 4490 ΡιιιΙο
1271 4435 1322 4497 1⁸⁰⁵*

111 4505 189 4565 aion·
210 4508 295 4564 eietc.
329 4513 511 4564 ibidemlidem
530 4511 693 4572 etlleg.l.et
742 4526 787 4576 pso
806 4503 846 4558 ἔτι
864 4511 954 4573 Rem.
973 4520 997 4560 ct
1014 4503 1145 4560 Basilisci.
1182 4495 1302 4580 lpeml³¹¹¹

111 4579 206 4642 Senum.
225 4577 254 4630 ei
269 4573 343 4650 γάρ,·
358 4575 427 4642 πλὴν
445 4571 488 4630 ὅτι
505 4589 531 4630 ιιι
548 4589 572 4630 sl
587 4581 691 4630 Graecus
743 4588 798 4644 post
818 4581 873 4643 lisa.
894 4580 916 4641 l.
936 4589 958 4630 et
976 4581 1076 4641 Ssguer.
1094 4567 1274 4632 diswddW‘
