3110 5064
615 381 789 428 mmm.
1274 371 1317 434 29

99 533 236 607 labentia,
281 531 415 596 studium
449 531 586 596 insidiam
626 532 804 597 aduersariis
838 533 956 598 creandi
987 555 1023 598 ex
1055 535 1317 600 consecutionibus

97 637 227 717 ipsosque
248 653 308 715 per
328 636 383 697 has
405 635 571 698 lacessendi
592 634 629 697 ad
652 653 772 698 errores
795 653 868 700 suns
890 637 1089 710 evomendos,
1112 639 1315 700 confirmatio-

96 756 152 800 nun
182 735 324 799 veritatis
346 755 383 798 ex
405 735 572 810 miraculis,
603 736 682 798 relat
705 755 741 798 es
772 737 916 800 miraculo
947 739 1055 800 mortis
1086 739 1163 813 trit,
1197 740 1233 801 de
1256 757 1317 820 quo

93 837 262 900 thanasius
278 837 310 898 in
326 855 375 918 ep.
390 836 426 900 ad
442 836 637 916 Serapionem
653 839 774 900 lratrem
790 839 868 920 0pp.
885 839 971 902 Tam.
986 841 1010 902 l.
1026 859 1055 920 p.
1066 842 1140 905 269.
1157 841 1204 903 ed.
1215 841 1316 904 Pater.

95 941 183 1001 Taceo
204 938 295 1019 plura
319 939 445 1000 istorum
466 938 587 1014 similia,
611 957 685 1018 quae
706 939 815 1018 partim
837 939 887 1002 illo
903 941 960 1004 iam
983 949 1116 1022 tempore
1131 942 1161 1003 in
1176 941 1243 1004 aliis
1265 943 1316 1004 in·

92 1041 217 1122 creparit
237 1039 403 1120 Gregorius
424 1039 628 1103 Nazianzenus
656 1059 712 1102 nec
740 1049 839 1103 nmen
862 1059 897 1104 se
919 1043 1015 1122 ipsura
1038 1042 1074 1104 ah
1096 1043 1203 1104 iisdem
1225 1062 1316 1124 pror-

59 1165 62 1171 ·
91 1161 140 1204 sus
161 1142 326 1203 immunem
354 1149 507 1220 praestare
535 1141 642 1221 potuit.
687 1142 775 1215 Quod
797 1161 885 1214 aero,
907 1153 1052 1224 utsupra
1075 1144 1318 1224 significavimus,

88 1245 223 1306 meunt
263 1241 409 1316 nonnulli,
441 1242 635 1304 Athanasium
668 1243 699 1305 in
732 1243 852 1324 scriptis
884 1244 948 1308 suis
979 1245 1016 1308 ad
1048 1263 1188 1308 nauseam
1221 1262 1317 1325 usque

87 1345 184 1406 eadem
207 1343 274 1404 lere
296 1343 362 1405 eliis
382 1343 481 1405 verbis
503 1351 639 1424 repetere
661 1355 690 1406 et
711 1345 777 1406 sine
799 1344 914 1407 delectu
936 1345 1035 1407 omnia
1057 1346 1206 1424 arripere,
1240 1364 1318 1426 quae

85 1464 188 1508 caue
203 1463 280 1508 suae
295 1444 393 1524 aliquo
409 1446 499 1525 npodo
515 1445 694 1525 patrocinari
710 1445 891 1522 siderentur,
913 1465 970 1508 nec
983 1447 1105 1509 modum
1128 1455 1159 1508 et
1180 1447 1317 1510 ordinem

83 1548 173 1608 rehns
197 1544 357 1619 adhihere,
386 1546 486 1626 itaque
514 1545 735 1626 ineloquentia
764 1547 811 1610 rol
839 1547 870 1609 in
892 1565 950 1610 usu
972 1567 1006 1610 ac
1028 1548 1143 1610 ratione
1166 1547 1317 1612 scribendi

83 1649 204 1721 Basilio,
223 1647 372 1728 Gregorio
386 1647 571 1710 Nazianzeno
592 1647 717 1727 aliisque
739 1649 854 1723 molere,
877 1650 907 1710 id
930 1649 1030 1729 inique
1045 1669 1080 1712 ac
1101 1659 1212 1712 temere
1234 1648 1317 1712 iudi·

85 1759 182 1812 catum
204 1757 252 1810 est
274 1757 306 1810 et
326 1749 504 1830 peritiorum
524 1749 654 1811 lodicum
684 1749 840 1814 sententiis
871 1751 1048 1814 contutatur.
1091 1749 1214 1812 Praeter
1234 1749 1317 1812 Pho-

84 1852 158 1912 timn
182 1851 239 1912 iam
263 1869 346 1912 ame
367 1859 630 1914 commemoratum
652 1851 799 1930 imprimis
822 1851 986 1914 audiendus
1008 1860 1056 1912 est
1069 1851 1318 1926 montfauconius,

89 1952 271 2014 existimator
294 1953 399 2014 harum
431 1952 596 2014 litterarum
619 1953 725 2014 doetus
748 1963 778 2016 et
799 1955 983 2031 intelligens,
1012 1953 1095 2016 cuius
1124 1953 1213 2016 arrha
1235 1954 1317 2034 quod

88 2053 148 2115 huc
169 2053 357 2144 mnemipsi,
386 2042 502 2134 matum
525 2056 589 2116 lore
611 2073 701 2134 spero
721 2053 883 2118 lectoribus
905 2064 936 2118 et
956 2055 1037 2117 utile.
1081 2055 1162 2128 „Sed
1184 2054 1315 2134 paulum,

86 2155 191 2234 inquit,
213 2155 289 2217 lihet
310 2155 448 2234 spatiari:
471 2163 502 2217 et
516 2153 584 2235 quia
599 2163 709 2217 mamus
725 2155 842 2218 laudem
860 2155 923 2218 tulit
938 2155 1124 2232 Athanasius,
1147 2165 1176 2216 et
1197 2155 1317 2236 quidem

87 2274 104 2317 a
133 2257 259 2318 laudatis
289 2255 379 2330 siris,
401 2265 435 2318 ut
463 2255 692 2335 elegantissimis
720 2257 859 2319 Graeciae
887 2257 1083 2336 scriptoribus
1110 2257 1318 2330 antelerretur,

87 2357 145 2418 iam
167 2377 224 2438 qua
246 2357 278 2418 in
301 2367 525 2436 repraestare,
555 2373 611 2436 qua
634 2358 704 2420 item
726 2359 792 2420 aliis
815 2359 953 2421 nonnihil
975 2359 1081 2420 cedere
1107 2357 1241 2419 rideatur
1262 2374 1316 2420 es-

89 2459 269 2538 pendamus3
299 2467 330 2520 et
352 2477 427 2538 quaa
449 2458 554 2520 crebro
576 2459 728 2532 Athanasii
756 2461 866 2540 scripta
894 2461 1075 2539 regustando
1104 2459 1316 2539 comperimus,

90 2577 290 2640 proponamus
324 2558 461 2622 studioso
492 2558 606 2622 lectori.
650 2559 751 2622 Prinna
786 2561 904 2641 quidem
933 2563 959 2624 si
982 2561 1116 2642 Gregorii
1139 2559 1317 2622 Nazianzeni

93 2659 171 2722 illam
190 2661 378 2742 quadrandae
409 2661 553 2722 orationis
582 2660 774 2734 industriam,
808 2661 834 2722 si
868 2681 1011 2724 numeros
1032 2671 1167 2741 spectes,
1200 2661 1237 2722 ab
1259 2663 1318 2724 hoe

97 2759 272 2840 eloquentiae
296 2779 405 2842 genera
427 2763 540 2826 alienus
569 2779 689 2841 sempor
716 2763 774 2824 luit
793 2763 989 2836 Athanasius,
1016 2763 1101 2824 cuins
1129 2761 1220 2822 dictio
1248 2745 1317 2838 plus

96 2859 183 2924 hahet
206 2864 316 2925 nausea
348 2862 509 2942 elegantiae
534 2881 621 2943 quam
651 2863 830 2926 artificiosae
857 2861 1034 2944 diligentiae.
1079 2862 1117 2924 Et
1145 2861 1171 2922 si
1198 2861 1316 2941 quando

96 2959 145 3024 hic
161 2963 324 3042 plusculum
347 2964 419 3025 artis
442 2965 594 3040 adhibeat,
627 2972 661 3026 ut
682 2963 713 3024 in
735 2963 871 3026 oratione
904 2973 1006 3026 contra
1029 2963 1157 3038 Gentes,
1191 2962 1316 3044 epistola

94 3061 131 3123 ad
151 3063 354 3138 Dracontinm,
382 3064 516 3144 apologia
545 3065 582 3128 ad
605 3065 828 3142 Constantium
850 3067 889 3128 ita
912 3075 1011 3129 manen
1034 3065 1134 3128 omnia
1157 3073 1314 3145 temperat,

93 3171 129 3224 ut
146 3165 230 3228 latest
250 3166 408 3228 artificium
430 3175 460 3228 st
481 3167 576 3230 oratio
598 3185 659 3229 non
682 3167 833 3241 adstricta,
856 3167 910 3230 sed
926 3167 1053 3230 remisse
1075 3185 1235 3230 numerosa
1258 3167 1314 3228 sit:

95 3275 192 3327 contra
212 3286 283 3329 vcro
298 3265 473 3347 Gregorius,
495 3267 571 3330 ultra
586 3267 743 3348 aliquando
766 3287 853 3348 quam
876 3269 950 3332 satis
965 3267 1015 3344 sit,
1039 3267 1315 3347 circumscriptione

94 3372 125 3426 et
142 3368 249 3430 ambitu
272 3369 380 3444 autur,
413 3377 446 3430 ut
478 3369 567 3431 certis
598 3369 732 3431 numeris
763 3369 898 3445 delinita,
928 3379 1066 3450 tanquam
1096 3368 1169 3430 orbs
1191 3363 1315 3444 inclusa,

95 3477 190 3531 currat
216 3469 321 3532 oratio.
388 3469 593 3548 chrysostomi
620 3489 709 3544 sero,
739 3470 799 3534 rod
827 3466 883 3534 sol
911 3461 982 3535 sind
1009 3466 1155 3554 γλώττης
1180 3469 1317 3553 μέλιτος

93 3565 227 3648 γλυκίων
247 3569 320 3655 ῥέεν
342 3561 434 3656 αὖδή,
459 3571 537 3633 illam
561 3571 726 3652 expeditam
748 3581 779 3633 ct
792 3574 989 3652 profluentem
1004 3571 1165 3634 uerborum
1187 3573 1315 3652 copiam,

96 3671 296 3735 concinnitatis
316 3673 489 3754 leporisque
509 3671 644 3752 planam,
666 3689 728 3734 non
749 3672 874 3752 adtingit
893 3673 1088 3746 Athanasius,
1111 3673 1162 3753 qui
1182 3673 1315 3754 plerum·

96 3787 291 3852 quapressns
314 3773 468 3837 solareris
490 3781 553 3846 est,
587 3782 618 3836 et
643 3774 756 3836 maiora
778 3774 1011 3848 sententiarum,
1044 3791 1132 3854 mam
1154 3773 1316 3836 verborum

94 3871 230 3938 nieme.
261 3875 371 3939 Verum
393 3876 480 3955 longa
502 3882 636 3956 praestat
657 3874 780 3949 salibus,
808 3877 908 3938 nervia
930 3885 962 3938 et
979 3876 1028 3960 τῷ
1055 3867 1177 3958 edro'eqa
1200 3875 1315 3936 redun-

93 3973 216 4040 dantiam
239 3995 360 4040 omnem
382 3985 548 4040 merente.
588 3977 733 4039 Nimirum
755 3985 886 4062 possunt
905 3997 975 4040 esse
1006 3978 1132 4050 summi,
1165 3975 1217 4054 qui
1238 3975 1318 4036 inter

22 4098 32 4122 0
87 4093 125 4136 se
146 4076 203 4140 sint
224 4079 410 4142 dissimilest.
425 4080 504 4159 qnod
527 4079 557 4141 in
579 4077 748 4158 eloquentis
769 4079 882 4159 pariter
903 4088 933 4141 et
953 4080 983 4142 in
1007 4079 1097 4142 mutis
1120 4075 1235 4139 artibus
1257 4075 1315 4152 oh-

91 4188 230 4244 serrator.
272 4179 385 4244 Basilio
417 4189 515 4242 autem
547 4198 637 4242 nemo
670 4180 793 4260 propius
826 4181 862 4242 ad
890 4179 1041 4242 dmsnasii
1071 4176 1188 4240 dicendi
1220 4195 1317 4258 genus

91 4281 209 4344 secedit.
252 4283 312 4345 Sed
345 4283 442 4364 praeit
462 4281 511 4344 ille
545 4279 762 4358 elaboratione3
796 4281 846 4344 hic
866 4281 955 4361 longe
984 4283 1117 4360 praestat
1143 4280 1314 4344 scamonia.

89 4377 126 4441 Et
137 4382 193 4446 hac
206 4385 237 4446 in
251 4393 347 4464 parte,
370 4403 445 4464 quae
461 4383 573 4446 adlinet
587 4401 698 4446 nervos
712 4391 838 4464 spectat,
853 4382 944 4457 sales,
965 4379 1174 4458 acrimoniam
1193 4399 1315 4462 pmnes,

89 4499 151 4546 mea
173 4485 292 4565 quidem
315 4486 475 4559 sententia,
489 4483 577 4565 longo
598 4483 748 4548 antecellit
760 4483 940 4548 Athanasius
962 4491 1066 4565 estque
1080 4484 1182 4548 hocin
1205 4499 1317 4562 genere
1418 4461 1438 4538 ’.

91 4585 235 4670 Ρῐὶῠαρε.
278 4587 396 4669 liguris
424 4597 542 4664 mem,
569 4587 665 4652 sinodi
692 4585 859 4652 mosmos
887 4587 1065 4662 insectatur,
1094 4588 1236 4665 lreqaeus
1259 4589 1316 4645 ase
