3072 5056
376 346 384 362 ·
422 346 568 392 sorsrou
581 347 620 392 nn
636 345 802 392 scurnum
815 349 959 394 nrorrsu.
1245 338 1304 402 119

81 494 269 576 sequentihus
290 495 463 576 profitetur,
494 495 666 570 „Cinctum
688 515 808 576 semper
828 497 924 560 luisse
946 515 980 562 nc
1001 497 1146 573 Verbum,
1177 500 1390 582 Septen-eno.

83 597 175 672 „tiam
195 607 227 660 ct
246 597 393 660 Virtutem
415 597 559 660 extitisse.
604 598 707 678 Neque
735 597 815 662 enim
836 597 916 660 Deus
946 617 1013 662 cum
1040 599 1088 662 lrie
1109 609 1195 664 antea
1218 620 1305 666 caru·

82 698 195 772 „isset,
230 705 335 778 postea
362 697 469 760 Filium
497 699 608 777 genuit.
652 698 755 777 Neque
784 717 801 760 a
830 698 934 780 seipso
955 699 1064 773 Filius,
1092 691 1154 764 'sed
1180 719 1197 763 a
1219 702 1307 766 Patre
1432 703 1438 730 ¹

81 797 192 872 „habet
224 804 326 861 esse.“
382 799 419 860 Et
450 800 553 879 paucis
589 799 771 873 interiectis,
805 799 907 862 eedem
942 799 979 862 dc
1012 819 1046 864 re
1078 801 1186 864 iterum
1219 801 1306 866 dicit:

82 899 177 972 „Cum
209 899 251 962 sit
284 899 427 980 splendor,
459 901 535 964 lucis
567 909 722 974 aeter-nuc,
755 909 785 962 et
818 901 883 982 ipse
917 901 1040 964 omniuo
1073 910 1211 966 aeternus
1248 913 1304 968 cst.

81 1001 179 1074 „Luce
201 1001 281 1064 enim
304 1019 424 1081 semper
446 1003 602 1076 existente,
629 1003 817 1066 manifestum
841 1011 899 1076 ost,
921 1010 953 1064 et
973 1003 1162 1084 splendorem
1184 1022 1304 1085 semper

80 1102 245 1176 „existere3
279 1122 315 1165 eo
350 1103 428 1164 eninr
461 1103 529 1184 ipso
566 1103 663 1168 lucem
694 1123 761 1166 esso
798 1103 988 1183 intelligitur,
1027 1103 1106 1184 quorl
1139 1104 1303 1185 splendeat,

79 1220 133 1276 „sc
153 1203 219 1265 lieri
248 1203 367 1282 nequit,
396 1213 428 1266 ut
449 1204 500 1266 lux
521 1223 583 1268 uon
604 1207 709 1270 luceat.
753 1205 883 1268 Rursum
917 1204 995 1268 enim
1023 1205 1062 1268 ud
1089 1205 1223 1285 exemplo
1249 1224 1302 1272 re,-

78 1303 228 1377 „niamus
280 1305 314 1368 Si
341 1304 388 1366 sol
418 1313 480 1377 est,
513 1314 561 1370 est
588 1325 706 1387 quoque
734 1306 891 1388 splendor,
932 1315 979 1368 est
1010 1315 1041 1368 et
1068 1305 1149 1381 dies3
1176 1306 1203 1368 si
1231 1323 1301 1368 roro

77 1405 206 1479 „horum
228 1405 301 1468 nihil
325 1413 381 1480 est,
403 1407 528 1469 multum
550 1406 636 1470 abest
657 1407 764 1472 adesse
787 1407 893 1470 solem.
939 1407 1028 1480 Quod
1050 1407 1076 1470 si
1094 1415 1233 1468 aeternus
1255 1405 1301 1468 scl

77 1514 190 1580 „esset
212 1506 278 1568 dies
302 1506 391 1568 etiam
412 1525 562 1587 nunquam
585 1517 732 1584 cessarem
754 1527 834 1572 nuuc
851 1517 950 1570 autern
971 1511 1082 1586 (neque
1104 1506 1183 1568 euim
1205 1506 1387 1570 traseceo.

77 1625 144 1678 „res
166 1605 270 1682 habet)
292 1606 452 1686 incipiente
473 1609 538 1670 sole
559 1609 662 1688 incipit
688 1616 718 1670 ct
738 1607 802 1670 dies
823 1627 858 1670 eo
879 1607 1033 1670 desinente
1055 1606 1176 1670 desinit.
1220 1606 1301 1670 licus

76 1715 196 1780 „eutem
218 1715 338 1770 aeterna
365 1708 415 1770 lux
437 1718 500 1783 est,
532 1727 607 1789 quoe
635 1727 786 1788 nunquam
814 1708 961 1790 incoepit,
994 1725 1146 1788 nunquam
1174 1708 1301 1770 desinet.

76 1809 244 1880 „deumne
268 1827 339 1888 ergo
362 1809 504 1889 splendor
526 1810 584 1890 ipsi
606 1810 755 1890 praelucet
776 1829 811 1872 ac
831 1808 985 1884 coexistit,
1008 1809 1059 1888 qui
1081 1808 1193 1888 absque
1214 1807 1300 1872 initio

76 1915 197 1982 „estet
219 1909 256 1970 ab
278 1918 399 1972 ueterno
422 1912 539 1990 genitus
561 1920 629 1974 onte
651 1929 718 1974 eum
741 1911 864 1985 emicat,
898 1911 1007 1992 quique
1028 1910 1154 1990 ipsamet
1175 1916 1223 1972 est
1243 1910 1300 1972 Sa-

77 2010 220 2090 „picntie,
242 2029 318 2090 quae
341 2011 426 2074 dicit:
448 2011 511 2094 Epo
535 2032 633 2086 crocu,
656 2033 715 2095 quo
735 2013 900 2094 pandebat,
922 2023 952 2076 et
975 2011 1147 2076 delectetur
1169 2013 1301 2092 quotidie

76 2121 167 2184 „otrte
187 2112 300 2190 [odem
321 2116 385 2174 cius
409 2118 492 2176 corui
512 2122 679 2196 tempore.‘⁴
710 2113 863 2193 Pauloque
883 2120 989 2192 postca
1003 2111 1040 2174 dc
1056 2111 1162 2174 eodem
1176 2111 1302 2174 resumit

75 2210 118 2273 his
138 2211 255 2275 verbis:
280 2211 374 2286 „dum
396 2213 487 2292 igituir
507 2223 645 2278 aeternus
667 2215 707 2278 sit
726 2215 827 2287 Pater,
848 2222 985 2276 aeternus
1008 2221 1054 2274 est
1075 2219 1104 2274 ct
1124 2211 1228 2288 Filius,
1250 2212 1299 2276 lu-

78 2331 164 2384 ,‚mon
185 2313 224 2374 de
244 2313 367 2374 lumine.
410 2313 483 2378 Nam
506 2315 533 2378 si
555 2315 672 2396 genitor
687 2323 743 2389 est,
766 2322 813 2378 cst
833 2322 863 2376 et
876 2315 971 2389 lilius3
993 2311 1072 2393 quod
1095 2313 1122 2376 si
1144 2312 1221 2376 lilius
1237 2331 1299 2376 nou

78 2421 154 2488 „cst
175 2431 234 2493 qna
255 2413 372 2474 ratione
393 2422 423 2478 et
444 2416 529 2478 cuius
556 2425 658 2496 potest
680 2435 750 2478 csse
771 2413 912 2495 genitori
955 2415 1043 2494 Atqui
1066 2413 1152 2476 ambo
1177 2421 1248 2476 sunt
1269 2423 1299 2476 et

78 2531 215 2594 „semper
238 2519 340 2576 euut‘⁴
384 2513 498 2578 Deinde
519 2517 592 2580 hacc
612 2517 706 2580 oddit:
730 2515 826 2590 „Cum
847 2515 937 2596 igitur
957 2515 1038 2576 Deus
1059 2515 1098 2578 sit
1118 2515 1186 2588 lux,
1210 2514 1298 2577 Chri-

78 2623 163 2684 „stus
184 2623 232 2677 est
251 2613 411 2694 splendor;
444 2635 510 2680 cum
539 2626 636 2682 numm
659 2617 726 2698 ipse
747 2616 875 2696 Spiritus
898 2633 1017 2696 quoque
1039 2615 1080 2677 sit
1112 2619 1192 2688 (uam
1228 2614 1300 2694 Spi-

78 2717 190 2786 „n'tut,
220 2713 332 2793 inquit,
360 2725 406 2778 ost
426 2716 539 2794 Deua),
568 2724 766 2798 congruenter
787 2733 905 2778 rursum
928 2715 1065 2776 Christus
1087 2733 1180 2792 vapor
1201 2713 1299 2776 dictus

78 2823 160 2886 „csta
181 2825 226 2878 ert
247 2819 342 2888 esim,
364 2814 475 2894 inquit,
497 2833 596 2897 oupcr
618 2819 744 2880 uirtutis
766 2816 856 2880 Μ*
900 2814 938 2878 Et
969 2814 1077 2878 iterum
1099 2813 1154 2876 ait:
1186 2814 1298 2888 „Solus

78 2923 193 2986 „auteur
214 2915 317 2989 Filius,
340 2916 392 2996 qui
413 2915 493 2978 Patri
516 2933 635 2996 semper
657 2916 795 2980 coexistit
816 2925 845 2978 ct
861 2915 923 2990 illo,
947 2915 999 2996 qui
1015 2923 1072 2990 est,
1094 2914 1211 2993 plenus,
1233 2913 1299 2995 ipsp

79 3033 216 3095 „quoquc
239 3023 287 3078 est
307 3033 343 3078 ex
365 3016 483 3078 Patrc.⁴‘

159 3119 205 3182 tt.
248 3115 328 3178 llaec
356 3116 382 3178 si
411 3116 546 3196 ambigue
569 3117 646 3180 dicta
667 3117 809 3192 luissent,
843 3117 1006 3197 interprete
1035 3134 1111 3195 opus
1139 3115 1298 3190 habereut,

79 3223 107 3278 at
126 3233 185 3277 urm
211 3216 310 3296 pelam
336 3225 367 3278 et
393 3216 567 3298 plerumque
592 3219 666 3280 haec
692 3218 723 3280 in
746 3218 865 3298 scriptis
889 3217 953 3280 suis
975 3215 1177 3298 pertractarit,
1210 3214 1297 3293 Arius

80 3313 187 3392 quidem
207 3317 346 3380 dentibus
368 3317 501 3392 strideat,
524 3319 604 3398 quotl
627 3337 712 3381 suam
732 3317 881 3380 haeresim
897 3325 998 3380 cernat
1019 3315 1193 3398 allionysio
1209 3334 1296 3378 ever·
1403 3333 1413 3342 ·

81 3433 138 3476 sam
156 3417 311 3499 audiatque
330 3418 376 3482 rel
398 3417 509 3481 inritus
530 3419 604 3482 haec
624 3418 702 3483 illiue
725 3419 831 3482 rerba:
856 3419 1003 3500 „Semper
1025 3416 1104 3482 licus
1119 3417 1207 3480 Pater
1225 3416 1296 3490 iuit;

82 3517 239 3586 „cullius
262 3535 324 3588 nou
346 3517 459 3598 absque
481 3537 570 3582 ceusu
591 3527 730 3584 aeternus
753 3519 878 3594 dicitur3
908 3517 962 3580 scd
991 3519 1060 3598 quia
1087 3525 1227 3580 aeternus
1249 3522 1297 3578 est

85 3615 193 3692 „l’etcr,
214 3627 355 3682 aeternus
378 3626 427 3680 est
448 3627 478 3680 et
498 3619 600 3694 Filius,
623 3619 723 3699 illique
746 3618 899 3692 coexistit,
922 3616 1169 3698 quemadmodum
1192 3613 1296 3695 splen·

86 3713 154 3786 ,dor
172 3717 262 3782 luci.“
305 3717 330 3781 li
352 3737 436 3793 vero,
457 3719 507 3798 qui
529 3720 576 3782 rel
596 3720 700 3782 leviter
723 3718 911 3799 suspicantur
931 3719 1106 3800 Dionysium
1137 3733 1203 3792 curn
1225 3713 1295 3776 Ario

84 3816 484 3894 sustenementum
506 3819 543 3882 de
565 3839 603 3882 eo
625 3819 873 3885 existimationem
897 3819 1055 3900 deponunt.
1089 3816 1168 3892 Quid
1184 3831 1295 3896 quaeso

85 3911 117 3976 illi
134 3915 206 3982 inter
226 3939 263 3983 se
284 3919 434 3990 affinitatis
451 3920 572 3996 habent,
594 3919 665 3982 Ario
680 3919 811 3984 dicente:
835 3917 949 3996 „Filius
964 3936 1028 3982 nou
1043 3924 1106 3979 eret
1122 3915 1296 3996 priusquam

112 4083 129 4116 c
144 4070 236 4124 laurio.
256 4071 327 4124 toto.
346 4073 393 4124 les.
417 4074 456 4124 Fr.
475 4073 494 4123 l.
512 4065 654 4143 προφερό-
704 4071 768 4124 nutu
786 4087 843 4123 roro
863 4062 1005 4150 ἀνάλογος.
1043 4067 1162 4129 lloxdeg.
1181 4071 1205 4114 rt
1221 4063 1294 4114 llasll.

84 4145 160 4208 ulw-
195 4140 270 4190 Paulo
288 4148 346 4206 post
364 4139 461 4192 Terris.
480 4133 511 4192 lv
526 4137 654 4209 rpupde
722 4141 783 4191 rimo
802 4129 969 4216 mgnuo’rrper
977 4129 1103 4185 ulmea.
1140 4129 1293 4212 Tounpolb.

85 4211 145 4266 ΜΨ·
704 4155 749 4258 les.
776 4197 858 4272 ἂτμις
880 4217 893 4256 ε
921 4218 951 4253 ur
976 4197 1090 4267 λέγεται.
1125 4199 1189 4252 lldttt
1213 4189 1295 4266 euple

99 4269 129 4342 ,d
145 4272 181 4322 Sic
203 4274 259 4338 lleg.
286 4273 385 4326 Teurlu.
409 4275 456 4329 lca.
492 4275 555 4326 Edit!
574 4254 655 4329 οὗτος
702 4270 818 4340 λέγεται.

86 4343 275 4458 ωψῗω·
312 4341 367 4419 ¹⁸?
389 4335 516 4460 mqssm
540 4335 654 4460 “mulli
737 4344 1057 4417 connuncupare.

199 4409 386 4538 ,rr-nun·
409 4409 443 4460 ⁶⁰
739 4455 761 4506 ι.
780 4439 878 4491 rm
962 4427 1069 4486 ee-
1284 4533 1287 4540 ⁴

113 4550 131 4586 l·
153 4537 190 4592 ⁸³⁶
211 4543 267 4606 litt·
285 4543 387 4594 l'rrrin.
412 4543 483 4598 Colb.
507 4543 553 4596 lor.
572 4541 612 4596 l'r.
630 4539 649 4610 l,
735 4541 760 4592 lu.
778 4539 877 4592 recen.
896 4537 941 4590 les.
959 4531 1189 4587 καταθέσθωσαν.
