<?xml version="1.0" encoding="UTF-8"?>
<!DOCTYPE html PUBLIC "-//W3C//DTD XHTML 1.0 Transitional//EN"
    "http://www.w3.org/TR/xhtml1/DTD/xhtml1-transitional.dtd">
<html xmlns="http://www.w3.org/1999/xhtml" xml:lang="en" lang="en">
 <head>
  <title>
</title>
<meta http-equiv="Content-Type" content="text/html;charset=utf-8" />
  <meta name='ocr-system' content='tesseract 3.04.00' />
  <meta name='ocr-capabilities' content='ocr_page ocr_carea ocr_par ocr_line ocrx_word'/>
</head>
<body>
  <div class='ocr_page' id='page_1' title='image "./sanctiathanasii01athagoog_0032.png"; bbox 0 0 3110 5064; ppageno 0'>
   <div class='ocr_carea' id='block_1_1' title="bbox 628 362 1331 437">
    <p class='ocr_par' dir='ltr' id='par_1_1' title="bbox 628 362 1331 437">
     <span class='ocr_line' id='line_1_1' title="bbox 628 362 1331 437; baseline 0.003 -15"><span class='ocrx_word' id='word_1_1' title='bbox 628 375 805 437; x_wconf 70' lang='grc' dir='ltr'>ιιιιιιιτιο.Ι</span> <span class='ocrx_word' id='word_1_2' title='bbox 1290 362 1331 426; x_wconf 77' lang='lat' dir='ltr'>at</span> 
     </span>
    </p>
   </div>
   <div class='ocr_carea' id='block_1_2' title="bbox 97 525 1420 2029">
    <p class='ocr_par' dir='ltr' id='par_1_2' title="bbox 97 525 1420 2029">
     <span class='ocr_line' id='line_1_2' title="bbox 110 525 1332 607; baseline -0.002 -12"><span class='ocrx_word' id='word_1_3' title='bbox 110 533 166 596; x_wconf 79' lang='lat' dir='ltr'>siro</span> <span class='ocrx_word' id='word_1_4' title='bbox 185 531 275 594; x_wconf 85' lang='lat' dir='ltr'>decet</span> <span class='ocrx_word' id='word_1_5' title='bbox 295 547 449 602; x_wconf 74' lang='lat' dir='ltr'>mensure,</span> <span class='ocrx_word' id='word_1_6' title='bbox 471 545 533 590; x_wconf 82' lang='lat' dir='ltr'>nun</span> <span class='ocrx_word' id='word_1_7' title='bbox 554 527 713 607; x_wconf 79' lang='lat' dir='ltr'>exagitare.</span> <span class='ocrx_word' id='word_1_8' title='bbox 756 526 814 588; x_wconf 85' lang='lat' dir='ltr'>Sed</span> <span class='ocrx_word' id='word_1_9' title='bbox 836 526 978 607; x_wconf 73' lang='lat' dir='ltr'>picesque</span> <span class='ocrx_word' id='word_1_10' title='bbox 998 525 1072 588; x_wconf 84' lang='lat' dir='ltr'>bsec</span> <span class='ocrx_word' id='word_1_11' title='bbox 1094 527 1125 588; x_wconf 92' lang='lat' dir='ltr'>in</span> <span class='ocrx_word' id='word_1_12' title='bbox 1138 527 1332 592; x_wconf 67' lang='lat' dir='ltr'><strong>Athanasium</strong></span> 
     </span>
     <span class='ocr_line' id='line_1_3' title="bbox 109 627 1334 715; baseline -0.002 -19"><span class='ocrx_word' id='word_1_13' title='bbox 109 641 221 715; x_wconf 79' lang='lat' dir='ltr'>peoests</span> <span class='ocrx_word' id='word_1_14' title='bbox 253 649 324 696; x_wconf 85' lang='lat' dir='ltr'>esse</span> <span class='ocrx_word' id='word_1_15' title='bbox 356 639 481 711; x_wconf 85' lang='lat' dir='ltr'>apparet</span> <span class='ocrx_word' id='word_1_16' title='bbox 501 629 616 702; x_wconf 88' lang='lat' dir='ltr'>abiis,</span> <span class='ocrx_word' id='word_1_17' title='bbox 649 629 703 708; x_wconf 77' lang='lat' dir='ltr'>otri</span> <span class='ocrx_word' id='word_1_18' title='bbox 730 645 792 690; x_wconf 85' lang='lat' dir='ltr'>uon</span> <span class='ocrx_word' id='word_1_19' title='bbox 825 627 1037 707; x_wconf 76' lang='lat' dir='ltr'>intehigercst,</span> <span class='ocrx_word' id='word_1_20' title='bbox 1071 627 1102 690; x_wconf 92' lang='lat' dir='ltr'>in</span> <span class='ocrx_word' id='word_1_21' title='bbox 1129 631 1334 694; x_wconf 81' lang='lat' dir='ltr'>controversie</span> 
     </span>
     <span class='ocr_line' id='line_1_4' title="bbox 107 729 1334 814; baseline -0.003 -16"><span class='ocrx_word' id='word_1_22' title='bbox 107 735 210 798; x_wconf 75' lang='lat' dir='ltr'>inme</span> <span class='ocrx_word' id='word_1_23' title='bbox 226 741 327 794; x_wconf 77' lang='grc' dir='ltr'>ιιιιιιι</span> <span class='ocrx_word' id='word_1_24' title='bbox 348 750 417 794; x_wconf 86' lang='lat' dir='ltr'>esse</span> <span class='ocrx_word' id='word_1_25' title='bbox 437 731 475 795; x_wconf 85' lang='lat' dir='ltr'>de</span> <span class='ocrx_word' id='word_1_26' title='bbox 497 749 601 794; x_wconf 90' lang='lat' dir='ltr'>errore</span> <span class='ocrx_word' id='word_1_27' title='bbox 627 729 805 809; x_wconf 74' lang='lat' dir='ltr'>gravissimu</span> <span class='ocrx_word' id='word_1_28' title='bbox 828 738 858 791; x_wconf 90' lang='lat' dir='ltr'>et</span> <span class='ocrx_word' id='word_1_29' title='bbox 878 729 1152 809; x_wconf 84' lang='lat' dir='ltr'>perniciosissimo,</span> <span class='ocrx_word' id='word_1_30' title='bbox 1181 749 1241 810; x_wconf 84' lang='lat' dir='ltr'>quo</span> <span class='ocrx_word' id='word_1_31' title='bbox 1269 732 1334 814; x_wconf 81' lang='lat' dir='ltr'>ipsu</span> 
     </span>
     <span class='ocr_line' id='line_1_5' title="bbox 106 831 1332 914; baseline 0 -19"><span class='ocrx_word' id='word_1_32' title='bbox 106 833 206 914; x_wconf 72' lang='lat' dir='ltr'>raiipio</span> <span class='ocrx_word' id='word_1_33' title='bbox 230 831 393 896; x_wconf 78' lang='lat' dir='ltr'>christiam</span> <span class='ocrx_word' id='word_1_34' title='bbox 420 831 451 894; x_wconf 92' lang='lat' dir='ltr'>in</span> <span class='ocrx_word' id='word_1_35' title='bbox 473 831 634 894; x_wconf 72' lang='lat' dir='ltr'>discrimen</span> <span class='ocrx_word' id='word_1_36' title='bbox 661 839 833 904; x_wconf 73' lang='lat' dir='ltr'>noceretur,</span> <span class='ocrx_word' id='word_1_37' title='bbox 862 849 958 912; x_wconf 85' lang='lat' dir='ltr'>neque</span> <span class='ocrx_word' id='word_1_38' title='bbox 986 831 1064 894; x_wconf 86' lang='lat' dir='ltr'>illam</span> <span class='ocrx_word' id='word_1_39' title='bbox 1091 843 1223 896; x_wconf 82' lang='lat' dir='ltr'>veterum</span> <span class='ocrx_word' id='word_1_40' title='bbox 1245 833 1332 896; x_wconf 84' lang='lat' dir='ltr'>Chri·</span> 
     </span>
     <span class='ocr_line' id='line_1_6' title="bbox 106 922 1334 1016; baseline 0 -16"><span class='ocrx_word' id='word_1_41' title='bbox 106 937 268 1000; x_wconf 81' lang='lat' dir='ltr'>stisuurnm</span> <span class='ocrx_word' id='word_1_42' title='bbox 294 936 412 1000; x_wconf 77' lang='grc' dir='ltr'>πίστιν</span> <span class='ocrx_word' id='word_1_43' title='bbox 440 944 471 996; x_wconf 87' lang='lat' dir='ltr'>et</span> <span class='ocrx_word' id='word_1_44' title='bbox 489 925 662 1016; x_wconf 70' lang='grc' dir='ltr'><strong><em>ὑπομονὴν</em></strong></span> <span class='ocrx_word' id='word_1_45' title='bbox 679 922 783 1016; x_wconf 75' lang='lat' dir='ltr'>&#39;Ipnoi</span> <span class='ocrx_word' id='word_1_46' title='bbox 812 931 963 1015; x_wconf 76' lang='grc' dir='ltr'><strong><em>Χριστοῦ</em></strong></span> <span class='ocrx_word' id='word_1_47' title='bbox 991 933 1139 1013; x_wconf 78' lang='lat' dir='ltr'>martyriis</span> <span class='ocrx_word' id='word_1_48' title='bbox 1172 943 1334 1014; x_wconf 70' lang='lat' dir='ltr'><strong>spectatam</strong></span> 
     </span>
     <span class='ocr_line' id='line_1_7' title="bbox 108 1033 1334 1116; baseline 0 -16"><span class='ocrx_word' id='word_1_49' title='bbox 108 1037 202 1100; x_wconf 83' lang='lat' dir='ltr'>animo</span> <span class='ocrx_word' id='word_1_50' title='bbox 232 1035 392 1116; x_wconf 85' lang='lat' dir='ltr'>complecti</span> <span class='ocrx_word' id='word_1_51' title='bbox 418 1043 561 1115; x_wconf 77' lang='lat' dir='ltr'>pussent‘</span> <span class='ocrx_word' id='word_1_52' title='bbox 612 1033 730 1096; x_wconf 77' lang='lat' dir='ltr'><strong>Etenim</strong></span> <span class='ocrx_word' id='word_1_53' title='bbox 757 1034 803 1096; x_wconf 89' lang='lat' dir='ltr'>sie</span> <span class='ocrx_word' id='word_1_54' title='bbox 830 1033 996 1096; x_wconf 74' lang='lat' dir='ltr'>sentientes</span> <span class='ocrx_word' id='word_1_55' title='bbox 1023 1042 1054 1096; x_wconf 92' lang='lat' dir='ltr'>et</span> <span class='ocrx_word' id='word_1_56' title='bbox 1080 1036 1179 1098; x_wconf 88' lang='lat' dir='ltr'>omnis</span> <span class='ocrx_word' id='word_1_57' title='bbox 1207 1055 1244 1098; x_wconf 82' lang='lat' dir='ltr'>ex</span> <span class='ocrx_word' id='word_1_58' title='bbox 1272 1039 1334 1100; x_wconf 78' lang='lat' dir='ltr'>stris</span> 
     </span>
     <span class='ocr_line' id='line_1_8' title="bbox 108 1134 1335 1220; baseline 0.002 -19"><span class='ocrx_word' id='word_1_59' title='bbox 108 1135 299 1220; x_wconf 81' lang='lat' dir='ltr'>opinionibus</span> <span class='ocrx_word' id='word_1_60' title='bbox 320 1134 515 1216; x_wconf 80' lang='lat' dir='ltr'>moribusque</span> <span class='ocrx_word' id='word_1_61' title='bbox 529 1135 688 1198; x_wconf 84' lang='lat' dir='ltr'>metientes</span> <span class='ocrx_word' id='word_1_62' title='bbox 709 1135 796 1198; x_wconf 82' lang='lat' dir='ltr'>dictis</span> <span class='ocrx_word' id='word_1_63' title='bbox 819 1145 850 1198; x_wconf 89' lang='lat' dir='ltr'>et</span> <span class='ocrx_word' id='word_1_64' title='bbox 871 1134 955 1197; x_wconf 79' lang='lat' dir='ltr'>ihctis</span> <span class='ocrx_word' id='word_1_65' title='bbox 977 1136 1075 1214; x_wconf 75' lang='lat' dir='ltr'>magni</span> <span class='ocrx_word' id='word_1_66' title='bbox 1096 1137 1151 1199; x_wconf 80' lang='lat' dir='ltr'>siri</span> <span class='ocrx_word' id='word_1_67' title='bbox 1173 1147 1335 1218; x_wconf 84' lang='lat' dir='ltr'>potueruut</span> 
     </span>
     <span class='ocr_line' id='line_1_9' title="bbox 103 1235 1334 1319; baseline 0.001 -17"><span class='ocrx_word' id='word_1_68' title='bbox 103 1239 212 1312; x_wconf 81' lang='lat' dir='ltr'>induci,</span> <span class='ocrx_word' id='word_1_69' title='bbox 237 1245 273 1300; x_wconf 91' lang='lat' dir='ltr'>ut</span> <span class='ocrx_word' id='word_1_70' title='bbox 293 1255 384 1318; x_wconf 87' lang='lat' dir='ltr'>quem</span> <span class='ocrx_word' id='word_1_71' title='bbox 404 1237 453 1300; x_wconf 87' lang='lat' dir='ltr'>aiii</span> <span class='ocrx_word' id='word_1_72' title='bbox 476 1236 618 1300; x_wconf 77' lang='lat' dir='ltr'>eximium</span> <span class='ocrx_word' id='word_1_73' title='bbox 638 1235 707 1298; x_wconf 86' lang='lat' dir='ltr'>fidei</span> <span class='ocrx_word' id='word_1_74' title='bbox 735 1245 766 1298; x_wconf 88' lang='lat' dir='ltr'>et</span> <span class='ocrx_word' id='word_1_75' title='bbox 785 1237 971 1300; x_wconf 61' lang='lat' dir='ltr'>consentiae</span> <span class='ocrx_word' id='word_1_76' title='bbox 992 1237 1159 1318; x_wconf 83' lang='lat' dir='ltr'>exemplum</span> <span class='ocrx_word' id='word_1_77' title='bbox 1179 1241 1334 1319; x_wconf 74' lang='lat' dir='ltr'>praedice-</span> 
     </span>
     <span class='ocr_line' id='line_1_10' title="bbox 101 1337 1335 1423; baseline 0.002 -21"><span class='ocrx_word' id='word_1_78' title='bbox 101 1347 214 1412; x_wconf 78' lang='lat' dir='ltr'>rernnt,</span> <span class='ocrx_word' id='word_1_79' title='bbox 238 1338 299 1418; x_wconf 88' lang='lat' dir='ltr'>ipsi</span> <span class='ocrx_word' id='word_1_80' title='bbox 319 1338 506 1418; x_wconf 69' lang='lat' dir='ltr'>arrogantius</span> <span class='ocrx_word' id='word_1_81' title='bbox 527 1343 559 1400; x_wconf 84' lang='lat' dir='ltr'>et</span> <span class='ocrx_word' id='word_1_82' title='bbox 580 1337 762 1417; x_wconf 82' lang='lat' dir='ltr'>persicuciee</span> <span class='ocrx_word' id='word_1_83' title='bbox 789 1338 1010 1413; x_wconf 82' lang='lat' dir='ltr'>insimularent,</span> <span class='ocrx_word' id='word_1_84' title='bbox 1041 1347 1071 1400; x_wconf 84' lang='lat' dir='ltr'>et</span> <span class='ocrx_word' id='word_1_85' title='bbox 1092 1339 1143 1420; x_wconf 90' lang='lat' dir='ltr'>qui</span> <span class='ocrx_word' id='word_1_86' title='bbox 1165 1340 1237 1404; x_wconf 86' lang='lat' dir='ltr'>oiim</span> <span class='ocrx_word' id='word_1_87' title='bbox 1255 1359 1335 1423; x_wconf 80' lang='lat' dir='ltr'>pro·</span> 
     </span>
     <span class='ocr_line' id='line_1_11' title="bbox 97 1439 1420 1523; baseline 0 -19"><span class='ocrx_word' id='word_1_88' title='bbox 97 1439 311 1523; x_wconf 69' lang='grc' dir='ltr'>μςιιιιιιιιιιιι</span> <span class='ocrx_word' id='word_1_89' title='bbox 331 1443 474 1504; x_wconf 71' lang='lat' dir='ltr'>ueritatis</span> <span class='ocrx_word' id='word_1_90' title='bbox 496 1447 528 1502; x_wconf 89' lang='lat' dir='ltr'>et</span> <span class='ocrx_word' id='word_1_91' title='bbox 549 1439 690 1504; x_wconf 73' lang='lat' dir='ltr'>cotem</span> <span class='ocrx_word' id='word_1_92' title='bbox 712 1439 851 1504; x_wconf 75' lang='lat' dir='ltr'>ecciesiae</span> <span class='ocrx_word' id='word_1_93' title='bbox 873 1449 995 1502; x_wconf 76' lang='lat' dir='ltr'>rocatm</span> <span class='ocrx_word' id='word_1_94' title='bbox 1009 1449 1084 1514; x_wconf 87' lang='lat' dir='ltr'>eret,</span> <span class='ocrx_word' id='word_1_95' title='bbox 1107 1459 1174 1503; x_wconf 87' lang='lat' dir='ltr'>eum</span> <span class='ocrx_word' id='word_1_96' title='bbox 1198 1459 1333 1504; x_wconf 88' lang='lat' dir='ltr'>commu·</span> <span class='ocrx_word' id='word_1_97' title='bbox 1416 1462 1420 1470; x_wconf 56' lang='lat'>¹</span> 
     </span>
     <span class='ocr_line' id='line_1_12' title="bbox 99 1539 1335 1624; baseline 0.002 -21"><span class='ocrx_word' id='word_1_98' title='bbox 99 1560 171 1604; x_wconf 90' lang='lat' dir='ltr'>nem</span> <span class='ocrx_word' id='word_1_99' title='bbox 200 1539 442 1604; x_wconf 86' lang='lat' dir='ltr'>Christianorum</span> <span class='ocrx_word' id='word_1_100' title='bbox 470 1541 518 1602; x_wconf 86' lang='lat' dir='ltr'>sui</span> <span class='ocrx_word' id='word_1_101' title='bbox 542 1539 697 1620; x_wconf 71' lang='lat' dir='ltr'>,temporis</span> <span class='ocrx_word' id='word_1_102' title='bbox 725 1549 932 1621; x_wconf 72' lang='lat' dir='ltr'>tempestatem</span> <span class='ocrx_word' id='word_1_103' title='bbox 960 1541 1214 1624; x_wconf 81' lang='lat' dir='ltr'>calamitatemque</span> <span class='ocrx_word' id='word_1_104' title='bbox 1241 1544 1335 1614; x_wconf 73' lang='lat' dir='ltr'>hrisse</span> 
     </span>
     <span class='ocr_line' id='line_1_13' title="bbox 101 1639 1336 1723; baseline 0.002 -19"><span class='ocrx_word' id='word_1_105' title='bbox 101 1643 252 1704; x_wconf 66' lang='lat' dir='ltr'>dicarent⁸</span> <span class='ocrx_word' id='word_1_106' title='bbox 265 1641 296 1716; x_wconf 71' lang='lat'>¹)</span> <span class='ocrx_word' id='word_1_107' title='bbox 338 1639 494 1702; x_wconf 74' lang='lat' dir='ltr'>Eiusmodi</span> <span class='ocrx_word' id='word_1_108' title='bbox 516 1640 738 1704; x_wconf 75' lang='lat' dir='ltr'>uiminutioues</span> <span class='ocrx_word' id='word_1_109' title='bbox 760 1642 806 1704; x_wconf 82' lang='lat' dir='ltr'>rei</span> <span class='ocrx_word' id='word_1_110' title='bbox 820 1642 922 1722; x_wconf 87' lang='lat' dir='ltr'>potius</span> <span class='ocrx_word' id='word_1_111' title='bbox 944 1642 1108 1723; x_wconf 76' lang='lat' dir='ltr'>iniquuiiit</span> <span class='ocrx_word' id='word_1_112' title='bbox 1122 1645 1160 1706; x_wconf 88' lang='lat' dir='ltr'>de</span> <span class='ocrx_word' id='word_1_113' title='bbox 1174 1645 1336 1708; x_wconf 77' lang='lat' dir='ltr'>Athenaeis</span> 
     </span>
     <span class='ocr_line' id='line_1_14' title="bbox 98 1741 1334 1823; baseline 0.003 -17"><span class='ocrx_word' id='word_1_114' title='bbox 98 1744 246 1823; x_wconf 77' lang='lat' dir='ltr'>theologo</span> <span class='ocrx_word' id='word_1_115' title='bbox 269 1741 397 1822; x_wconf 84' lang='lat' dir='ltr'>eiusque</span> <span class='ocrx_word' id='word_1_116' title='bbox 416 1741 539 1822; x_wconf 89' lang='lat' dir='ltr'>scriptis</span> <span class='ocrx_word' id='word_1_117' title='bbox 560 1741 668 1808; x_wconf 82' lang='lat' dir='ltr'>iudicis</span> <span class='ocrx_word' id='word_1_118' title='bbox 689 1743 820 1806; x_wconf 81' lang='lat' dir='ltr'>vicissim</span> <span class='ocrx_word' id='word_1_119' title='bbox 846 1743 923 1806; x_wconf 85' lang='lat' dir='ltr'>hene</span> <span class='ocrx_word' id='word_1_120' title='bbox 950 1743 1118 1808; x_wconf 87' lang='lat' dir='ltr'>babuerunt</span> <span class='ocrx_word' id='word_1_121' title='bbox 1145 1745 1219 1819; x_wconf 84' lang='grc' dir='ltr'>ιίιιι,</span> <span class='ocrx_word' id='word_1_122' title='bbox 1249 1756 1284 1808; x_wconf 91' lang='lat' dir='ltr'>ut</span> <span class='ocrx_word' id='word_1_123' title='bbox 1304 1747 1334 1812; x_wconf 86' lang='lat' dir='ltr'>ia</span> 
     </span>
     <span class='ocr_line' id='line_1_15' title="bbox 98 1843 1335 1926; baseline 0.002 -18"><span class='ocrx_word' id='word_1_124' title='bbox 98 1845 231 1908; x_wconf 79' lang='lat' dir='ltr'>historia</span> <span class='ocrx_word' id='word_1_125' title='bbox 254 1843 427 1924; x_wconf 77' lang='lat' dir='ltr'>dogmatum</span> <span class='ocrx_word' id='word_1_126' title='bbox 449 1843 598 1924; x_wconf 77' lang='lat' dir='ltr'>theologie</span> <span class='ocrx_word' id='word_1_127' title='bbox 620 1844 713 1924; x_wconf 86' lang='lat' dir='ltr'>putris</span> <span class='ocrx_word' id='word_1_128' title='bbox 728 1843 924 1908; x_wconf 73' lang='lat' dir='ltr'>orthodoxiae</span> <span class='ocrx_word' id='word_1_129' title='bbox 939 1845 990 1908; x_wconf 90' lang='lat' dir='ltr'>diu</span> <span class='ocrx_word' id='word_1_130' title='bbox 1005 1845 1204 1926; x_wconf 72' lang='lat' dir='ltr'>negligentius</span> <span class='ocrx_word' id='word_1_131' title='bbox 1226 1855 1335 1910; x_wconf 75' lang='lat' dir='ltr'>bacta-</span> 
     </span>
     <span class='ocr_line' id='line_1_16' title="bbox 101 1946 1336 2029; baseline 0.002 -21"><span class='ocrx_word' id='word_1_132' title='bbox 101 1953 186 2008; x_wconf 85' lang='lat' dir='ltr'>retur</span> <span class='ocrx_word' id='word_1_133' title='bbox 205 1964 265 2008; x_wconf 88' lang='lat' dir='ltr'>nec</span> <span class='ocrx_word' id='word_1_134' title='bbox 286 1951 402 2008; x_wconf 79' lang='grc' dir='ltr'>ιιιιιιιι</span> <span class='ocrx_word' id='word_1_135' title='bbox 434 1951 577 2026; x_wconf 75' lang='lat' dir='ltr'>quantum</span> <span class='ocrx_word' id='word_1_136' title='bbox 597 1963 652 2026; x_wconf 87' lang='lat' dir='ltr'>par</span> <span class='ocrx_word' id='word_1_137' title='bbox 674 1953 755 2020; x_wconf 78' lang='grc' dir='ltr'>ιιιι,</span> <span class='ocrx_word' id='word_1_138' title='bbox 789 1963 878 2009; x_wconf 87' lang='lat' dir='ltr'>curas</span> <span class='ocrx_word' id='word_1_139' title='bbox 898 1956 929 2009; x_wconf 90' lang='lat' dir='ltr'>et</span> <span class='ocrx_word' id='word_1_140' title='bbox 950 1946 1118 2028; x_wconf 72' lang='lat' dir='ltr'>diligentiue</span> <span class='ocrx_word' id='word_1_141' title='bbox 1138 1948 1259 2029; x_wconf 87' lang='lat' dir='ltr'>scriptis</span> <span class='ocrx_word' id='word_1_142' title='bbox 1281 1967 1336 2012; x_wconf 80' lang='lat' dir='ltr'>eu·</span> 
     </span>
    </p>
   </div>
   <div class='ocr_carea' id='block_1_3' title="bbox 97 2041 1338 2434">
    <p class='ocr_par' dir='ltr' id='par_1_3' title="bbox 97 2041 1338 2434">
     <span class='ocr_line' id='line_1_17' title="bbox 103 2041 1336 2129; baseline 0.003 -19"><span class='ocrx_word' id='word_1_143' title='bbox 103 2047 254 2110; x_wconf 77' lang='lat' dir='ltr'>metiendis</span> <span class='ocrx_word' id='word_1_144' title='bbox 276 2053 309 2108; x_wconf 87' lang='lat' dir='ltr'>et</span> <span class='ocrx_word' id='word_1_145' title='bbox 328 2045 485 2108; x_wconf 75' lang='lat' dir='ltr'>smtentiis</span> <span class='ocrx_word' id='word_1_146' title='bbox 506 2045 756 2110; x_wconf 83' lang='lat' dir='ltr'>reconditiorihus</span> <span class='ocrx_word' id='word_1_147' title='bbox 779 2049 921 2112; x_wconf 85' lang='lat' dir='ltr'>eruendis</span> <span class='ocrx_word' id='word_1_148' title='bbox 943 2041 1175 2129; x_wconf 85' lang='lat' dir='ltr'>impenderetur.</span> <span class='ocrx_word' id='word_1_149' title='bbox 1218 2051 1336 2114; x_wconf 83' lang='lat' dir='ltr'>Nostris</span> 
     </span>
     <span class='ocr_line' id='line_1_18' title="bbox 98 2145 1338 2229; baseline 0.006 -21"><span class='ocrx_word' id='word_1_150' title='bbox 98 2165 173 2210; x_wconf 78' lang='lat' dir='ltr'>uero</span> <span class='ocrx_word' id='word_1_151' title='bbox 197 2145 387 2227; x_wconf 75' lang='lat' dir='ltr'>temporibus</span> <span class='ocrx_word' id='word_1_152' title='bbox 415 2145 521 2210; x_wconf 89' lang='lat' dir='ltr'>studiis</span> <span class='ocrx_word' id='word_1_153' title='bbox 544 2147 687 2212; x_wconf 78' lang='lat' dir='ltr'>bicchieri</span> <span class='ocrx_word' id='word_1_154' title='bbox 708 2148 838 2229; x_wconf 81' lang='lat' dir='ltr'>primum</span> <span class='ocrx_word' id='word_1_155' title='bbox 866 2168 901 2212; x_wconf 88' lang='lat' dir='ltr'>ac</span> <span class='ocrx_word' id='word_1_156' title='bbox 921 2149 1068 2221; x_wconf 71' lang='lat' dir='ltr'>Noenum,</span> <span class='ocrx_word' id='word_1_157' title='bbox 1095 2150 1164 2212; x_wconf 89' lang='lat' dir='ltr'>dein</span> <span class='ocrx_word' id='word_1_158' title='bbox 1185 2150 1285 2214; x_wconf 79' lang='lat' dir='ltr'>beurii</span> <span class='ocrx_word' id='word_1_159' title='bbox 1307 2162 1338 2215; x_wconf 88' lang='lat' dir='ltr'>et</span> 
     </span>
     <span class='ocr_line' id='line_1_19' title="bbox 97 2247 1336 2332; baseline 0.002 -20"><span class='ocrx_word' id='word_1_160' title='bbox 97 2249 233 2312; x_wconf 81' lang='lat' dir='ltr'>berneri</span> <span class='ocrx_word' id='word_1_161' title='bbox 256 2247 424 2328; x_wconf 74' lang='lat' dir='ltr'>theologice</span> <span class='ocrx_word' id='word_1_162' title='bbox 444 2247 598 2311; x_wconf 74' lang='lat' dir='ltr'>Athanasii</span> <span class='ocrx_word' id='word_1_163' title='bbox 619 2248 755 2330; x_wconf 71' lang='lat' dir='ltr'>dogmate</span> <span class='ocrx_word' id='word_1_164' title='bbox 777 2249 902 2313; x_wconf 79' lang='lat' dir='ltr'>duriore</span> <span class='ocrx_word' id='word_1_165' title='bbox 923 2250 955 2312; x_wconf 92' lang='lat' dir='ltr'>in</span> <span class='ocrx_word' id='word_1_166' title='bbox 977 2250 1042 2314; x_wconf 85' lang='lat' dir='ltr'>luce</span> <span class='ocrx_word' id='word_1_167' title='bbox 1062 2251 1160 2332; x_wconf 88' lang='lat' dir='ltr'>posita</span> <span class='ocrx_word' id='word_1_168' title='bbox 1182 2261 1262 2330; x_wconf 71' lang='lat' dir='ltr'>suut,</span> <span class='ocrx_word' id='word_1_169' title='bbox 1284 2271 1336 2314; x_wconf 89' lang='lat' dir='ltr'>ea-</span> 
     </span>
     <span class='ocr_line' id='line_1_20' title="bbox 98 2349 1336 2434; baseline 0.003 -22"><span class='ocrx_word' id='word_1_170' title='bbox 98 2369 161 2432; x_wconf 78' lang='lat' dir='ltr'>qne</span> <span class='ocrx_word' id='word_1_171' title='bbox 182 2349 304 2412; x_wconf 85' lang='lat' dir='ltr'>ratione</span> <span class='ocrx_word' id='word_1_172' title='bbox 317 2349 421 2418; x_wconf 82' lang='lat' dir='ltr'>leudes</span> <span class='ocrx_word' id='word_1_173' title='bbox 442 2349 541 2431; x_wconf 73' lang='lat' dir='ltr'>mepm</span> <span class='ocrx_word' id='word_1_174' title='bbox 556 2350 611 2412; x_wconf 82' lang='lat' dir='ltr'>viri</span> <span class='ocrx_word' id='word_1_175' title='bbox 626 2369 687 2413; x_wconf 84' lang='lat' dir='ltr'>oon</span> <span class='ocrx_word' id='word_1_176' title='bbox 708 2351 807 2414; x_wconf 88' lang='lat' dir='ltr'>solum</span> <span class='ocrx_word' id='word_1_177' title='bbox 825 2351 865 2414; x_wconf 88' lang='lat' dir='ltr'>ab</span> <span class='ocrx_word' id='word_1_178' title='bbox 887 2351 1152 2416; x_wconf 74' lang='lat' dir='ltr'>obtrectationibus</span> <span class='ocrx_word' id='word_1_179' title='bbox 1174 2362 1204 2416; x_wconf 88' lang='lat' dir='ltr'>et</span> <span class='ocrx_word' id='word_1_180' title='bbox 1225 2354 1336 2434; x_wconf 87' lang='lat' dir='ltr'>iniqui-</span> 
     </span>
    </p>
   </div>
   <div class='ocr_carea' id='block_1_4' title="bbox 100 2450 1468 3946">
    <p class='ocr_par' dir='ltr' id='par_1_4' title="bbox 100 2450 1468 3946">
     <span class='ocr_line' id='line_1_21' title="bbox 100 2450 1339 2534; baseline 0.003 -20"><span class='ocrx_word' id='word_1_181' title='bbox 100 2451 216 2514; x_wconf 87' lang='lat' dir='ltr'>tatibus</span> <span class='ocrx_word' id='word_1_182' title='bbox 239 2450 414 2526; x_wconf 73' lang='lat' dir='ltr'>vindicatae,</span> <span class='ocrx_word' id='word_1_183' title='bbox 437 2451 492 2514; x_wconf 86' lang='lat' dir='ltr'>sed</span> <span class='ocrx_word' id='word_1_184' title='bbox 513 2451 603 2514; x_wconf 85' lang='lat' dir='ltr'>etiem</span> <span class='ocrx_word' id='word_1_185' title='bbox 625 2471 661 2516; x_wconf 81' lang='lat' dir='ltr'>ex</span> <span class='ocrx_word' id='word_1_186' title='bbox 689 2451 845 2516; x_wconf 84' lang='lat' dir='ltr'>subtiliore</span> <span class='ocrx_word' id='word_1_187' title='bbox 872 2471 973 2517; x_wconf 85' lang='lat' dir='ltr'>rerum</span> <span class='ocrx_word' id='word_1_188' title='bbox 996 2455 1165 2534; x_wconf 74' lang='lat' dir='ltr'>cognitione</span> <span class='ocrx_word' id='word_1_189' title='bbox 1185 2464 1287 2518; x_wconf 73' lang='lat' dir='ltr'>euoue</span> <span class='ocrx_word' id='word_1_190' title='bbox 1309 2465 1339 2518; x_wconf 88' lang='lat' dir='ltr'>et</span> 
     </span>
     <span class='ocr_line' id='line_1_22' title="bbox 100 2551 1337 2634; baseline 0.004 -20"><span class='ocrx_word' id='word_1_191' title='bbox 100 2551 281 2616; x_wconf 74' lang='lat' dir='ltr'>illustratos.</span> <span class='ocrx_word' id='word_1_192' title='bbox 325 2551 467 2614; x_wconf 80' lang='lat' dir='ltr'>Fetentur</span> <span class='ocrx_word' id='word_1_193' title='bbox 487 2551 578 2614; x_wconf 90' lang='lat' dir='ltr'>bodie</span> <span class='ocrx_word' id='word_1_194' title='bbox 600 2569 705 2616; x_wconf 88' lang='lat' dir='ltr'>omnes</span> <span class='ocrx_word' id='word_1_195' title='bbox 727 2553 778 2632; x_wconf 77' lang='lat' dir='ltr'>qui</span> <span class='ocrx_word' id='word_1_196' title='bbox 800 2554 929 2634; x_wconf 77' lang='lat' dir='ltr'>sepiunt,</span> <span class='ocrx_word' id='word_1_197' title='bbox 950 2551 1111 2618; x_wconf 75' lang='lat' dir='ltr'>hthuussio</span> <span class='ocrx_word' id='word_1_198' title='bbox 1133 2573 1200 2618; x_wconf 90' lang='lat' dir='ltr'>cum</span> <span class='ocrx_word' id='word_1_199' title='bbox 1221 2557 1337 2619; x_wconf 77' lang='lat' dir='ltr'>Arionis</span> 
     </span>
     <span class='ocr_line' id='line_1_23' title="bbox 103 2651 1338 2736; baseline 0.002 -21"><span class='ocrx_word' id='word_1_200' title='bbox 103 2673 168 2715; x_wconf 86' lang='lat' dir='ltr'>non</span> <span class='ocrx_word' id='word_1_201' title='bbox 190 2654 228 2716; x_wconf 89' lang='lat' dir='ltr'>de</span> <span class='ocrx_word' id='word_1_202' title='bbox 250 2651 429 2732; x_wconf 73' lang='lat' dir='ltr'>quaestione</span> <span class='ocrx_word' id='word_1_203' title='bbox 449 2653 629 2734; x_wconf 72' lang='lat' dir='ltr'>philosophe</span> <span class='ocrx_word' id='word_1_204' title='bbox 649 2653 694 2716; x_wconf 86' lang='lat' dir='ltr'>vei</span> <span class='ocrx_word' id='word_1_205' title='bbox 716 2653 900 2733; x_wconf 78' lang='lat' dir='ltr'>problemate</span> <span class='ocrx_word' id='word_1_206' title='bbox 921 2656 1124 2736; x_wconf 79' lang='lat' dir='ltr'>metaphysico</span> <span class='ocrx_word' id='word_1_207' title='bbox 1146 2655 1242 2719; x_wconf 87' lang='lat' dir='ltr'>inisse</span> <span class='ocrx_word' id='word_1_208' title='bbox 1263 2675 1338 2720; x_wconf 87' lang='lat' dir='ltr'>euu-</span> 
     </span>
     <span class='ocr_line' id='line_1_24' title="bbox 109 2737 1339 2836; baseline 0.002 -20"><span class='ocrx_word' id='word_1_209' title='bbox 109 2755 298 2828; x_wconf 74' lang='lat' dir='ltr'>ocresiam,</span> <span class='ocrx_word' id='word_1_210' title='bbox 313 2753 368 2816; x_wconf 89' lang='lat' dir='ltr'>sed</span> <span class='ocrx_word' id='word_1_211' title='bbox 382 2754 419 2816; x_wconf 85' lang='lat' dir='ltr'>de</span> <span class='ocrx_word' id='word_1_212' title='bbox 434 2737 626 2816; x_wconf 68' lang='lat' dir='ltr'>iundsmeutn</span> <span class='ocrx_word' id='word_1_213' title='bbox 641 2754 733 2817; x_wconf 79' lang='lat' dir='ltr'>totim</span> <span class='ocrx_word' id='word_1_214' title='bbox 749 2755 903 2835; x_wconf 76' lang='lat' dir='ltr'>religionis</span> <span class='ocrx_word' id='word_1_215' title='bbox 918 2753 1097 2818; x_wconf 79' lang='lat' dir='ltr'>christianae</span> <span class='ocrx_word' id='word_1_216' title='bbox 1112 2766 1200 2836; x_wconf 86' lang='lat' dir='ltr'>utque</span> <span class='ocrx_word' id='word_1_217' title='bbox 1213 2757 1288 2818; x_wconf 86' lang='lat' dir='ltr'>sdeu</span> <span class='ocrx_word' id='word_1_218' title='bbox 1303 2759 1339 2820; x_wconf 88' lang='lat' dir='ltr'>de</span> 
     </span>
     <span class='ocr_line' id='line_1_25' title="bbox 107 2853 1338 2938; baseline 0.004 -23"><span class='ocrx_word' id='word_1_219' title='bbox 107 2854 263 2935; x_wconf 72' lang='lat' dir='ltr'>pruscipali</span> <span class='ocrx_word' id='word_1_220' title='bbox 287 2853 394 2918; x_wconf 76' lang='lat' dir='ltr'>scintis</span> <span class='ocrx_word' id='word_1_221' title='bbox 414 2863 535 2920; x_wconf 81' lang='lat' dir='ltr'>nostroe</span> <span class='ocrx_word' id='word_1_222' title='bbox 556 2873 664 2928; x_wconf 83' lang='lat' dir='ltr'>cause,</span> <span class='ocrx_word' id='word_1_223' title='bbox 691 2856 930 2938; x_wconf 80' lang='lat' dir='ltr'>quendoepridem</span> <span class='ocrx_word' id='word_1_224' title='bbox 953 2855 1012 2936; x_wconf 91' lang='lat' dir='ltr'>ipsi</span> <span class='ocrx_word' id='word_1_225' title='bbox 1034 2856 1064 2918; x_wconf 91' lang='lat' dir='ltr'>id</span> <span class='ocrx_word' id='word_1_226' title='bbox 1080 2858 1258 2932; x_wconf 80' lang='lat' dir='ltr'>constiterit,</span> <span class='ocrx_word' id='word_1_227' title='bbox 1280 2857 1338 2920; x_wconf 89' lang='lat' dir='ltr'>nisi</span> 
     </span>
     <span class='ocr_line' id='line_1_26' title="bbox 105 2955 1337 3039; baseline 0.003 -21"><span class='ocrx_word' id='word_1_228' title='bbox 105 2955 187 3018; x_wconf 78' lang='lat' dir='ltr'>titius</span> <span class='ocrx_word' id='word_1_229' title='bbox 209 2957 252 3020; x_wconf 86' lang='lat' dir='ltr'>sit</span> <span class='ocrx_word' id='word_1_230' title='bbox 274 2955 364 3018; x_wconf 88' lang='lat' dir='ltr'>unius</span> <span class='ocrx_word' id='word_1_231' title='bbox 388 2955 581 3035; x_wconf 87' lang='lat' dir='ltr'>eiusdemque</span> <span class='ocrx_word' id='word_1_232' title='bbox 602 2955 787 3020; x_wconf 84' lang='lat' dir='ltr'>substantioe</span> <span class='ocrx_word' id='word_1_233' title='bbox 809 2975 876 3020; x_wconf 87' lang='lat' dir='ltr'>cum</span> <span class='ocrx_word' id='word_1_234' title='bbox 897 2964 992 3039; x_wconf 85' lang='lat' dir='ltr'>putre,</span> <span class='ocrx_word' id='word_1_235' title='bbox 1014 2975 1070 3038; x_wconf 90' lang='lat' dir='ltr'>per</span> <span class='ocrx_word' id='word_1_236' title='bbox 1089 2975 1158 3022; x_wconf 85' lang='lat' dir='ltr'>eum</span> <span class='ocrx_word' id='word_1_237' title='bbox 1174 2977 1230 3022; x_wconf 88' lang='lat' dir='ltr'>nec</span> <span class='ocrx_word' id='word_1_238' title='bbox 1250 2959 1337 3022; x_wconf 89' lang='lat' dir='ltr'>deum</span> 
     </span>
     <span class='ocr_line' id='line_1_27' title="bbox 103 3057 1338 3137; baseline 0.002 -17"><span class='ocrx_word' id='word_1_239' title='bbox 103 3057 283 3120; x_wconf 85' lang='lat' dir='ltr'>bominibus</span> <span class='ocrx_word' id='word_1_240' title='bbox 305 3057 436 3137; x_wconf 75' lang='lat' dir='ltr'>perfecte</span> <span class='ocrx_word' id='word_1_241' title='bbox 459 3057 640 3131; x_wconf 85' lang='lat' dir='ltr'>innotuisse,</span> <span class='ocrx_word' id='word_1_242' title='bbox 662 3059 871 3122; x_wconf 85' lang='lat' dir='ltr'>nechemines</span> <span class='ocrx_word' id='word_1_243' title='bbox 893 3077 959 3122; x_wconf 91' lang='lat' dir='ltr'>eum</span> <span class='ocrx_word' id='word_1_244' title='bbox 982 3059 1124 3122; x_wconf 73' lang='lat' dir='ltr'>decime</span> <span class='ocrx_word' id='word_1_245' title='bbox 1139 3079 1208 3124; x_wconf 89' lang='lat' dir='ltr'>esse</span> <span class='ocrx_word' id='word_1_246' title='bbox 1229 3079 1338 3132; x_wconf 82' lang='lat' dir='ltr'>recou-</span> 
     </span>
     <span class='ocr_line' id='line_1_28' title="bbox 106 3157 1339 3241; baseline 0.003 -21"><span class='ocrx_word' id='word_1_247' title='bbox 106 3159 225 3222; x_wconf 81' lang='lat' dir='ltr'>cibatus</span> <span class='ocrx_word' id='word_1_248' title='bbox 248 3166 280 3220; x_wconf 85' lang='lat' dir='ltr'>ct</span> <span class='ocrx_word' id='word_1_249' title='bbox 306 3157 350 3219; x_wconf 86' lang='lat' dir='ltr'>eb</span> <span class='ocrx_word' id='word_1_250' title='bbox 375 3157 545 3220; x_wconf 78' lang='lat' dir='ltr'>adsensuria</span> <span class='ocrx_word' id='word_1_251' title='bbox 577 3167 725 3238; x_wconf 85' lang='lat' dir='ltr'>potestate</span> <span class='ocrx_word' id='word_1_252' title='bbox 756 3161 946 3240; x_wconf 86' lang='lat' dir='ltr'>redemptos.</span> <span class='ocrx_word' id='word_1_253' title='bbox 980 3161 1038 3223; x_wconf 86' lang='lat' dir='ltr'>uisi</span> <span class='ocrx_word' id='word_1_254' title='bbox 1071 3161 1161 3241; x_wconf 74' lang='lat' dir='ltr'>igiter</span> <span class='ocrx_word' id='word_1_255' title='bbox 1192 3163 1339 3237; x_wconf 76' lang='lat' dir='ltr'>medetur,</span> 
     </span>
     <span class='ocr_line' id='line_1_29' title="bbox 106 3253 1339 3360; baseline 0.005 -40"><span class='ocrx_word' id='word_1_256' title='bbox 106 3259 197 3360; x_wconf 81' lang='lat' dir='ltr'>qnod</span> <span class='ocrx_word' id='word_1_257' title='bbox 211 3253 351 3322; x_wconf 75' lang='lat' dir='ltr'>cornuta</span> <span class='ocrx_word' id='word_1_258' title='bbox 355 3257 482 3320; x_wconf 87' lang='lat' dir='ltr'>Nimeuu</span> <span class='ocrx_word' id='word_1_259' title='bbox 497 3257 620 3322; x_wconf 88' lang='lat' dir='ltr'>credere</span> <span class='ocrx_word' id='word_1_260' title='bbox 643 3259 751 3335; x_wconf 81' lang='lat' dir='ltr'>iubent,</span> <span class='ocrx_word' id='word_1_261' title='bbox 775 3269 888 3324; x_wconf 90' lang='lat' dir='ltr'>temere</span> <span class='ocrx_word' id='word_1_262' title='bbox 909 3261 1046 3324; x_wconf 75' lang='lat' dir='ltr'>fiducim</span> <span class='ocrx_word' id='word_1_263' title='bbox 1062 3279 1182 3326; x_wconf 86' lang='lat' dir='ltr'>omnem</span> <span class='ocrx_word' id='word_1_264' title='bbox 1204 3271 1235 3324; x_wconf 88' lang='lat' dir='ltr'>et</span> <span class='ocrx_word' id='word_1_265' title='bbox 1256 3281 1339 3344; x_wconf 77' lang='lat' dir='ltr'>speum</span> 
     </span>
     <span class='ocr_line' id='line_1_30' title="bbox 108 3325 1340 3442; baseline 0.003 -20"><span class='ocrx_word' id='word_1_266' title='bbox 108 3325 281 3422; x_wconf 85' lang='lat' dir='ltr'>collocari</span> <span class='ocrx_word' id='word_1_267' title='bbox 272 3377 307 3422; x_wconf 89' lang='lat' dir='ltr'>m</span> <span class='ocrx_word' id='word_1_268' title='bbox 327 3357 456 3422; x_wconf 62' lang='lat' dir='ltr'>(bristo.</span> <span class='ocrx_word' id='word_1_269' title='bbox 509 3359 544 3422; x_wconf 83' lang='lat' dir='ltr'>id</span> <span class='ocrx_word' id='word_1_270' title='bbox 565 3367 663 3424; x_wconf 84' lang='lat' dir='ltr'>sutem</span> <span class='ocrx_word' id='word_1_271' title='bbox 686 3361 737 3442; x_wconf 88' lang='lat' dir='ltr'>qui</span> <span class='ocrx_word' id='word_1_272' title='bbox 761 3369 880 3436; x_wconf 89' lang='lat' dir='ltr'>tenent,</span> <span class='ocrx_word' id='word_1_273' title='bbox 913 3361 1053 3426; x_wconf 86' lang='lat' dir='ltr'>iudicium</span> <span class='ocrx_word' id='word_1_274' title='bbox 1086 3381 1174 3426; x_wconf 89' lang='lat' dir='ltr'>suum</span> <span class='ocrx_word' id='word_1_275' title='bbox 1195 3364 1233 3424; x_wconf 87' lang='lat' dir='ltr'>ad</span> <span class='ocrx_word' id='word_1_276' title='bbox 1254 3363 1340 3426; x_wconf 79' lang='lat' dir='ltr'>elium</span> 
     </span>
     <span class='ocr_line' id='line_1_31' title="bbox 109 3460 1341 3544; baseline 0.002 -21"><span class='ocrx_word' id='word_1_277' title='bbox 109 3460 245 3542; x_wconf 73' lang='lat' dir='ltr'>dirigumt</span> <span class='ocrx_word' id='word_1_278' title='bbox 264 3477 412 3534; x_wconf 83' lang='lat' dir='ltr'>normam,</span> <span class='ocrx_word' id='word_1_279' title='bbox 434 3468 523 3540; x_wconf 86' lang='lat' dir='ltr'>atquc</span> <span class='ocrx_word' id='word_1_280' title='bbox 545 3479 580 3522; x_wconf 83' lang='lat' dir='ltr'>es</span> <span class='ocrx_word' id='word_1_281' title='bbox 601 3461 667 3536; x_wconf 87' lang='lat' dir='ltr'>init,</span> <span class='ocrx_word' id='word_1_282' title='bbox 689 3481 751 3542; x_wconf 85' lang='lat' dir='ltr'>quu</span> <span class='ocrx_word' id='word_1_283' title='bbox 768 3461 984 3526; x_wconf 81' lang='lat' dir='ltr'>obtrectatores</span> <span class='ocrx_word' id='word_1_284' title='bbox 1007 3464 1105 3544; x_wconf 74' lang='lat' dir='ltr'>magni</span> <span class='ocrx_word' id='word_1_285' title='bbox 1121 3463 1262 3528; x_wconf 82' lang='lat' dir='ltr'>eeclesiae</span> <span class='ocrx_word' id='word_1_286' title='bbox 1284 3464 1341 3527; x_wconf 89' lang='lat' dir='ltr'>do·</span> 
     </span>
     <span class='ocr_line' id='line_1_32' title="bbox 112 3559 1341 3643; baseline 0.002 -17"><span class='ocrx_word' id='word_1_287' title='bbox 112 3563 203 3626; x_wconf 84' lang='lat' dir='ltr'>cteris</span> <span class='ocrx_word' id='word_1_288' title='bbox 237 3579 312 3626; x_wconf 87' lang='lat' dir='ltr'>usus</span> <span class='ocrx_word' id='word_1_289' title='bbox 347 3577 415 3624; x_wconf 88' lang='lat' dir='ltr'>esse</span> <span class='ocrx_word' id='word_1_290' title='bbox 436 3559 588 3636; x_wconf 82' lang='lat' dir='ltr'>ridemus,</span> <span class='ocrx_word' id='word_1_291' title='bbox 621 3581 677 3626; x_wconf 89' lang='lat' dir='ltr'>nec</span> <span class='ocrx_word' id='word_1_292' title='bbox 704 3572 849 3643; x_wconf 83' lang='lat' dir='ltr'>possunt,</span> <span class='ocrx_word' id='word_1_293' title='bbox 882 3563 910 3626; x_wconf 91' lang='lat' dir='ltr'>si</span> <span class='ocrx_word' id='word_1_294' title='bbox 937 3563 1056 3643; x_wconf 86' lang='lat' dir='ltr'>quidem</span> <span class='ocrx_word' id='word_1_295' title='bbox 1079 3565 1239 3630; x_wconf 75' lang='lat' dir='ltr'>Christiani</span> <span class='ocrx_word' id='word_1_296' title='bbox 1261 3573 1341 3639; x_wconf 82' lang='lat' dir='ltr'>sunt,</span> 
     </span>
     <span class='ocr_line' id='line_1_33' title="bbox 113 3661 1342 3747; baseline 0.002 -19"><span class='ocrx_word' id='word_1_297' title='bbox 113 3663 241 3728; x_wconf 73' lang='lat' dir='ltr'>mimum</span> <span class='ocrx_word' id='word_1_298' title='bbox 272 3661 432 3735; x_wconf 81' lang='lat' dir='ltr'>inducere,</span> <span class='ocrx_word' id='word_1_299' title='bbox 465 3670 500 3724; x_wconf 89' lang='lat' dir='ltr'>ut</span> <span class='ocrx_word' id='word_1_300' title='bbox 530 3681 604 3742; x_wconf 81' lang='lat' dir='ltr'>quse</span> <span class='ocrx_word' id='word_1_301' title='bbox 625 3665 657 3726; x_wconf 93' lang='lat' dir='ltr'>iu</span> <span class='ocrx_word' id='word_1_302' title='bbox 678 3664 736 3726; x_wconf 91' lang='lat' dir='ltr'>elio</span> <span class='ocrx_word' id='word_1_303' title='bbox 769 3664 875 3744; x_wconf 74' lang='lat' dir='ltr'>quovis</span> <span class='ocrx_word' id='word_1_304' title='bbox 907 3665 1024 3728; x_wconf 85' lang='lat' dir='ltr'>virtutis</span> <span class='ocrx_word' id='word_1_305' title='bbox 1046 3675 1078 3728; x_wconf 90' lang='lat' dir='ltr'>et</span> <span class='ocrx_word' id='word_1_306' title='bbox 1108 3667 1342 3747; x_wconf 71' lang='lat' dir='ltr'>mspniuoeudse</span> 
     </span>
     <span class='ocr_line' id='line_1_34' title="bbox 115 3763 1343 3849; baseline 0.004 -24"><span class='ocrx_word' id='word_1_307' title='bbox 115 3764 197 3844; x_wconf 68' lang='lat' dir='ltr'>signa</span> <span class='ocrx_word' id='word_1_308' title='bbox 211 3764 390 3847; x_wconf 83' lang='lat' dir='ltr'>probentur,</span> <span class='ocrx_word' id='word_1_309' title='bbox 405 3763 508 3826; x_wconf 82' lang='lat' dir='ltr'>endem</span> <span class='ocrx_word' id='word_1_310' title='bbox 520 3763 550 3825; x_wconf 92' lang='lat' dir='ltr'>in</span> <span class='ocrx_word' id='word_1_311' title='bbox 565 3763 625 3826; x_wconf 92' lang='lat' dir='ltr'>buc</span> <span class='ocrx_word' id='word_1_312' title='bbox 637 3765 851 3844; x_wconf 80' lang='lat' dir='ltr'>vituperentur.</span> <span class='ocrx_word' id='word_1_313' title='bbox 895 3765 996 3828; x_wconf 77' lang='lat' dir='ltr'>Virum</span> <span class='ocrx_word' id='word_1_314' title='bbox 1013 3767 1091 3829; x_wconf 88' lang='lat' dir='ltr'>enim</span> <span class='ocrx_word' id='word_1_315' title='bbox 1106 3767 1138 3829; x_wconf 92' lang='lat' dir='ltr'>iu</span> <span class='ocrx_word' id='word_1_316' title='bbox 1153 3769 1343 3849; x_wconf 76' lang='lat' dir='ltr'>episcopatus</span> 
     </span>
     <span class='ocr_line' id='line_1_35' title="bbox 113 3863 1468 3946; baseline 0.001 -18"><span class='ocrx_word' id='word_1_317' title='bbox 113 3865 231 3946; x_wconf 77' lang='lat' dir='ltr'>iastigio</span> <span class='ocrx_word' id='word_1_318' title='bbox 263 3864 396 3946; x_wconf 84' lang='lat' dir='ltr'>positum</span> <span class='ocrx_word' id='word_1_319' title='bbox 418 3863 450 3926; x_wconf 87' lang='lat' dir='ltr'>iu</span> <span class='ocrx_word' id='word_1_320' title='bbox 480 3863 665 3927; x_wconf 76' lang='lat' dir='ltr'>defendenda</span> <span class='ocrx_word' id='word_1_321' title='bbox 693 3884 728 3928; x_wconf 85' lang='lat' dir='ltr'>sc</span> <span class='ocrx_word' id='word_1_322' title='bbox 756 3865 932 3930; x_wconf 86' lang='lat' dir='ltr'>stobiiiendu</span> <span class='ocrx_word' id='word_1_323' title='bbox 964 3868 1022 3932; x_wconf 83' lang='lat' dir='ltr'>fide</span> <span class='ocrx_word' id='word_1_324' title='bbox 1044 3868 1187 3942; x_wconf 85' lang='lat' dir='ltr'>Niceene,</span> <span class='ocrx_word' id='word_1_325' title='bbox 1221 3885 1257 3930; x_wconf 83' lang='lat' dir='ltr'>ex</span> <span class='ocrx_word' id='word_1_326' title='bbox 1286 3883 1342 3946; x_wconf 72' lang='lat' dir='ltr'>osa</span> <span class='ocrx_word' id='word_1_327' title='bbox 1464 3908 1468 3920; x_wconf 49' lang='grc' dir='ltr'>ι</span> 
     </span>
    </p>
   </div>
   <div class='ocr_carea' id='block_1_5' title="bbox 112 4097 1348 4676">
    <p class='ocr_par' dir='ltr' id='par_1_5' title="bbox 112 4097 1348 4676">
     <span class='ocr_line' id='line_1_36' title="bbox 179 4097 1342 4169; baseline 0 -17"><span class='ocrx_word' id='word_1_328' title='bbox 179 4101 298 4164; x_wconf 65' lang='lat' dir='ltr'>&#39;i&#39;i&#39;ctigi</span> <span class='ocrx_word' id='word_1_329' title='bbox 317 4099 357 4150; x_wconf 83' lang='lat' dir='ltr'>bis</span> <span class='ocrx_word' id='word_1_330' title='bbox 372 4100 451 4151; x_wconf 68' lang='lat' dir='ltr'>uubis</span> <span class='ocrx_word' id='word_1_331' title='bbox 467 4097 649 4165; x_wconf 76' lang='lat' dir='ltr'>iniquissimum</span> <span class='ocrx_word' id='word_1_332' title='bbox 667 4107 691 4151; x_wconf 89' lang='lat' dir='ltr'>at</span> <span class='ocrx_word' id='word_1_333' title='bbox 708 4101 863 4154; x_wconf 83' lang='lat' dir='ltr'>dnn&#39;ssitnnm</span> <span class='ocrx_word' id='word_1_334' title='bbox 881 4103 1005 4169; x_wconf 86' lang='lat' dir='ltr'>iudicium,</span> <span class='ocrx_word' id='word_1_335' title='bbox 1023 4103 1090 4167; x_wconf 85' lang='lat' dir='ltr'>quod</span> <span class='ocrx_word' id='word_1_336' title='bbox 1107 4101 1215 4152; x_wconf 84' lang='lat' dir='ltr'>iiankius</span> <span class='ocrx_word' id='word_1_337' title='bbox 1233 4099 1342 4152; x_wconf 79' lang='lat' dir='ltr'>dehthu·</span> 
     </span>
     <span class='ocr_line' id='line_1_37' title="bbox 112 4183 1344 4258; baseline 0.002 -22"><span class='ocrx_word' id='word_1_338' title='bbox 112 4185 183 4236; x_wconf 72' lang='lat' dir='ltr'>ouis</span> <span class='ocrx_word' id='word_1_339' title='bbox 208 4185 372 4251; x_wconf 76' lang='lat' dir='ltr'>pronuntient</span> <span class='ocrx_word' id='word_1_340' title='bbox 397 4185 423 4236; x_wconf 86' lang='lat' dir='ltr'>in</span> <span class='ocrx_word' id='word_1_341' title='bbox 439 4185 501 4236; x_wconf 70' lang='lat' dir='ltr'>utre</span> <span class='ocrx_word' id='word_1_342' title='bbox 528 4184 631 4238; x_wconf 73' lang='lat' dir='ltr'>muers</span> <span class='ocrx_word' id='word_1_343' title='bbox 659 4185 776 4238; x_wconf 77' lang='grc' dir='ltr'>ιιιιιιιιι</span> <span class='ocrx_word' id='word_1_344' title='bbox 802 4187 946 4240; x_wconf 64' lang='lat' dir='ltr'>consume</span> <span class='ocrx_word' id='word_1_345' title='bbox 964 4189 1003 4239; x_wconf 83' lang='lat' dir='ltr'>ad.</span> <span class='ocrx_word' id='word_1_346' title='bbox 1021 4187 1058 4258; x_wconf 70' lang='lat' dir='ltr'>ly.</span> <span class='ocrx_word' id='word_1_347' title='bbox 1078 4183 1127 4237; x_wconf 75' lang='lat' dir='ltr'>iol.</span> <span class='ocrx_word' id='word_1_348' title='bbox 1145 4186 1163 4235; x_wconf 89' lang='grc' dir='ltr'>Ι.</span> <span class='ocrx_word' id='word_1_349' title='bbox 1186 4197 1210 4250; x_wconf 87' lang='lat' dir='ltr'>p.</span> <span class='ocrx_word' id='word_1_350' title='bbox 1230 4185 1288 4238; x_wconf 79' lang='lat' dir='ltr'>tou.</span> <span class='ocrx_word' id='word_1_351' title='bbox 1306 4198 1344 4251; x_wconf 83' lang='lat' dir='ltr'>sq.</span> 
     </span>
     <span class='ocr_line' id='line_1_38' title="bbox 113 4269 1346 4338; baseline 0.002 -18"><span class='ocrx_word' id='word_1_352' title='bbox 113 4269 208 4332; x_wconf 57' lang='lat' dir='ltr'>‚Mna</span> <span class='ocrx_word' id='word_1_353' title='bbox 222 4271 365 4322; x_wconf 66' lang='lat' dir='ltr'>ammius</span> <span class='ocrx_word' id='word_1_354' title='bbox 391 4271 472 4334; x_wconf 70' lang='lat' dir='ltr'>{odim</span> <span class='ocrx_word' id='word_1_355' title='bbox 489 4272 612 4334; x_wconf 71' lang='lat' dir='ltr'>outonis·</span> <span class='ocrx_word' id='word_1_356' title='bbox 628 4279 704 4335; x_wconf 75' lang='lat' dir='ltr'>utre,</span> <span class='ocrx_word' id='word_1_357' title='bbox 731 4287 759 4326; x_wconf 83' lang='grc' dir='ltr'>ιι</span> <span class='ocrx_word' id='word_1_358' title='bbox 775 4274 853 4326; x_wconf 73' lang='lat' dir='ltr'>eorda</span> <span class='ocrx_word' id='word_1_359' title='bbox 876 4275 938 4328; x_wconf 76' lang='lat' dir='ltr'>uadi</span> <span class='ocrx_word' id='word_1_360' title='bbox 960 4271 1042 4338; x_wconf 72' lang='lat' dir='ltr'>peter</span> <span class='ocrx_word' id='word_1_361' title='bbox 1057 4273 1120 4324; x_wconf 77' lang='lat' dir='ltr'>huda</span> <span class='ocrx_word' id='word_1_362' title='bbox 1143 4273 1264 4338; x_wconf 71' lang='lat' dir='ltr'>penordeo</span> <span class='ocrx_word' id='word_1_363' title='bbox 1280 4273 1346 4332; x_wconf 70' lang='lat' dir='ltr'>satit,⁸</span> 
     </span>
     <span class='ocr_line' id='line_1_39' title="bbox 115 4353 1346 4426; baseline -0.001 -21"><span class='ocrx_word' id='word_1_364' title='bbox 115 4353 176 4405; x_wconf 81' lang='lat' dir='ltr'>deas</span> <span class='ocrx_word' id='word_1_365' title='bbox 193 4357 270 4406; x_wconf 79' lang='lat' dir='ltr'>dieser</span> <span class='ocrx_word' id='word_1_366' title='bbox 287 4355 448 4418; x_wconf 63' lang='lat' dir='ltr'>metentis·</span> <span class='ocrx_word' id='word_1_367' title='bbox 466 4354 596 4422; x_wconf 69' lang='lat' dir='ltr'>Storrkops,</span> <span class='ocrx_word' id='word_1_368' title='bbox 617 4357 663 4408; x_wconf 76' lang='lat' dir='ltr'>den</span> <span class='ocrx_word' id='word_1_369' title='bbox 678 4357 741 4408; x_wconf 72' lang='lat' dir='ltr'>diter</span> <span class='ocrx_word' id='word_1_370' title='bbox 756 4359 806 4410; x_wconf 80' lang='lat' dir='ltr'>cod</span> <span class='ocrx_word' id='word_1_371' title='bbox 823 4359 910 4410; x_wconf 78' lang='lat' dir='ltr'>beiden</span> <span class='ocrx_word' id='word_1_372' title='bbox 920 4371 967 4426; x_wconf 73' lang='lat' dir='ltr'>ote</span> <span class='ocrx_word' id='word_1_373' title='bbox 982 4359 1062 4408; x_wconf 84' lang='grc' dir='ltr'>ιἰιιιιιιι</span> <span class='ocrx_word' id='word_1_374' title='bbox 1073 4357 1234 4422; x_wconf 71' lang='lat' dir='ltr'>monueram</span> <span class='ocrx_word' id='word_1_375' title='bbox 1245 4355 1346 4420; x_wconf 71' lang='lat' dir='ltr'>amit</span> 
     </span>
     <span class='ocr_line' id='line_1_40' title="bbox 115 4435 1348 4508; baseline 0.003 -22"><span class='ocrx_word' id='word_1_376' title='bbox 115 4437 206 4500; x_wconf 77' lang='grc' dir='ltr'>ιιιιιι,</span> <span class='ocrx_word' id='word_1_377' title='bbox 231 4453 280 4490; x_wconf 81' lang='lat' dir='ltr'>usr</span> <span class='ocrx_word' id='word_1_378' title='bbox 298 4439 373 4490; x_wconf 74' lang='lat' dir='ltr'>durch</span> <span class='ocrx_word' id='word_1_379' title='bbox 395 4439 446 4490; x_wconf 77' lang='lat' dir='ltr'>sete</span> <span class='ocrx_word' id='word_1_380' title='bbox 469 4441 648 4504; x_wconf 78' lang='lat' dir='ltr'>ouspehreitetes</span> <span class='ocrx_word' id='word_1_381' title='bbox 671 4443 815 4507; x_wconf 74' lang='lat' dir='ltr'>petietendes</span> <span class='ocrx_word' id='word_1_382' title='bbox 838 4443 931 4493; x_wconf 80' lang='lat' dir='ltr'>inscio</span> <span class='ocrx_word' id='word_1_383' title='bbox 954 4441 995 4492; x_wconf 82' lang='lat' dir='ltr'>der</span> <span class='ocrx_word' id='word_1_384' title='bbox 1011 4441 1186 4508; x_wconf 81' lang='lat' dir='ltr'>iioopturdeier</span> <span class='ocrx_word' id='word_1_385' title='bbox 1207 4454 1252 4490; x_wconf 83' lang='lat' dir='ltr'>oon</span> <span class='ocrx_word' id='word_1_386' title='bbox 1273 4435 1348 4487; x_wconf 75' lang='lat' dir='ltr'>stelen</span> 
     </span>
     <span class='ocr_line' id='line_1_41' title="bbox 117 4519 1347 4590; baseline -0.002 -20"><span class='ocrx_word' id='word_1_387' title='bbox 117 4519 290 4588; x_wconf 68' lang='lat' dir='ltr'>invitemos</span> <span class='ocrx_word' id='word_1_388' title='bbox 305 4523 356 4574; x_wconf 76' lang='lat' dir='ltr'>aad</span> <span class='ocrx_word' id='word_1_389' title='bbox 371 4537 417 4574; x_wconf 78' lang='lat' dir='ltr'>ooo</span> <span class='ocrx_word' id='word_1_390' title='bbox 434 4524 487 4574; x_wconf 83' lang='lat' dir='ltr'>deut</span> <span class='ocrx_word' id='word_1_391' title='bbox 497 4523 599 4587; x_wconf 62' lang='lat' dir='ltr'>omues</span> <span class='ocrx_word' id='word_1_392' title='bbox 615 4525 794 4577; x_wconf 78' lang='grc' dir='ltr'>ιιιιιιιιιιιιιιιι</span> <span class='ocrx_word' id='word_1_393' title='bbox 807 4525 930 4578; x_wconf 71' lang='lat' dir='ltr'>henschen</span> <span class='ocrx_word' id='word_1_394' title='bbox 946 4523 1077 4590; x_wconf 75' lang='lat' dir='ltr'>pmeaeu.“</span> <span class='ocrx_word' id='word_1_395' title='bbox 1112 4522 1261 4575; x_wconf 74' lang='lat' dir='ltr'>Sententiam</span> <span class='ocrx_word' id='word_1_396' title='bbox 1279 4533 1347 4569; x_wconf 85' lang='lat' dir='ltr'>suem</span> 
     </span>
     <span class='ocr_line' id='line_1_42' title="bbox 116 4603 1249 4676; baseline -0.002 -20"><span class='ocrx_word' id='word_1_397' title='bbox 116 4603 145 4656; x_wconf 81' lang='lat' dir='ltr'>de</span> <span class='ocrx_word' id='word_1_398' title='bbox 161 4607 326 4660; x_wconf 78' lang='lat' dir='ltr'>eomrosartia</span> <span class='ocrx_word' id='word_1_399' title='bbox 342 4606 428 4659; x_wconf 72' lang='lat' dir='ltr'>triam</span> <span class='ocrx_word' id='word_1_400' title='bbox 443 4605 482 4658; x_wconf 80' lang='lat' dir='ltr'>rei</span> <span class='ocrx_word' id='word_1_401' title='bbox 500 4607 531 4658; x_wconf 89' lang='lat' dir='ltr'>de</span> <span class='ocrx_word' id='word_1_402' title='bbox 549 4607 658 4673; x_wconf 63' lang='lat' dir='ltr'>domate</span> <span class='ocrx_word' id='word_1_403' title='bbox 675 4609 782 4664; x_wconf 78' lang='lat' dir='ltr'>Nitsenu</span> <span class='ocrx_word' id='word_1_404' title='bbox 800 4615 870 4662; x_wconf 79' lang='lat' dir='ltr'>antee</span> <span class='ocrx_word' id='word_1_405' title='bbox 886 4623 911 4676; x_wconf 91' lang='lat' dir='ltr'>p.</span> <span class='ocrx_word' id='word_1_406' title='bbox 929 4607 987 4662; x_wconf 79' lang='lat' dir='ltr'>uta.</span> <span class='ocrx_word' id='word_1_407' title='bbox 1006 4623 1043 4675; x_wconf 69' lang='lat' dir='ltr'>so</span> <span class='ocrx_word' id='word_1_408' title='bbox 1060 4609 1186 4674; x_wconf 79' lang='lat' dir='ltr'>protessus</span> <span class='ocrx_word' id='word_1_409' title='bbox 1205 4611 1249 4655; x_wconf 80' lang='lat' dir='ltr'>est.</span> 
     </span>
    </p>
   </div>
   <div class='ocr_carea' id='block_1_6' title="bbox 0 0 1570 5064">
    <p class='ocr_par' dir='ltr' id='par_1_6' title="bbox 0 0 1570 5064">
     <span class='ocr_line' id='line_1_43' title="bbox 0 0 1570 5064; baseline 0 0"><span class='ocrx_word' id='word_1_410' title='bbox 0 0 1570 5064; x_wconf 95' lang='lat' dir='ltr'> </span> 
     </span>
    </p>
   </div>
  </div>
 </body>
</html>
