3062 5044
425 329 582 412 nutarent
597 329 633 372 tr.
649 330 686 373 ao
701 330 897 376 ssaasrousu.
1210 319 1273 385 805

342 433 353 462 Ι

56 477 249 552 berntntem,
261 480 325 544 ausi
344 490 448 546 essent
468 482 575 556 diuers,
598 499 697 544 rerum
718 490 853 546 naturam
871 484 1073 550 alleelzebule
1088 488 1181 550 luisse
1196 505 1367 550 con-nnn:

55 579 155 654 ditem
179 573 360 656 ant'solem,
383 581 554 670 utldiubolo
578 583 807 664 obsequeretur,
832 585 920 660 oriri,
944 597 974 650 et
995 589 1059 656 eius
1082 607 1171 652 causa
1192 595 1274 652 astra
1360 647 1365 658 .

55 681 86 742 iu
108 683 190 760 caelo
210 683 377 765 circumagi.
420 679 494 748 Nain
516 685 761 766 quemadmodum
782 687 855 749 baeu
868 688 920 752 Dea'
938 698 1016 763 sant,
1038 690 1077 753 ita
1101 703 1131 753 et
1151 685 1272 755 illa'Pa·

55 785 110 848 tris
124 793 217 848 -eraut
238 805 346 888 operp,
374 795 404 850 et
424 787 521 852 slilla
542 787 739 862 Beelzebulis,
768 791 940 854 neeessario
964 801 994 854 et
1014 792 1071 856 ista
1092 793 1274 856 Beelnebulis

54 886 180 962 tuerint3
202 897 233 948 st
254 907 397 976 quorsum
418 891 523 970 postea
545 891 619 952 baeo
638 892 782 954 referent:
805 891 843 954 lta
854 897 1007 975 principio
1021 895 1094 974 sarit
1108 895 1189 958 Deus
1206 915 1274 958 eue-

55 987 116 1050 lunr
138 1001 167 1051 et
189 989 326 1053 terram?
359 991 478 1064 ,Verum
498 1009 559 1054 non
580 991 715 1054 insolens
737 1004 784 1054 est
805 993 917 1056 isthaec
936 1012 1038 1057 eorum
1054 996 1178 1058 insania.
1223 997 1273 1060 si-

54 1089 171 1168 quidem
196 1091 301 1157 boratnt
324 1093 425 1160 lintres
449 1094 549 1156 eadem
572 1103 671 1156 mente
692 1093 816 1175 praediti
838 1091 868 1156 iu
891 1113 1008 1170 eremo,
1035 1112 1101 1160 enm
1123 1115 1218 1177 nuper
1239 1117 1275 1160 ex

53 1192 184 1273 Aegypto
207 1195 321 1273 egressi
344 1203 461 1268 essent,
484 1177 573 1258 ritdlo
596 1215 612 1258 a
635 1215 670 1258 se
691 1187 817 1273 cqnd'stu
839 1189 891 1257 nn
914 1215 982 1278 erga
1005 1217 1039 1260 se
1058 1199 1200 1262 beneficia
1221 1219 1272 1261 re-

56 1295 187 1356 terentes
210 1296 360 1360 dieebaut:
383 1297 427 1360 Ht'
446 1311 518 1362 suat
536 1300 583 1360 dii
604 1303 657 1370 tati,
680 1297 791 1371 lsrael,
813 1303 866 1381 qui
886 1301 1107 1363 redduxerant
1134 1303 1278 1366 deterre

54 1395 190 1477 depypta'.
235 1398 378 1461 Obbane
399 1403 497 1481 itaque
517 1399 730 1480 blasphemiam
752 1402 889 1481 protinus
910 1420 947 1462 ex
968 1401 1021 1476 iis,
1050 1404 1100 1482 qui
1123 1403 1189 1465 talia
1210 1403 1273 1466 ausi

53 1499 188 1572 inerant,
220 1499 305 1562 britio
326 1519 387 1563 non
408 1503 494 1583 pransi
516 1501 570 1564 sed
591 1503 710 1584 plurimi
732 1503 820 1566 omisi
844 1511 927 1578 sunt,
955 1505 1137 1568 denuntiarit
1157 1495 1305 1586 quoqne'

53 1598 135 1662 Deus
157 1601 276 1664 disens:
307 1604 377 1678 Qun
398 1605 445 1669 da'a
466 1607 607 1676 visitabo,
636 1607 777 1668 induerem
797 1623 891 1686 super
912 1625 963 1668 aas
982 1616 1137 1687 peceatum
1159 1625 1274 1670 eorum.

52 1701 130 1763 Nam
152 1705 289 1782 quamdiu
317 1705 358 1767 illi
386 1707 424 1769 ob
452 1707 553 1792 panis'
568 1716 598 1769 et
618 1727 711 1788 aquae
732 1708 884 1787 penuriam
907 1707 1184 1782 obmurmurabant,
1216 1709 1275 1770 ho

51 1803 153 1865 mines
174 1805 331 1882 tolerabat,
359 1808 436 1872 haud
464 1819 660 1888 sequaquam
682 1811 782 1892 nutrix
803 1810 952 1872 alumnum
974 1829 1077 1882 suum,
1104 1809 1156 1872 ubi
1177 1819 1272 1874 autent

50 1904 94 1964 ad
116 1907 255 1970 maiorem
277 1908 423 1978 insaniam
445 1911 609 1990 progressi,
632 1920 665 1973 ut
685 1909 785 1991 psallit
805 1919 907 1974 contra
930 1929 982 1972 eos
999 1903 1148 2006 Spiritus,
1172 1911 1358 1979 Moto-anos.

49 2017 170 2068 vernat
188 2007 317 2088 plurium
337 2031 427 2076 sunm
445 2017 479 2076 aa
500 2012 725 2075 similitudinem
747 2012 839 2076 vituli
859 2015 1035 2076 comdeuta's
1053 2011 1195 2092 saeuum
1217 2014 1275 2074 iarn

50 2127 122 2170 anm
146 2128 208 2171 rem
220 2113 476 2194 ,indeprenabilem
499 2115 564 2176 ausi
586 2123 702 2188 essent,
725 2114 861 2195 percussi
882 2125 966 2188 suut,
999 2121 1035 2182 ni.
1053 2113 1093 2176 ait
1114 2114 1275 2195 Scriptura,

51 2211 94 2272 ob
117 2211 289 2280 fabricatum
312 2217 445 2291 vitulum,
469 2236 557 2298 quem
579 2219 689 2279 iecerat
709 2219 817 2278 Aaron.

144 2623 194 2688 17.
238 2623 347 2688 Eadem
378 2633 408 2686 et
435 2643 514 2686 nuno
540 2623 605 2686 ausi
627 2623 777 2686 Pharisaei
805 2624 892 2686 talem
920 2625 1083 2686 allomino
1112 2625 1277 2688 retulerunt

52 2723 290 2800 damnationem,
321 2727 435 2814 qualept
457 2725 630 2800 beelzebul,
657 2743 744 2806 quern
773 2724 940 2788 illisorum
962 2733 1113 2792 auotorern
1136 2724 1282 2804 suspicati.

53 2835 144 2902 suut,
167 2827 226 2889 iarn
247 2837 309 2890 tum
332 2826 437 2890 babuit¹
456 2837 486 2890 et
507 2827 612 2901 baben
640 2829 679 2889 ita
700 2835 733 2890 ut
748 2827 812 2907 ipsi
834 2845 950 2907 quoque
972 2826 1002 2889 in
1030 2828 1098 2914 igne
1120 2827 1156 2889 ab
1178 2837 1283 2888 aetas·-

53 2927 149 2992 nitate
170 2929 212 2992 illi
233 2933 406 3010 praeparato
428 2949 494 2992 oum
516 2929 582 3010 ipso
604 2929 779 3005 absumendi
802 2929 872 2990 sint.
913 2928 1084 3000 llonveninr
1097 2978 1101 2989 .
1114 2929 1190 2992 baso
1208 2928 1282 2990 idm

53 3029 199 3110 loquutus
223 3029 283 3106 esti
300 3040 332 3094 nt
354 3013 564 3110 blasphemiam
587 3031 618 3092 in
641 3031 839 3112 ss·prolatadr
863 3046 931 3094 oum
950 3031 1133 3111 blasphemia
1148 3032 1184 3094 in
1206 3029 1276 3110 Spi·
1298 3099 1300 3120 Ι

54 3131 152 3194 ritum
173 3143 307 3198 sanetum
329 3135 486 3208 oonleraet,
510 3133 594 3214 quasi
617 3131 745 3213 Spiritus
766 3143 886 3196 sanans
908 3125 1059 3196 seuerior
1080 3142 1170 3206 esset,
1191 3133 1277 3194 ideo·

55 3253 118 3314 que
139 3235 234 3298 maius
256 3235 367 3298 crimen
391 3244 473 3298 esset
492 3235 674 3316 blasphemia
697 3236 727 3298 in
751 3233 1063 3316 Spiritum-asnorum
1086 3236 1173 3310 absit.
1201 3235 1277 3310 liam

52 3347 127 3400 ante
149 3338 300 3412 domuerat,
323 3337 431 3411 omnia,
454 3357 529 3418 qnae
546 3339 637 3414 Pater
659 3337 757 3411 babet,
779 3338 844 3402 Filii
866 3357 952 3408 esse,
976 3347 1005 3400 et
1027 3357 1062 3400 er
1083 3338 1157 3402 Filio
1170 3338 1277 3418 ·Spiri-

51 3449 126 3502 tuna
144 3457 214 3502 esse
235 3448 438 3520 accepturum,
466 3440 623 3520 ipsamque
650 3440 793 3520 Spiritum
818 3439 1046 3520 derideatumrn
1073 3459 1140 3502 esse
1160 3439 1276 3504 lilium.

52 3543 161 3621 Neque
185 3539 313 3622 Spiritus
335 3541 439 3604 Filium
462 3543 526 3617 dat,
550 3541 605 3604 sed
626 3541 718 3604 Filius
731 3541 883 3629 ¹Spiritum·
904 3541 1026 3621 praebet
1046 3539 1222 3620 ttsotpuns,
1244 3559 1278 3602 as

52 3663 109 3724 pm
132 3642 202 3706 illes
223 3643 277 3716 iis,
309 3645 359 3723 qui
387 3643 425 3705 in·
445 3663 478 3706 ae
508 3643 640 3706 eredunt
684 3643 750 3704 lion
773 3662 809 3704 eo
831 3643 929 3721 itaque
951 3643 1049 3722 auitam
1070 3641 1210 3722 loquutus
1233 3649 1279 3702 est

454 3753 461 3766 .
526 3730 538 3761 0
955 3738 967 3770 Ι
1059 3739 1065 3750 ·

50 3833 122 3882 lutra
149 3831 205 3910 llap.
224 3799 366 3892 saporum
384 3833 491 3908 Graecoq
506 3831 644 3908 Scripturas
695 3829 737 3878 sed
756 3836 878 3892 praestare
892 3827 1070 3908 videturpripr.¹
1096 3817 1275 3908 llpapostpaar’

49 3909 137 3950 textus
155 3892 240 3956 δοξαν
257 3889 356 3949 odada.
386 3893 644 3954 ildrtidoiuauarav.
695 3887 852 3960 odraffilleg.
871 3895 1064 3964 assanensis
1091 3911 1182 3965 aaron:

49 3969 174 4086 ³⁰31?
187 3967 295 4084 {iiiiii
315 3959 610 4100 i'tdifib'iiriiiss
622 4033 644 4082 t.
730 4013 752 4062 ⁸·
771 3999 812 4050 Sit
828 3999 884 4061 ¹¹⁶⁸·
903 3987 1002 4060 '⁸0⁸⁰ss-
1020 3997 1118 4050 Gobter·
1137 4007 1160 4050 a
1174 3997 1278 4050 oeteis·

49 4105 108 4154 llox
135 4117 183 4167 pro
205 4092 401 4167 ἐπετάχθησαν
423 4102 513 4165 logiis.
536 4094 646 4168 ἕμαστί-
697 4067 720 4116 ¹·
755 4066 817 4116 ΕΜ
834 4059 872 4120 εἰς
888 4059 993 4125 ἑαυτὰ
1094 4166 1099 4177 ⁵

45 4171 177 4238 χθησαν.
196 4164 562 4236 ΡεΙυεει.2.ἔπεστάχθησαν.
583 4169 644 4220 Edit.
731 4170 754 4219 b.
773 4169 812 4221 Sic
829 4169 885 4232 liaq.
910 4169 1008 4230 Segasa.
1031 4166 1122 4229 lagiae.
1140 4165 1237 4239 dubles.
1256 4174 1280 4216 et

52 4230 394 4304 Comnaidmaoitdqooea.
548 4281 561 4310 a
621 4257 627 4270 ·
700 4237 804 4299 Felclru.
824 4237 846 4285 i.
865 4237 1070 4294 aeditimis,
1093 4237 1116 4284 ln
1136 4243 1279 4299 sputamen
1329 4261 1333 4276 ·

88 4311 107 4358 t.
128 4307 173 4358 Sin
195 4307 252 4371 lisa.
271 4315 303 4356 et
325 4309 425 4373 Sequar.
459 4305 485 4358 le
510 4307 580 4357 editis
597 4297 648 4366 τήν
699 4305 767 4358 daest
782 4297 955 4372 ρλαεφημῖας
973 4313 1028 4368 past
1044 4297 1203 4369 penpinas,
1223 4303 1278 4352 edit

52 4377 138 4428 derat.
174 4375 226 4426 tter
248 4367 308 4438 bea.
332 4383 356 4426 at
378 4377 476 4456 Sequor.
496 4365 558 4422 olas
574 4382 646 4425 reste.
698 4373 841 4434 Commelin.
857 4367 1001 4438 λεγομένης
1016 4365 1188 4443 iiiatqupaq'ors
1203 4361 1278 4422 aad?

50 4446 120 4496 Editi
142 4427 208 4496 ak·
230 4444 295 4508 lpira
313 4451 370 4508 post
384 4455 439 4512 nvp
458 4443 482 4492 in
499 4443 603 4492 retum.
622 4441 646 4492 2.
697 4434 801 4510 εἴρηκεν
819 4443 915 4491 emissis
933 4439 1081 4499 intermediis
1097 4450 1280 4506 propterrepe-

52 4523 77 4562 aa
105 4515 135 4562 in
163 4513 233 4564 editis
259 4505 361 4578 taetro.
401 4513 428 4563 lu
455 4509 509 4560 aliia
535 4510 646 4561 omnibus
698 4513 763 4560 titarn
787 4501 958 4576 necqqptae
974 4523 1064 4564 torena.
1100 4511 1189 4562 ibidem
1208 4505 1280 4558 basil.

50 4575 156 4630 ἐκεῖνο.
192 4581 301 4646 Utraque
321 4581 391 4632 lartio
415 4579 534 4646 quadrare
553 4586 646 4643 pateat,
697 4577 813 4628 τοιαῦτα
828 4571 940 4651 aa'pqaq.
