3158 5050
499 330 645 374 srtsroaa
660 331 681 372 1.
703 331 740 372 au
763 329 958 374 suessionen.
1260 317 1322 380 673

58 485 147 546 sed
178 483 301 546 eosdem
324 481 361 543 de
382 482 493 562 Spiritu
517 491 619 544 saneto
641 499 730 561 prave
751 481 872 556 sentire,
896 483 1132 563 contendereque
1154 483 1235 546 illum
1262 502 1428 554 nonnose,

60 595 213 648 tantum
236 603 299 647 rem
322 593 466 658 creatam,
496 584 549 646 sed
577 583 665 646 etiarn
692 601 783 645 unum
813 602 848 646 ex
870 584 1053 646 administris
1077 586 1231 666 spiritibus
1254 605 1322 648 esse

60 689 225 768 soloque
247 686 338 766 gradu
366 687 402 748 ab
424 687 543 765 Angelis
572 685 701 748 dillerre.
745 685 784 746 Et
815 687 888 747 haec
916 685 1051 748 simmata
1079 687 1196 766 quidem
1225 707 1323 769 pugna

65 809 164 854 cum
188 790 323 864 Arianis,
352 789 404 850 sed
433 806 503 850 vera
524 795 570 850 est
593 805 660 849 cum
680 786 729 868 pia
751 789 809 850 lide
831 788 962 859 certabo.
1006 787 1078 850 Nam
1101 795 1133 850 ut
1153 788 1195 850 illi
1215 789 1322 854 Filium

66 900 241 972 negantes
262 899 372 970 negant
398 899 429 952 et
453 890 587 965 Patrem,
615 890 655 952 ita
683 898 713 952 et
739 889 789 952 isti
817 889 936 970 indigna
958 890 995 952 de
1017 890 1127 970 Spiritu
1149 901 1252 953 sancto
1273 893 1322 954 lo-

72 1001 225 1076 quentes
255 993 375 1074 indigna
401 1011 519 1074 quoque
548 993 585 1054 de
606 991 681 1054 Filio
712 992 872 1072 loquantur
899 1009 1022 1054 necesse
1051 1000 1106 1055 est.
1149 992 1193 1054 lta
1221 995 1323 1057 ambae

69 1099 162 1160 illae
187 1105 286 1159 sectae
307 1095 416 1158 bellum
438 1094 554 1156 veritati
575 1093 718 1156 indictum
740 1094 890 1180 divisere,¹
912 1103 944 1156 ut
971 1094 1014 1156 illi
1041 1103 1144 1158 contm
1164 1095 1272 1158 Filium
1294 1103 1324 1158 et

72 1201 139 1262 isti
170 1208 274 1262 contra
296 1199 440 1279 Spiritum
468 1205 603 1259 sanctum
630 1215 772 1277 perversa
800 1196 962 1259 sentientes
985 1196 1119 1259 eiusdem
1139 1198 1171 1259 in
1193 1205 1324 1262 sanctam

72 1301 275 1363 Trinitatem
302 1298 503 1380 blasphemiae
532 1298 620 1361 simul
646 1289 690 1359 rei
712 1299 782 1360 sint.
826 1298 899 1382 Cum
921 1298 1011 1378 igitur
1031 1299 1105 1360 haec
1119 1299 1323 1390 perspicerem

74 1404 248 1483 multaque
269 1421 384 1464 mecum
407 1401 575 1480 cogitarem,
599 1401 629 1462 in
651 1419 768 1480 gravem
788 1401 878 1462 incidi
893 1401 1013 1475 luctum,
1036 1400 1115 1480 quod
1129 1399 1238 1462 iterum
1252 1400 1323 1464 llia-

74 1506 185 1569 bolus
209 1505 376 1568 ludificandi
399 1523 500 1566 ansam
523 1504 600 1584 apud
621 1503 689 1565 illos
711 1511 816 1566 nactus
840 1512 936 1578 esset,
968 1503 1018 1583 qui
1040 1503 1105 1564 eius
1127 1501 1273 1564 insaniam
1295 1509 1325 1566 et

25 1587 34 1608 Χ
78 1611 231 1670 furorem
252 1607 360 1669 imitari
382 1605 455 1668 nihil
476 1613 625 1668 verentur.
668 1605 745 1668 ilinc
773 1623 828 1684 ego
856 1606 914 1666 hoc
931 1604 1085 1685 temporis
1107 1604 1196 1666 silere
1218 1604 1322 1666 decre·

78 1729 209 1773 reram.
258 1709 466 1771 Verumtamen
496 1727 563 1770 eum
592 1715 625 1768 ut
653 1715 721 1769 tuae
749 1706 918 1770 Sanctitatis
948 1706 1145 1768 cohortationi
1178 1705 1324 1779 cederem,

82 1821 157 1874 tum
183 1819 217 1873 ut
237 1829 356 1892 pravam
377 1811 496 1872 illorum
517 1809 689 1890 opinionem
712 1817 743 1870 et
758 1809 924 1882 xsatanicam
942 1795 1092 1870 audaciam
1106 1807 1323 1888 propulsarem,

80 1915 139 1976 vix
164 1913 287 1975 tandem
308 1913 410 1993 paucis
433 1913 508 1974 hanc
529 1911 613 1992 potui
636 1911 769 1974 scrihere
783 1910 958 1990 Epistolam‚
979 1919 1013 1972 ut
1034 1919 1066 1972 tu
1084 1910 1239 1972 occasione
1253 1909 1322 1970 inde

85 2023 217 2105 accepta
239 2033 294 2096 pro
317 2024 366 2076 tua
389 2033 445 2094 qua
466 2013 561 2094 polles
583 2013 740 2094 prudentia
761 2031 805 2088 ea,
829 2031 904 2093 quac
926 2013 1041 2087 desunt,
1064 2012 1212 2092 suppleas,
1235 2019 1406 2092 atqueaen.

87 2119 170 2180 aideo
195 2117 283 2199 plene
305 2115 454 2184 refellatur
475 2117 565 2197 impia
587 2116 733 2179 haeresis.

182 2325 214 2416 2.
257 2321 360 2400 ltaque
387 2300 562 2381 Arianorum
593 2319 712 2399 quidem
744 2336 928 2398 nequaquam
958 2317 1052 2380 aliena
1081 2325 1126 2379 est
1155 2316 1323 2379 huiusmodi

91 2423 255 2486 sententia.
299 2423 460 2502 Postquam
484 2421 562 2483 enim
585 2419 677 2483 semel
698 2420 752 2482 llei
774 2420 903 2482 Verbum
925 2438 1033 2498 negare
1055 2418 1121 2480 ausi
1143 2427 1228 2492 sunt,
1256 2435 1321 2480 me-

92 2523 156 2586 rito
181 2523 284 2585 eadem
305 2525 342 2586 de
364 2526 429 2586 eius
452 2523 565 2603 Spiritu
587 2523 677 2603 impie
699 2521 892 2584 mentiuntur.
938 2521 1083 2594 Quocirca
1100 2538 1156 2581 nec
1169 2520 1253 2600 plura
1268 2519 1323 2581 ad·
1417 2525 1420 2538 '

93 2643 205 2687 versus
227 2624 293 2687 illos
316 2625 414 2688 dicere
436 2643 559 2686 neeesse
581 2632 635 2698 est,
658 2623 712 2686 sed
735 2624 806 2684 satis
830 2641 897 2684 esse
917 2621 1026 2683 debent
1046 2639 1121 2700 quae
1143 2627 1227 2681 autea
1249 2637 1322 2680 con-

96 2735 144 2789 tra
167 2727 252 2806 ipsos
276 2725 351 2788 dieta
374 2735 453 2789 sunt.
498 2726 586 2800 Quod
609 2734 707 2788 autem
729 2723 765 2786 ad
787 2724 854 2786 illos
878 2731 1000 2803 spectat,
1027 2722 1077 2802 qui
1099 2721 1229 2784 salsedo
1252 2719 1323 2799 Spi-

94 2829 156 2891 ritu
172 2839 275 2892 sancto
291 2837 423 2891 errantes
438 2829 605 2909 opinantur,
627 2829 702 2907 ipsis
718 2826 846 2906 quodam
860 2825 950 2887 modo
966 2823 1028 2886 sive
1042 2827 1165 2902 *‚tropo,
1189 2830 1221 2884 ut
1235 2820 1324 2883 iidem

96 2931 430 3012 loquantum-convenit
450 2930 644 3011 respondere.
688 2929 761 2991 hlira
781 2929 860 2990 enim
881 2929 1015 3009 prolecto
1039 2925 1170 2988 rideatur
1189 2924 1329 3005 ipsorum·

99 3033 243 3107 amentia,
276 3033 355 3113 quod
382 3033 493 3096 scilicet
520 3033 558 3108 ii,
588 3033 638 3114 qui
660 3031 764 3095 Filium
786 3032 841 3094 Dei
869 3049 933 3094 rem
962 3037 1089 3092 creatam
1118 3045 1186 3092 esse
1219 3027 1323 3089 nolunt

101 3136 170 3213 (qua
198 3135 316 3214 quidem
345 3134 376 3196 in
398 3153 431 3196 re
453 3143 533 3197 recte
555 3135 716 3212 sentiunt),
748 3133 891 3214 Spiritum
913 3131 978 3194 Filii
1006 3150 1070 3194 rem
1099 3138 1225 3193 meatem
1254 3147 1322 3192 esse

100 3235 146 3297 vel
169 3238 256 3298 etiam
278 3235 380 3298 audire
400 3235 559 3316 patiantur.
605 3235 637 3298 Si
660 3236 739 3299 eninr
767 3245 890 3318 propter
910 3233 998 3297 Verbi
1028 3253 1094 3297 cum
1115 3233 1203 3296 Patre
1224 3231 1323 3294 unita-

101 3347 160 3400 tem
180 3339 286 3400 nolunt
307 3337 413 3400 Filium
435 3357 503 3400 esse
518 3338 652 3416 ‘erebus
675 3339 775 3414 laetis,
799 3339 868 3411 sed,
900 3336 980 3418 quod
1002 3335 1122 3416 quidem
1142 3354 1245 3399 verum
1268 3341 1323 3408 est,

169 3556 183 3589 *
202 3559 289 3624 Tropia
307 3559 419 3609 nimirum
438 3559 473 3609 illi
492 3567 516 3610 et
535 3560 682 3624 metaphoris
701 3559 863 3625 depravabant
881 3573 908 3608 aa
927 3572 1010 3608 sacrae
1028 3557 1166 3620 Scripturas
1184 3552 1252 3612 loca,
1271 3550 1324 3614 qui-

106 3623 565 3745 ldffisqffflssffdssfflpifffum'⁵⁸⁰⁰¹¹³¹¹¹
591 3629 727 3692 probabant
745 3629 820 3678 lleum
846 3641 914 3687 esse,
937 3615 1042 3689 hincque
1061 3623 1157 3686 Tropiei
1182 3620 1237 3669 dicti
1260 3624 1323 3668 aunt

106 3826 164 3877 Editi
182 3821 320 3878 διείλοντο.
356 3829 584 3880 lbid.llasil.eode1
604 3843 686 3878 mauu·
771 3827 794 3877 d.
813 3827 869 3888 lieg.
890 3827 912 3875 l.
931 3833 955 3876 et
972 3826 1070 3886 Segner.
1088 3813 1251 3887 temtpsue:

107 3897 205 3960 scriptus
224 3898 291 3948 solus
309 3892 443 3967 acdestis
460 3888 595 3956 ἀληθείας.
772 3909 793 3946 ο.
812 3895 868 3955 lleg.
888 3889 926 3956 [i]
941 3893 1086 3971 et28eguar3
1100 3882 1179 3953 tttya
1196 3879 1320 3954 προςήκει

140 3981 159 4015 c.
175 3967 201 4015 ln
220 3967 291 4016 editis
310 3976 334 4016 et
352 3969 376 4016 in
395 3967 538 4031 quibusdam
551 3965 686 4014 manuscri-
739 3956 929 4028 dispondaeus
947 3972 1046 4011 ουτοος
1063 3957 1170 4006 saneim!
1182 3956 1256 4006 iidem
1269 3969 1321 4004 mox

106 4033 150 4094 ptis
182 4035 219 4084 hle
251 4049 379 4099 perperam
415 4033 537 4097 legebatur
566 4030 686 4080 σιωπῶν.
738 4023 819 4082 stote
836 4037 892 4092 post
909 4020 1001 4080 ὄντος
1019 4025 1116 4076 addunt.

106 4099 184 4152 Veram
209 4103 274 4164 Regii
300 4101 371 4152 ambo
391 4105 500 4161 codices,
519 4102 608 4164 inglic.
628 4103 685 4149 item
773 4099 789 4148 l.
826 4097 865 4146 Sic
890 4097 984 4160 Regi.
1004 4095 1102 4156 Segner.
1120 4091 1208 4153 buglis.
1227 4087 1321 4164 Goblen

109 4170 211 4234 etllasil.
230 4169 420 4232 σιωπᾷνοοοῑο
439 4171 533 4220 habent.
571 4169 622 4218 llox
642 4169 686 4217 ali·
739 4175 763 4217 et
780 4165 922 4215 telesini.
959 4163 1037 4214 Ceteri
1062 4177 1117 4212 vero
1141 4167 1164 4208 et
1181 4159 1322 4233 ediliasen}

124 4239 144 4285 ui
161 4238 254 4289 codices
273 4253 326 4288 cnm
346 4238 415 4288 editis
434 4229 684 4296 habentdotdrnaoe,
738 4235 857 4284 omittunt.
900 4233 952 4282 llox
977 4231 1056 4282 Ottub.
1081 4222 1112 4278 ad
1140 4223 1243 4290 πνεῦμα
1271 4235 1320 4270 του

121 4299 228 4356 vestu,
265 4307 361 4370 llegl.
380 4307 478 4368 Segner.
496 4304 568 4354 llasil.
588 4304 685 4356 Goblar.
737 4299 812 4350 θεοῦ.
1212 4359 1216 4370 Ι
1298 4355 1319 4366 Η

112 4379 131 4418 et
146 4375 244 4425 lelchm.
266 4375 288 4424 l.
308 4374 397 4424 habent
414 4367 593 4438 γνηοιᾶτητος
609 4363 686 4421 ἕνεκά
772 4386 794 4432 g.
814 4369 870 4432 lleg.
883 4369 906 4420 2.
926 4353 1103 4416 adstrabat.
1141 4363 1218 4412 Cetera
1233 4357 1322 4408 etednt

111 4449 144 4500 yt-
174 4443 280 4493 Nunnius
306 4457 401 4507 qnoque
424 4432 603 4506 γνησοότητος
622 4441 687 4503 legit,
738 4425 809 4487 εἶναι
835 4439 953 4488 omittunt.
999 4435 1088 4486 ibidem
1113 4431 1167 4492 lleg.
1184 4427 1253 4502 138⁹

114 4519 160 4556 nan
181 4513 250 4562 vertit
278 4512 434 4574 sinceritatis3
462 4510 548 4562 tantilli
572 4509 687 4560 momenti
739 4507 829 4586 legite.
848 4504 992 4574 φρονοῦσι.
1029 4502 1074 4552 atii
1086 4515 1141 4550 vero
1153 4504 1176 4548 et
1189 4495 1229 4544 cdl

113 4585 148 4623 res
162 4587 201 4628 ast.
740 4587 855 4627 νουντες.

146 4661 266 4713 lrmnasn
279 4677 331 4712 oar.
344 4677 418 4711 noca.
429 4677 478 4710 sat.
670 4718 673 4728 Δ
1090 4651 1124 4703 to
