3072 5056
390 367 534 412 retornus
551 367 588 410 nn
604 367 769 411 senonum
784 369 924 413 orouxsn.
1005 375 1007 384 ’
1170 413 1173 420 ,
1210 354 1269 420 131

63 518 182 598 ,quippe
202 523 251 580 ost
270 517 381 580 menos
394 517 553 590 omnoxtio,
576 526 605 580 et
614 511 677 594 ‚lul
685 519 815 580 humum
829 535 916 581 moro
929 519 1109 599 loquamur),
1131 537 1167 583 ex
1181 519 1272 582 eorde
1280 533 1357 578 reso.

63 639 125 699 „per
146 637 181 680 os
203 617 355 680 emititur.
400 619 483 680 tiens
506 637 577 682 varo
600 637 675 699 quae
695 638 751 700 per
772 619 901 700 linguam
922 621 1055 700 prosilit,
1086 621 1203 684 (lirense
1224 630 1273 686 ost

63 741 91 794 „a
109 719 201 782 verbo
223 720 303 800 quod
326 719 357 782 in
379 721 469 782 eorde
491 719 605 782 existit:
628 719 708 782 istud
731 721 810 784 onim
832 729 990 801 postquam
1012 721 1083 784 illust
1104 722 1272 803 praemise-

62 823 128 896 ‚,ril,
150 829 298 892 remanet,
328 832 360 884 et
380 821 534 902 est-quale
555 831 641 884 autea
663 831 743 897 erat,
770 823 843 886 illud
864 841 936 886 roro
958 825 1156 902 praemissum
1178 819 1274 887 erolot

63 935 108 998 „et
128 924 354 1004 oiroumquaque
376 924 486 986 teritur:
516 931 546 984 et
574 923 619 985 sin
647 931 694 984 est
715 933 873 1004 utrumque
895 925 926 986 in
948 924 1057 998 altero,
1085 926 1202 988 mmetei
1224 925 1271 988 ‹li-

62 1043 190 1096 „rersnni
212 1031 260 1086 est
279 1024 317 1086 ab
339 1023 448 1098 allero,
481 1033 512 1086 et
539 1042 630 1086 unum
653 1031 739 1098 suot,
770 1024 838 1086 lieet
866 1025 926 1086 duo
954 1025 1025 1086 siut.
1069 1026 1120 1088 Sto
1144 1042 1272 1108 nomque

62 1126 159 1199 „Pater
179 1133 209 1188 et
229 1125 322 1187 Filius
345 1142 437 1186 unum
458 1133 538 1196 suut,
565 1134 595 1189 et
616 1126 647 1187 in
669 1125 848 1188 seinvicem
870 1124 940 1188 illos
962 1144 1030 1188 esse
1051 1127 1272 1206 eomprabatum
1296 1139 1300 1150 ·

59 1233 149 1300 „est.“
194 1227 227 1289 lu
250 1227 382 1292 semotio
404 1237 502 1290 autem
530 1227 607 1304 libro
630 1227 703 1290 haee
730 1227 835 1290 habet:
869 1228 932 1302 „Ut
953 1229 1032 1290 euim
1061 1246 1147 1290 mons
1170 1237 1273 1290 nostra

59 1337 185 1402 „emolat
208 1347 225 1390 a
246 1328 346 1409 seipsa
366 1329 499 1403 verbum,
522 1337 556 1392 ut
576 1328 618 1390 ait
639 1328 803 1409 Propheta:
826 1331 989 1392 Erootoor't
1009 1347 1065 1392 eor
1083 1344 1181 1392 meam:
1201 1347 1273 1392 oar·

59 1433 142 1502 „loom
164 1433 291 1505 tonum,
313 1437 419 1510 estque
440 1439 599 1510 utrumque
620 1429 745 1492 alterum
767 1429 804 1494 ab
826 1429 919 1492 altero
942 1429 1114 1492 distinctum
1134 1429 1272 1492 obtinens

58 1533 178 1606 „locum
202 1549 270 1594 onon
290 1529 363 1594 illut
385 1531 504 1612 quidem
526 1529 556 1592 in
579 1531 679 1603 eorde,
702 1531 781 1594 istud
804 1533 834 1594 in
856 1532 955 1612 lingua
978 1541 1009 1594 et
1029 1551 1083 1594 ore
1100 1549 1271 1594 commore-

57 1642 119 1706 „tur
140 1642 171 1694 et
191 1644 363 1708 morentur:
385 1649 447 1694 non
470 1641 568 1696 lamen
590 1632 714 1694 alterum
738 1632 774 1694 ab
797 1633 890 1696 allero
906 1633 1005 1708 distat,
1028 1651 1084 1696 neo
1098 1652 1134 1695 so
1147 1633 1273 1696 iorioem

57 1735 236 1822 „primurm
269 1751 365 1813 neque
387 1751 473 1796 mens
495 1733 561 1796 siue
583 1732 675 1796 verbo
698 1741 761 1807 est,
790 1751 887 1814 neque
917 1734 1040 1796 verbum
1068 1733 1135 1798 sine
1162 1741 1272 1809 monte,

58 1835 124 1906 „seo
146 1853 233 1898 mens
256 1833 378 1898 verbum
402 1835 485 1908 lauit,
508 1843 537 1897 et
558 1835 591 1896 io
612 1834 680 1914 ipso
703 1844 841 1916 apparet,
871 1842 901 1898 et
921 1833 1045 1898 verbum
1066 1843 1195 1898 mentam
1218 1853 1273 1896 ex-

57 1935 163 2009 „hibet
185 1936 217 1997 in
239 1954 297 2016 qux
319 1937 428 2000 tontum
450 1943 506 2010 est,
528 1953 673 2017 mensque
695 1946 743 1999 est
759 1937 845 2017 qnasi
860 1937 984 2008 rerlsum
1004 1936 1182 2010 immanens,
1203 1953 1274 1998 ror·

56 2037 140 2108 „buxo
161 2046 261 2099 autem
284 2037 368 2116 qnasi
389 2055 475 2099 mens
495 2037 677 2117 prosiliens:
700 2056 786 2100 meus
808 2039 838 2100 in
861 2039 984 2102 verbum
1006 2037 1128 2110 transit,
1150 2035 1273 2098 verbum

57 2143 201 2210 „mentem
223 2138 255 2198 iu
277 2137 503 2200 oirmmstnntes
525 2139 678 2202 auditores
699 2139 845 2202 insinuat:
870 2149 900 2202 et
921 2140 966 2202 oio
980 2155 1066 2200 meos
1081 2135 1274 2217 perverbum

56 2239 106 2310 „iu
125 2239 292 2302 militorum
315 2239 422 2301 animis
444 2239 622 2313 oollomlnr,
646 2249 676 2302 et
696 2259 755 2302 uoa
777 2259 844 2302 oum
866 2241 958 2302 verbo
981 2239 1081 2302 intrat.
1123 2236 1165 2298 An
1185 2254 1272 2300 mens

57 2339 188 2417 „quidem
212 2349 261 2402 est
282 2339 366 2420 qnasi
388 2349 474 2421 pater
487 2340 580 2414 verbi,
604 2341 635 2402 in
653 2341 750 2422 seipsa
775 2342 915 2414 existens,
938 2339 1060 2404 verbum
1076 2337 1274 2418 outemquosi

58 2439 147 2512 „ttius
166 2441 289 2515 mouns,
313 2457 374 2503 oon
395 2449 465 2502 ante
486 2441 583 2519 ipsam
604 2441 734 2521 quidem,
758 2443 811 2505 sed
833 2458 930 2521 neque
953 2449 1034 2502 extro
1055 2439 1152 2520 ipsam
1165 2441 1273 2502 tonum

57 2559 144 2612 „esee
162 2550 279 2622 potest,
314 2543 368 2606 aed
392 2559 458 2604 oum
481 2541 546 2623 ipsa
570 2542 684 2615 existit,
717 2552 748 2603 et
774 2542 810 2604 ab
839 2542 905 2621 ipsa
932 2540 1116 2621 germinavit.
1159 2539 1273 2601 Eodem

57 2659 189 2722 „quoque
218 2643 310 2704 modo
332 2642 420 2705 Pater
440 2641 489 2706 ille
510 2643 655 2706 maximus
691 2651 721 2704 et
741 2661 826 2704 meus
848 2643 897 2705 illo
918 2641 1094 2704 universalis
1116 2647 1184 2702 ante
1205 2658 1273 2700 om-

55 2741 125 2812 „uix
143 2741 247 2806 Filium
269 2743 360 2806 habet
382 2742 522 2817 Verbum,
546 2743 739 2824 interpretem
762 2743 957 2822 allegatum
979 2743 1101 2802 ouum.“

131 3048 180 3110 tt.
222 3045 304 3108 Haeo
325 3047 371 3108 rel
393 3061 542 3126 nonquam
565 3045 677 3108 audivit
696 3045 800 3118 Arius,
822 3043 869 3106 rel
891 3042 918 3104 si
940 3041 1051 3105 audivit
1071 3057 1133 3102 uon
1154 3039 1264 3104 intelle·

58 3143 93 3204 xit
112 3145 196 3208 trumo
218 3147 373 3209 indoctus:
401 3165 469 3210 nam
491 3147 518 3210 si
538 3147 750 3220 intellexisset,
778 3163 839 3208 non
866 3153 945 3206 tanta
974 3142 1126 3206 mentonis
1146 3141 1185 3204 do
1207 3141 1273 3222 opri-

58 3263 138 3325 seopo
160 3248 379 3328 pervulgasset:
400 3247 462 3310 imo
484 3247 699 3328 polimitum,
722 3255 756 3310 ut
776 3265 843 3321 nos,
867 3245 906 3307 oh
923 3245 1044 3307 insitum
1067 3243 1097 3306 in
1120 3241 1274 3306 veritatem

58 3345 146 3408 odium
167 3349 304 3412 convitiis
325 3349 487 3412 ioaeotatus
509 3350 625 3412 uisset.
668 3348 830 3410 Nemeum
852 3347 960 3409 Chmsti
981 3345 1020 3408 sit
1041 3343 1151 3420 hostis,
1173 3343 1272 3408 liben-

58 3445 158 3510 tissime
177 3459 374 3530 persequente
395 3450 474 3524 illos,
501 3449 550 3529 qui
572 3469 648 3529 quae
669 3449 778 3512 Christi
799 3457 870 3512 sunl
890 3448 1019 3527 sapiunt,
1041 3453 1074 3508 ut
1094 3447 1161 3526 ipso
1181 3459 1358 3525 prae-roeo.

61 3543 122 3608 dixit
139 3549 299 3614 Dominus:
332 3551 368 3614 Si
386 3569 432 3614 me
450 3556 633 3633 peraequati
652 3561 741 3626 aunt,
764 3561 793 3612 et
813 3568 868 3614 nos
887 3559 1121 3630 persequentur.
1165 3547 1224 3610 tut
1245 3546 1274 3608 si

61 3657 151 3722 poam
169 3651 329 3733 impietatis
356 3651 490 3733 patroni,
518 3669 621 3716 seeum
644 3653 755 3714 sentire
777 3650 968 3732 Dionysium,
996 3648 1099 3712 eadem
1126 3667 1203 3728 quae
1225 3645 1274 3708 ille

62 3747 184 3826 aerioma,
206 3753 310 3816 adem
332 3756 544 3833 proliteantur;
567 3754 699 3816 scribant
719 3753 852 3832 exempla
874 3752 932 3825 illo,
956 3751 993 3814 de
1014 3751 1099 3812 vinea
1120 3765 1228 3826 nempe
1243 3754 1275 3808 et

61 3849 185 3924 aromo,
207 3854 245 3916 de
267 3855 376 3936 snepha
398 3865 428 3918 et
449 3855 549 3928 labro,
580 3864 612 3918 et
632 3873 689 3918 una
713 3856 910 3918 confiteantur
918 3891 929 3928 ,v
954 3871 1029 3933 quae
1051 3852 1118 3930 ipse
1141 3846 1272 3910 oonsub-

89 4114 106 4146 θ·
124 4101 176 4152 lle.
199 4107 268 4156 rolno
292 4102 307 4154 l
329 4101 359 4157 ut
376 4107 440 4162 roric
456 4102 537 4188 λόγος
555 4109 626 4160 mole.
678 4117 783 4159 mentem
801 4107 948 4173 quandoque
967 4105 1056 4166 legitur
1073 4093 1216 4177 ἒκξυκλεῖν.

63 4161 103 4236 Ἀρι
121 4119 265 4237 ὅιῗὸλὸγος
273 4168 325 4223 τὸν
332 4174 400 4224 νοῦν
407 4167 446 4230 εἷς
455 4189 520 4230 tour
528 4167 626 4244 ‹ispan-
713 4178 729 4226 t.
748 4177 805 4238 lteg.
817 4175 891 4224 linxit.
911 4182 934 4223 et
952 4162 1180 4248 etititrnlpuoruo.
1204 4167 1270 4218 Too-

62 4243 100 4282 '“’'
115 4227 233 4298 ermm-
261 4245 342 4294 Groui
354 4243 626 4308 loquendixsstomeoto
679 4245 725 4294 rio.
744 4244 813 4294 Collo.
833 4243 877 4291 lex.
896 4241 936 4289 l'r.
951 4241 969 4288 l.
988 4231 1136 4316 irtdpot‘on

61 4299 201 4358 alexandrino
219 4310 405 4374 lrrqomtxtom.
429 4311 627 4377 Sionpoxpsrrr.
714 4326 736 4373 g.
755 4309 852 4360 l'rorln.
872 4308 941 4357 coto.
959 4308 1006 4356 lar.
1020 4305 1070 4355 soli
1088 4318 1103 4352 o
1122 4312 1177 4355 xnle
1190 4299 1269 4372 polyt-

63 4369 131 4439 epo.
149 4367 195 4438 [ai.
214 4376 293 4440 Sylla]
316 4369 436 4442 travolat
457 4375 497 4444 roi
514 4375 626 4446 θεάτρῳ
680 4389 751 4430 στος.
788 4373 863 4437 Paulo
879 4367 990 4438 portani
1000 4382 1055 4424 ante
1068 4365 1184 4438 ἄγγελον
1193 4375 1264 4424 deest

63 4440 113 4485 ἠΰ
139 4435 229 4498 θεούς,
257 4447 318 4496 neu
343 4449 369 4496 in
391 4450 505 4498 tlrrtrm
528 4450 626 4499 indunt.
679 4448 703 4496 iu
722 4447 779 4508 ltep.
797 4441 1035 4493 ‘laurinlloltnles
1072 4443 1245 4506 Opperiar·-

65 4495 115 4550 ΝΜ
136 4502 171 4570 [ll-
194 4509 229 4574 9.]
255 4503 392 4576 mahir
416 4513 476 4569 noir
501 4513 624 4570 omnic,
679 4527 734 4564 nso
754 4513 859 4577 positum
878 4509 981 4561 riolotor.

65 4577 210 4628 t'lottrterilox
226 4581 353 4632 instrum.
388 4583 457 4647 tpnd
475 4583 556 4648 iprum
568 4583 624 4634 cte·
712 4579 852 4632 nlonxln.
872 4577 940 4630 eolo.
958 4580 1006 4630 leo.
1025 4577 1093 4628 inl.
1117 4570 1154 4627 n·

637 4695 665 4734 ο
1028 4659 1068 4713 ⁹*
