3110 5064
174 335 180 380 ¹
254 345 294 410 34
371 419 374 428 .
766 355 941 407 rnunrarro.

252 512 403 594 θεωρῶν)
425 513 461 576 ad
483 512 619 575 haeresin
642 512 865 575 attraherentur.
909 513 969 576 Nec
995 522 1093 574 umen
1123 513 1187 592 ipse
1216 527 1337 572 sensum
1358 506 1469 570 verbo-

253 633 319 676 rum
342 633 426 677 more
449 613 586 693 Origenis
615 615 834 687 contemnebat,
866 614 918 675 sed
948 615 1110 676 accuratius
1140 612 1203 674 erni
1224 612 1340 674 volebat
1361 619 1391 672 et
1412 611 1470 672 de-

253 717 350 786 iiuiri,
383 734 469 796 quam
503 697 590 777 io'ab
624 715 777 778 haereticis
805 716 899 776 lieret.
944 715 994 776 Sic
1015 715 1044 776 in
1069 715 1148 777 Orat.
1172 713 1194 774 1.
1217 721 1318 775 contra
1339 713 1470 774 Arianos

254 835 317 896 cap.
341 821 392 881 54.
415 835 460 898 sq.
484 821 615 892 (nostrae
649 817 947 896 1111115111.)
980 817 1017 877 de
1049 817 1126 877 dicto
1150 833 1196 894 ep.
1219 814 1255 876 ad
1276 813 1367 876 liebr.
1390 813 1413 874 l.
1438 817 1470 876 4.

252 914 399 1002 τοσούτῳ
421 922 573 1003 κρείττων
595 914 767 1003 γενόμενος
785 918 852 983 τῶν
875 909 1017 1000 ἀγγέλων
1039 918 1190 978 disserens
1212 916 1253 976 ibi
1275 915 1313 988 id,
1334 915 1416 994 quod
1439 914 1471 976 in

252 1021 391 1082 omnibns
422 1019 485 1082 aliis
519 1021 682 1099 scripturae
713 1020 786 1082 locis
817 1037 905 1098 agere
940 1020 1111 1088 conveniat,
1150 1017 1364 1080 observandum
1398 1035 1472 1078 esse

252 1122 403 1202 praecipit,
425 1131 457 1184 ut
478 1121 633 1200 diligenter
655 1121 831 1194 attendatur,
854 1141 910 1201 qua
926 1120 1081 1184 occasione
1102 1120 1218 1181 locutus
1239 1118 1280 1180 sit
1300 1118 1470 1197 apostolus,

252 1241 327 1303 quae
348 1224 387 1286 sit
407 1241 554 1302 persona,
576 1241 651 1301 quac
673 1239 723 1284 res
745 1223 827 1284 culus
849 1223 940 1302 gratio
969 1221 1135 1302 scripserit,
1165 1219 1288 1299 nequis
1310 1219 1357 1280 illa
1379 1219 1473 1298 igno-

250 1341 319 1386 rans
341 1333 391 1388 ant
413 1324 491 1386 aliud
520 1331 638 1402 praeter
666 1341 700 1386 aa
727 1323 893 1404 intelligens
915 1343 932 1386 1
953 1343 1020 1385 vera
1049 1323 1165 1384 aberret
1186 1321 1342 1382 sententia.
1386 1321 1469 1382 'lum

251 1426 307 1488 hac
327 1426 443 1488 ratione
463 1425 658 1495 demonstrat,
682 1443 716 1486 ex
739 1426 796 1488 illis
818 1425 917 1488 verbis
945 1443 1006 1487 non
1028 1425 1128 1504 sequi,
1158 1423 1237 1502 quod
1258 1422 1358 1484 driaui
1380 1417 1472 1504 πρό-

252 1546 356 1611 φασιν
377 1519 643 1608 προβαλλόμενοι
662 1522 705 1590 τὰ
725 1523 808 1610 ῥητά
829 1527 897 1590 inde
918 1526 1099 1606 colligerent.
1144 1523 1227 1587 Conl.
1243 1525 1285 1588 lle
1305 1525 1386 1586 decr.
1402 1543 1472 1604 syn.

251 1627 316 1690 Nic.
338 1646 363 1688 c.
389 1630 437 1690 14.
468 1629 572 1707 1141.
615 1627 756 1689 Similiter
783 1627 839 1690 alio
868 1628 933 1690 loco
956 1627 999 1690 lle
1026 1627 1104 1688 deor.
1134 1647 1198 1708 syn.
1228 1627 1291 1688 Nic.
1318 1645 1383 1706 cap.
1417 1629 1470 1692 10.

251 1745 282 1808 p.
305 1730 355 1793 36.
378 1736 495 1804 monet,
524 1747 563 1790 ne
584 1728 776 1808 interpretes,
799 1729 848 1791 ubi
872 1729 901 1790 in
930 1730 1074 1809 scriptura
1102 1728 1222 1791 caedem
1244 1728 1388 1790 dictiones
1413 1729 1474 1789 deo

253 1835 283 1891 et
311 1829 481 1891 homiuibus
509 1829 722 1903 attribuuntur,
751 1831 880 1892 humano
908 1832 997 1893 modo
1019 1831 1196 1913 intelligant,
1225 1847 1300 1909 quae
1322 1829 1358 1891 ad
1380 1831 1475 1892 derum

252 1939 400 2010 spectant,
423 1948 479 1992 nec
506 1930 650 2005 vicissim,
684 1949 759 2011 quae
780 1932 816 1992 ad
836 1932 972 1994 homines
1001 1933 1165 2012 pertinent,
1193 1941 1331 2010 tanquam
1353 1931 1390 1996 da
1414 1931 1475 1992 deo

252 2031 327 2094 dicta
350 2031 507 2112 accipiant,
531 2033 583 2095 sed
605 2042 638 2096 ut
663 2053 718 2113 pro
748 2041 851 2096 natura
873 2051 973 2096 rerum
1001 2027 1227 2113 sig'nilicatar'um
1255 2051 1330 2112 qima
1359 2033 1475 2112 scripta

252 2143 322 2196 sunt
349 2132 519 2196 diiudicent.
567 2135 698 2216 Namque
725 2135 754 2196 in
784 2153 820 2200 eo
849 2135 974 2198 maxime
1002 2153 1123 2215 peccare
1157 2135 1332 2196 ridebantur
1357 2133 1476 2208 Ariani,

251 2234 332 2313 quod
353 2224 576 2316 ἀνθρωπίνως
598 2236 634 2297 de
655 2235 827 2307 deodicta,
855 2237 935 2298 velut
955 2237 1015 2317 filia·
1039 2240 1275 2317 generationem,
1305 2253 1364 2296 nou
1387 2238 1477 2324 den-
1514 2275 1523 2304 2

143 2345 144 2352 ’
251 2334 390 2418 πρεπῶς
427 2336 623 2415 intelligerent
659 2355 755 2416 neque
792 2337 879 2399 alium
912 2337 1070 2416 generandi
1106 2338 1224 2399 modurn
1261 2345 1473 2417 agnoscerent,

253 2451 340 2516 qaam
374 2437 424 2514 qui
456 2437 607 2500 decisione
638 2438 843 2518 prolluvioque
865 2441 898 2499 lit
930 2438 1125 2510 substantiae,
1156 2457 1247 2519 caque
1270 2440 1299 2500 in
1322 2457 1355 2500 re
1378 2439 1474 2518 impie

253 2537 472 2600 cavillarentur:
505 2549 534 2600 et
555 2539 634 2618 quod
666 2557 740 2618 quae
766 2539 796 2602 in
828 2540 972 2620 scriptura
1002 2557 1084 2602 sacra
1117 2541 1153 2602 ad
1185 2541 1279 2602 solam
1310 2541 1475 2603 humanam

253 2639 361 2702 Christi
383 2647 516 2702 naturam
539 2641 722 2712 referuntur,
750 2641 864 2704 divinae
891 2643 1089 2724 impingerent
1117 2650 1149 2704 ut
1170 2662 1204 2704 ex
1227 2620 1372 2705 eiusmodi
1393 2642 1475 2706 locis

252 2740 343 2804 lilium
376 2750 461 2822 patre
493 2742 639 2805 niinorem
668 2761 738 2806 esse
767 2743 874 2806 docere
903 2756 1038 2824 possent.
1082 2744 1257 2808 Athanasius
1286 2743 1376 2823 igitur
1407 2761 1476 2806 nou

252 2843 350 2906 miuus
373 2861 458 2922 quam
481 2843 608 2908 llilarius
636 2844 744 2926 aliique
771 2845 905 2906 catholici
933 2846 1135 2908 auctoritatem
1164 2845 1326 2926 scripturae
1351 2845 1477 2908 ratione

253 2944 440 3023 grammatica
474 2943 632 3021 explicatae
664 2944 912 3024 comprobabant,
945 2965 1040 3026 neque
1067 2947 1103 3008 ab
1136 2945 1312 3008 adversariis
1345 2946 1382 3008 de
1408 2947 1475 3010 hoc

117 3087 119 3092 .
252 3045 399 3124 principio
423 3042 638 3125 discrepabant.
683 3045 782 3118 Quare
804 3047 900 3107 omnis
922 3047 1081 3126 disputatio
1096 3047 1210 3110 redibat
1231 3047 1266 3108 ad
1291 3047 1473 3127 scripturam

254 3154 284 3206 et
311 3145 397 3207 cardo
427 3145 645 3206 controversiae
673 3145 702 3206 in
731 3146 855 3225 singulis
884 3147 948 3208 eius
978 3147 1155 3210 testimoniis
1182 3149 1363 3218 vertebatur,
1393 3167 1476 3227 quae

253 3247 370 3325 utrique
390 3263 446 3325 pro
468 3265 521 3308 sua
543 3248 688 3308 senonas
703 3247 891 3326 proferebant
913 3253 943 3310 ot
956 3249 1119 3312 rationibus
1142 3249 1362 3312 confirmabant
1406 3249 1475 3312 lllis

254 3356 350 3410 autem
373 3347 402 3408 in
426 3347 587 3426 deligendis
610 3357 641 3430 et
661 3349 843 3428 exponendis
865 3350 965 3429 negari
987 3367 1046 3412 non
1068 3361 1168 3432 potest
1189 3351 1320 3430 neglecta
1341 3353 1476 3414 essa=ab

254 3453 378 3528 udaque
400 3463 492 3527 parte,
516 3467 590 3528 quae
612 3460 692 3512 recte
713 3450 932 3531 praecipiuntur
953 3471 968 3512 1
989 3451 1129 3514 Faustino
1151 3454 1323 3534 presbytero
1346 3452 1388 3514 lle
1411 3455 1473 3517 tri·

252 3550 394 3612 uitales.
418 3550 454 3611 de
476 3549 533 3611 lide
554 3560 656 3612 nonna
678 3553 803 3613 Arianos
824 3571 888 3632 cop.
914 3557 941 3616 1.
971 3553 1169 3636 „Scripturas
1197 3556 1315 3617 diuinae
1343 3555 1380 3616 nl
1411 3555 1476 3619 hoc

217 3675 221 3683 ·
254 3653 348 3714 editoe
371 3665 452 3723 sunt,
475 3662 511 3713 aet
525 3645 695 3716 'secundum
722 3653 855 3716 illorum·
872 3673 993 3718 amount
1020 3667 1159 3719 nostram
1179 3657 1269 3737 fidem
1291 3657 1474 3737 dirigemus,

254 3773 316 3816 nnn
337 3765 372 3815 nt
393 3765 516 3816 nostroe
532 3771 637 3816 amasne
659 3755 785 3818 illamam
799 3760 896 3818 sacris
913 3757 1091 3820 dictionibus
1113 3761 1317 3820 1111111111.α
1358 3757 1396 3820 Et
1416 3759 1471 3820 in-

253 3855 363 3918 leriore
383 3853 465 3914 loco:
489 3853 526 3916 ln
548 3857 656 3920 divinis
678 3857 799 3920 1111111
821 3875 885 3918 noo
905 3876 1050 3921 numerus
1067 3864 1312 3931 testimoniorum,
1336 3859 1388 3922 aed
1409 3877 1474 3922 on-

256 3962 381 4020 11111111
405 3957 585 4036 requirenda
600 3966 652 4028 est,
675 3975 748 4037 quoe
763 3959 870 4021 idoneo
891 3971 945 4030 est,
968 3965 1056 4022 etiam
1071 3967 1100 4022 si
1111 3979 1174 4023 nno
1188 3979 1257 4024 noce
1269 3961 1472 4041 proseratur.

234 4059 352 4120 driani
374 4058 510 4138 priunum,
533 4056 601 4118 dein
623 4057 710 4120 etiam
732 4058 865 4120 catholici
888 4060 1069 4124 auctoritatis
1091 4077 1177 4124 causa
1201 4061 1366 4124 testimonia
1388 4062 1470 4122 ecri-

253 4166 358 4237 pturac
386 4159 494 4237 partim
528 4159 592 4220 aine
625 4159 737 4221 dele‘ctu
759 4158 879 4223 collecto
911 4162 1135 4237 coacervabant,
1168 4164 1208 4225 ita
1236 4173 1269 4226 ut
1295 4171 1470 4242 argumenta

255 4277 420 4325 numerare.
444 4260 543 4338 potins
576 4277 662 4339 quam
695 4261 858 4340 ponderare
891 4263 1074 4325 riderentur:
1106 4281 1202 4344 neque
1234 4265 1264 4326 in
1296 4263 1470 4344 explicanda

255 4361 401 4440 scriptino
422 4379 497 4433 eam,
520 4381 605 4440 quam
627 4361 683 4442 ipsi
705 4361 856 4426 observari
871 4363 1020 4436 iubebant,
1042 4366 1170 4445 regulam
1186 4383 1304 4446 semper
1318 4364 1470 4440 tenebant,

255 4462 308 4524 s'ed
336 4461 424 4524 rerba
452 4461 577 4523 subinde
605 4463 640 4523 ad
669 4482 752 4526 suam
786 4467 961 4527 sententiam
989 4465 1221 4545 contorquebant
1247 4457 1334 4545 ethus
1362 4467 1403 4530 ita
1430 4467 1470 4529 ed

256 4563 392 4644 dogmata
426 4561 577 4644 probando
609 4563 793 4628 adhibebant.
851 4565 1040 4632 Athanasium
1073 4585 1190 4647 qnoque
1226 4567 1289 4630 eius
1317 4567 1378 4630 ritii
1406 4583 1470 4630 non
