3122 5060
323 340 340 365 ⁸
387 399 393 408 ,
509 361 617 404 οιιιιιο
633 361 677 404 ιιι.
693 363 810 408 commu
824 349 959 407 minuce.
1273 347 1335 414 595
1383 389 1386 394 -

95 518 269 593 postquam
290 500 486 574 delfiefavit?
531 509 619 585 Quod
642 513 669 576 si
690 513 819 576 absurde
841 522 871 576 ct
894 514 975 577 valde
996 515 1089 578 sutilis
1105 523 1151 578 eet
1165 516 1423 580 huiusmodiren.

102 605 262 692 quaestio,
286 613 420 676 necleta
443 616 487 676 lae
510 624 557 676 eet
578 615 701 681 omnino
724 616 834 690 dicere,
857 635 923 680 cum
946 617 1019 678 satis
1042 618 1082 680 eit
1101 618 1263 680 veleclum
1276 636 1336 680 uo-

101 733 181 776 meu
205 714 258 776 Dei
286 715 405 790 audire,
438 725 472 777 ut
500 717 630 780 sciemus
653 729 683 778 et
702 717 917 797 intelligamus,
951 735 1018 780 eum
1041 735 1110 780 esse
1132 719 1182 798 qui
1204 729 1269 795 est3
1300 737 1339 780 en

103 835 175 876 nun
197 816 311 899 priter
332 817 491 880 eberudum
514 827 576 892 eet,
606 818 673 880 talia
696 819 733 880 de
754 819 807 880 llei
830 819 925 881 Verbo
948 820 1079 898 cogitare
1100 820 1339 900 voluntatemque

106 929 144 978 et
174 917 329 980 arbitrium
356 919 445 980 nobie
474 919 647 984 obiectare?
691 919 843 1000 Siquidem
872 922 945 984 eatis
974 932 1021 983 est
1053 921 1099 984 vel
1130 921 1339 986 solumverbi
1452 929 1468 954 ⁹

102 1030 221 1080 nomen
250 1019 352 1082 audire
380 1022 417 1083 ad
439 1022 591 1084 sciendum
615 1031 646 1084 et
666 998 907 1104 peicipiennum
930 1024 1040 1098 Deum,
1070 1023 1120 1103 qui
1141 1041 1203 1084 nun
1224 1040 1261 1084 ex
1281 1041 1338 1085 vo·
1365 1009 1371 1021 ’

106 1121 228 1198 luntate
249 1123 373 1196 eximit,
404 1141 461 1186 nec
489 1123 560 1186 item
583 1125 733 1187 voluntate
755 1125 808 1188 sed
831 1133 933 1186 nature
954 1119 1109 1205 proprium
1131 1123 1241 1186 hebere
1260 1124 1338 1185 ller-

106 1224 196 1285 lrum.
240 1225 287 1300 An
312 1238 373 1285 non
401 1243 493 1306 porro
523 1245 643 1288 omnem
670 1227 817 1288 insaniam
839 1227 865 1288 is
889 1235 1026 1307 superat,
1059 1227 1109 1307 qni
1141 1225 1188 1289 vel
1220 1223 1338 1303 cogitet,

106 1323 209 1386 Deum
225 1323 418 1402 dellberare,
442 1328 627 1402 consultare,
650 1329 775 1408 eligere,
804 1347 896 1408 seque
922 1329 1023 1408 ipsum
1044 1329 1080 1390 ad
1102 1326 1262 1389 volendum
1283 1325 1339 1386 ad-

109 1427 245 1502 hortari,
275 1437 308 1491 ut
334 1447 395 1490 non
423 1429 492 1490 siue
512 1430 609 1492 Verbo
639 1439 668 1491 et
690 1419 915 1510 Sapientiassit,
946 1429 1000 1492 sed
1023 1418 1205 1491 ettonem
1228 1436 1258 1491 et
1280 1425 1338 1488 Se·

110 1523 255 1609 pientiam
285 1528 416 1592 tabeat?
458 1531 590 1611 Namque
618 1533 655 1593 de
684 1533 786 1612 seipso
809 1532 977 1594 consultare
999 1531 1129 1604 vitietur,
1159 1513 1269 1611 quide
1291 1545 1338 1601 eo,

107 1631 193 1711 qued
221 1651 294 1695 suae
313 1631 459 1696 ‘ceturae
472 1627 626 1714 proprium
649 1641 711 1708 est,
741 1633 893 1696 deliberet.
938 1633 1011 1696 Cum
1034 1633 1122 1712 igitur
1143 1631 1228 1694 valde
1249 1629 1340 1711 impia

1 1785 2 1804 ,
111 1735 156 1795 eit
177 1734 348 1798 huiusmodi
370 1737 528 1808 sententia,
551 1743 750 1814 congruenter
770 1730 874 1815 pietati
895 1734 1052 1796 dicendum
1074 1741 1131 1806 eet,
1154 1751 1204 1794 res
1220 1731 1339 1812 quidem

1 1828 2 1844 ¹
115 1834 209 1898 lictae
232 1837 285 1904 Dei
314 1838 468 1917 proposito
497 1845 527 1898 et
554 1837 705 1898 voluntate
734 1855 804 1898 esee
832 1842 1019 1916 procreatae,
1051 1833 1157 1896 Filium
1185 1851 1256 1895 rere
1278 1851 1341 1894 neu

105 1939 276 2000 uoluntatis
306 1957 383 2019 opus
413 1941 481 2002 esse
509 1945 544 2000 ut
564 1957 613 2000 ree
637 1947 768 2012 creatus,
795 1939 848 2000 sed
871 1941 975 2000 nature
997 1935 1153 2017 proprium
1176 1953 1244 1998 esse
1265 1933 1340 1996 sul)-

57 2116 63 2125 Ι
114 2039 243 2105 stantiae
271 2043 372 2103 letum.
423 2042 497 2103 Cum
525 2040 604 2102 euim
633 2039 673 2101 sit
700 2041 855 2120 proprium
877 2040 974 2102 Putris
995 2025 1143 2111 llerbum,
1177 2053 1239 2097 non
1270 2034 1342 2097 sinit

114 2141 243 2220 adquam
266 2150 333 2204 ante
356 2161 389 2204 se
412 2141 535 2222 eogitari
557 2143 748 2216 voluntatem,
769 2150 874 2221 utpote
896 2159 963 2202 cum
986 2141 1051 2219 ipse
1074 2139 1229 2201 sitviveus
1244 2135 1364 2232 Patris·

110 2241 270 2305 consilium
292 2252 322 2304 et
343 2244 438 2304 virtus
462 2260 625 2323 eurumque
647 2245 780 2317 effector,
804 2261 878 2323 quee
893 2241 973 2304 Patri
994 2241 1122 2320 placent,
1146 2239 1341 2319 quemadmo-

118 2343 190 2404 dum
213 2345 305 2422 dese
327 2346 392 2424 ipse
413 2346 444 2406 in
465 2345 635 2408 Prorerbiis
658 2345 713 2407 ait:
745 2345 845 2406 Meum
872 2355 917 2406 eet
946 2341 1105 2407 coctilium
1132 2352 1161 2403 et
1181 2344 1341 2411 seueritas,
1422 2367 1436 2386 ο

114 2464 182 2508 meu
202 2458 249 2508 eet
267 2449 449 2528 prudentio,
481 2465 547 2509 meo
568 2457 614 2508 eet
633 2447 797 2526 fortitude.
842 2444 881 2506 Ut
907 2446 988 2506 enim
1016 2452 1170 2526 quatenus
1191 2450 1238 2502 eet
1265 2449 1340 2520 pru·-

114 2530 240 2622 'dentim
262 2549 293 2610 iu
315 2567 372 2628 que
395 2547 494 2610 caeles
516 2547 716 2628 praepararit,
740 2555 769 2610 et
790 2546 932 2617 utitem,
961 2553 1113 2624 quetenuc
1132 2552 1178 2604 eet
1199 2539 1341 2603 tortitudo

117 2655 150 2712 et
176 2651 270 2713 virtue
300 2654 381 2724 (nem
406 2651 544 2716 curreres
567 2649 625 2710 Dei
637 2652 744 2716 ,virtue
768 2649 811 2726 [et
830 2647 883 2708 liei
906 2645 1093 2726 sapientiai),
1121 2661 1201 2705 nunc
1221 2641 1343 2721 paulum

119 2737 394 2832 varieto'loq'uendi
415 2751 506 2814 modo
528 2741 615 2812 dixit:
639 2749 707 2812 Meo
729 2759 774 2812 eet
792 2749 960 2830 prudentio
982 2757 1009 2808 et
1024 2763 1090 2807 meo
1111 2756 1157 2808 eet
1170 2744 1341 2825 [ονιὶειιοος
1399 2805 1407 2818 ,

117 2853 158 2916 itu
186 2871 252 2916 curn
283 2845 368 2916 dicit:
397 2853 497 2916 Meam
525 2864 572 2915 eat
594 2851 768 2922 concilium,
798 2869 832 2911 ee
853 2847 949 2911 Patris
971 2847 1074 2908 virens
1096 2863 1165 2908 esse
1186 2843 1344 2907 consilium

121 2955 275 3035 siguificat,
298 2955 545 3036 quemadmodum
568 2954 655 3016 etium
678 2951 856 3033 aPropheta
879 2949 1047 3022 didicimus,
1068 2961 1138 3008 eum
1153 2946 1252 3026 magni
1267 2945 1342 3008 Ιοοιι-

124 3057 181 3119 eilii
203 3059 338 3137 angelum
360 3057 442 3130 lieri,
471 3066 499 3118 et
519 3056 700 3118 voluntatem
722 3055 820 3120 Patris
842 3053 1019 3133 appellatum
1041 3069 1119 3112 esee.
1164 3046 1282 3110 Scilicet
1302 3048 1344 3110 ita

117 3177 172 3222 ece
194 3177 319 3239 aequum
343 3169 390 3222 eet
410 3159 556 3233 relellere,
579 3159 630 3252 qui
652 3159 780 3220 humena
801 3157 839 3218 de
861 3155 922 3217 lieo
945 3153 1084 3233 cogitent.

206 3363 256 3426 64.
300 3361 401 3442 ltaque
431 3362 458 3423 si
485 3379 535 3423 res
563 3363 657 3424 iactae
685 3359 834 3421 voluntate
861 3377 895 3419 ac
921 3355 1079 3437 proposito
1107 3353 1243 3417 conditae
1264 3358 1345 3426 eunt,

129 3464 155 3526 si
178 3461 316 3525 universe
338 3473 435 3525 creata
457 3471 561 3524 natura
583 3463 732 3524 voluntate
753 3463 828 3523 lecte
850 3467 912 3532 est,
940 3457 966 3519 ei
994 3457 1065 3520 item
1086 3457 1195 3520 Paulus
1216 3473 1270 3535 per
1292 3451 1347 3514 nei

124 3565 305 3626 voluntatem
327 3575 448 3626 vocatus
470 3573 516 3626 est
536 3564 708 3645 Apostolus,
731 3563 757 3625 ei
779 3561 907 3641 denique
926 3567 1031 3622 nostra
1052 3558 1166 3620 vocatio
1188 3555 1345 3636 proposito

124 3676 155 3729 et
175 3667 326 3730 voluntate
348 3674 396 3728 est
416 3667 502 3739 reete,
525 3666 625 3727 omrria
647 3673 744 3728 eutem
766 3681 821 3744 per
834 3661 963 3725 Verbum
984 3662 1059 3722 lacta
1080 3666 1166 3732 eunt3
1189 3656 1267 3718 haud
1288 3655 1346 3716 du-

125 3769 173 3830 bie
204 3769 303 3849 ipsum
325 3768 453 3830 Verbum
482 3775 564 3830 extra
591 3785 695 3830 eornm
724 3783 880 3828 numerum
909 3771 972 3838 est,
1004 3779 1079 3842 quae
1100 3760 1251 3822 vuluntate
1271 3757 1348 3818 lactu

125 3989 204 4039 Ceteri
232 3996 256 4037 et
283 3989 338 4039 editi
365 3981 424 4038 ἐστι
456 3981 486 4036 τὸ
518 3979 711 4054 δημιούργημα
762 3993 787 4036 et
804 3985 902 4046 Seguer.
922 3983 1035 4032 omittunt
1051 3973 1098 4028 καὶ
1114 3977 1179 4028 θεοῦ
1197 3970 1294 4042 σοφία.

122 4049 287 4121 ἓπιγενθνός.
796 4054 811 4102 i.
830 4053 870 4100 Sic
888 4053 944 4113 lleg.
965 4051 988 4099 l.
1006 4057 1030 4098 et
1047 4047 1187 4110 Seguerlen.
1221 4047 1250 4094 n
1267 4044 1308 4094 aiii
1325 4050 1351 4096 et
1456 4067 1472 4092 ο

157 4126 173 4174 l.
193 4125 250 4187 lleg,
269 4125 290 4174 l.
309 4125 451 4185 Segueriau.
475 4123 549 4174 Betil.
568 4113 607 4170 eir
623 4113 710 4186 λόγος.
764 4121 821 4171 editi
840 4109 922 4171 οὗτὸς
939 4111 953 4165 ὁ
972 4115 1021 4176 τῆς
1036 4127 1070 4182 με
1091 4107 1162 4173 ἄλης.
1200 4113 1275 4190 Paule
1294 4118 1352 4192 pqst

125 4193 168 4244 dlii
193 4201 216 4241 et
243 4185 363 4259 editidr
386 4184 507 4254 dlo'ync.
543 4191 595 4240 llor
615 4191 671 4252 lleg.
690 4189 712 4239 l.
764 4189 821 4250 Reg.
843 4187 864 4236 l.
890 4195 913 4236 et
936 4188 1037 4248 Seguer.
1078 4177 1287 4246 ιεὶέγχειντοος
1304 4191 1351 4227 αν-

124 4262 223 4323 Seguer.
242 4262 312 4312 Gubl.
331 4259 513 4310 etFelelm.l.
532 4251 712 4327 epidauraei.
762 4247 900 4322 θρώπινα.
1085 4275 1094 4286 -

126 4329 204 4380 Ceteri
223 4337 247 4378 et
266 4329 323 4378 editi
341 4321 395 4395 πρὸ
414 4319 506 4376 αὐτοῦ.
800 4325 821 4373 Ιι.
840 4324 881 4372 Sic
898 4323 954 4383 lleg.
972 4320 994 4370 l.
1019 4321 1119 4380 Seguer.
1143 4317 1234 4380 inglie.
1252 4316 1351 4368 Gcbler.

158 4408 179 4457 g.
199 4395 239 4445 Sic
249 4397 304 4458 lleg.
315 4396 337 4447 l.
350 4399 450 4456 Seguer.
462 4394 531 4446 Gobl.
544 4401 567 4443 et
575 4394 681 4443 Felolm.
690 4393 713 4442 1.
764 4399 788 4442 et
805 4391 909 4441 Felelm.
922 4390 944 4438 t.
963 4395 989 4438 ut
1007 4397 1030 4437 et
1047 4385 1154 4436 Nunnius
1172 4384 1236 4446 legit.
1271 4381 1352 4436 Ceteri

126 4463 150 4514 ln
168 4463 222 4513 eliis
241 4471 264 4513 et
282 4465 387 4514 editione
406 4461 523 4512 Commel.
540 4455 588 4509 arui
604 4462 679 4511 deest
764 4468 844 4510 antem
863 4463 887 4507 et
904 4457 977 4506 editio
995 4453 1112 4506 Commel.
1130 4447 1242 4518 γέγονε·
1260 4449 1353 4500 πάντα

158 4531 181 4581 h.
200 4532 241 4581 Sic
251 4532 308 4594 fleg.
319 4532 342 4586 1,
359 4533 457 4593 Seguer.
469 4530 566 4581 Gobler.
577 4529 714 4579 etFelelm.
765 4521 796 4577 dt
813 4519 860 4574 διὰ
878 4523 928 4574 τοῦ
944 4519 1027 4590 λόγου
1044 4518 1158 4588 γέγονεν
1168 4521 1265 4572 emistis
1276 4522 1354 4572 inter·

129 4601 151 4650 l.
183 4602 212 4651 u
229 4601 270 4651 ulii
288 4608 313 4650 et
330 4600 387 4652 editi
404 4590 522 4659 ἐποίησε.
559 4597 678 4661 llorlleg.
691 4596 714 4647 1.
765 4595 860 4646 mediis.
1388 4597 1398 4617 ·

1093 4637 1150 4727 ae*
