3128 5052
93 351 103 366 “
179 409 184 414 .
224 351 285 413 742
595 423 598 428 ⁴
619 359 645 404 ε.
661 357 816 402 mmm
830 357 1056 402 ιυευιτνιεεονι

1406 497 1472 525 2.»

137 517 277 582 mmai
298 509 342 579 ’τὰ
363 509 474 577 πάντα
502 507 538 588 ἐξ
564 507 637 586 ἑνὸς
657 509 742 574 θεοῦ
764 501 844 574 ἐότι.
889 506 928 572 τὸ
950 513 1059 594 τοίνυν
1081 505 1126 592 μή
1150 498 1190 570 ὂν
1212 507 1359 586 κτίσμα,
1394 505 1467 569 αλλ

221 610 388 700 ἡνωμένον
409 613 457 698 τῷ
480 611 550 696 υἱῷ,
575 605 620 688 ὥς
643 604 660 674 ό
683 608 755 687 υἱός
775 598 900 693 ἥνωται
914 611 962 695 τῷ
977 614 1090 694 πατρί,
1113 605 1154 672 τὸ
1170 604 1475 689 σονδοξαζόμενεν

220 717 324 801 πατρί
346 715 400 780 καί
416 713 477 798 υίηῦ
492 713 545 777 καί
561 708 824 796 θεολογούμενον
838 709 922 793 μετὰ
936 713 996 776 τοῦ
1012 707 1119 795 λόγου,
1143 705 1304 792 ἐνεργοῦν
1320 731 1360 774 τε
1373 702 1475 786 ὅπερ

221 813 241 882 ό
261 813 373 903 πατήρ
396 813 453 881 διὰ
473 814 532 879 τοῦ
554 812 627 878 υἱοῦ
644 811 821 896 ἐργάζεται,
844 813 919 890 πῶς
934 807 953 877 ό
968 813 1071 897 λέγων
1084 815 1207 894 κτίσμα
1223 803 1288 874 οῦκ
1305 805 1477 892 ἄντικρυς

221 917 269 996 είς
291 913 391 983 αύτόν
412 915 470 981 τὸν
492 914 564 981 υἱόν
586 907 718 998 όισεβεί,Ι
747 907 842 979 οῦδὲν
869 911 931 998 γάρ
960 912 1049 980 ἐστιν
1079 909 1163 1000 όμή
1188 908 1250 976 διὰ
1273 913 1340 974 τοῦ
1364 909 1476 994 λόγου
1525 926 1531 949 ·

201 1017 255 1086 ’ἐν
276 1020 323 1104 τῷ
346 1008 511 1101 πνεύματι
531 1021 656 1101 γίνεται
676 1012 732 1080 καὶ
754 1013 941 1099 ἐνεργεῖται.
969 1016 1069 1079 τοῦτο
1084 1015 1138 1079 καὶ
1153 1011 1188 1078 ἐν
1203 1012 1373 1096 ψαλμοῖς
1386 1010 1475 1100 ᾄδε-

218 1139 292 1186 ται·
314 1120 362 1204 τῷ
384 1117 471 1204 λόγῳ
493 1122 606 1201 κυρίου
628 1115 661 1181 οί
683 1109 816 1199 οῦρανοί
840 1114 1106 1202 ἐστερεώθησαν,
1135 1115 1189 1181 καὶ
1212 1116 1264 1198 τῷ
1288 1113 1473 1196 πνεύματι

218 1223 278 1286 τοῦ
301 1219 466 1304 στόματος
488 1214 589 1284 αύτοῦ
611 1219 706 1283 πόσα
726 1211 747 1301 ή
770 1215 908 1301 δύναμις
930 1214 1077 1296 αύτῶν“),
1110 1216 1181 1280 ’καί
1205 1213 1240 1280 ἐκ
1265 1217 1320 1300 τῷ
1346 1215 1475 1282 ἑκατα-

219 1324 288 1408 στῷ
309 1321 562 1407 τεσσαρακοστῷ
584 1317 715 1405 ἑβδόμῳ
729 1319 871 1404 ψαλμῷ·
894 1313 1076 1385 ἄπυστελεῖ
1084 1315 1144 1384 τόν
1159 1313 1261 1401 λόγον
1278 1310 1394 1382 αῦτοῦ
1407 1317 1473 1382 καὶ

217 1421 308 1509 τήξει
329 1417 429 1488 αύτό·
451 1419 589 1488 πνεύσει
609 1418 649 1484 τὸ
671 1421 803 1502 πνεῦμα
824 1413 925 1484 αῦτυῦ
947 1421 1001 1485 καὶ
1023 1417 1179 1506 ῥυήσεται
1200 1413 1362 1498 ύδαταἿ.
1408 1421 1472 1484 καὶ

218 1522 462 1611 ἐδικαιώθημεν
484 1524 529 1602 δέ,
554 1517 599 1600 ὥς
623 1515 715 1587 εἶπεν
737 1515 968 1600 όόιπόστολος,
990 1519 1027 1586 ’ἐν
1041 1522 1088 1607 τῷ
1104 1513 1244 1602 όνόματι
1258 1522 1328 1584 τοῦ
1345 1526 1473 1611 κυρίου
1542 1590 1543 1608 η

216 1618 309 1709 ήμῶν
327 1621 431 1712 Ἰησοῦ
446 1626 597 1711 Χριστοῦ
617 1625 670 1698 καί
694 1621 727 1688 ἐν
750 1624 797 1708 τῷ
812 1621 977 1705 πνεύματι
991 1623 1049 1687 τοῦ
1064 1623 1148 1687 θεοῦ
1170 1616 1321 1708 ήμιῦνἿ·
1348 1617 1473 1687 &deai-

217 1747 311 1812 ρετον
333 1726 398 1812 γάρ
423 1725 495 1793 ἐστι
523 1728 582 1792 τοῦ
611 1723 708 1810 λόγου
730 1722 770 1788 τὸ
791 1725 931 1806 πνεῦμα.
977 1716 1092 1807 όμέλει
1113 1723 1266 1807 λέγοντος
1292 1725 1386 1788 1’τοῦ
1409 1749 1471 1788 κυ-

167 1867 177 1874 -
216 1833 308 1911 ρίου·
331 1825 538 1911 ἐλευσόμεθα
561 1825 623 1910 ἐγὼ
644 1827 698 1891 καί
722 1819 741 1888 ό
762 1824 889 1910 πατήρ,
914 1829 1151 1909 συνειςέρχεται
1171 1820 1210 1888 τό
1233 1825 1384 1906 πνεῦμα
1406 1819 1468 1889 οῦκ

129 1920 368 2014 κοικύλλεις-η’
390 1923 436 2004 ὥς
463 1921 500 1991 ’ό
527 1925 599 2002 υίὸς
627 1925 661 1992 ἐν
690 1921 770 2010 ήμῒν
799 1924 955 2012 οἰκήσων,
984 1924 1169 2013 γράφοντος
1192 1919 1374 2010 Ἐφεσίοις
1405 1927 1468 1990 τοῦ

168 2089 170 2096 .
214 2027 368 2094 Παύλου·
391 2027 447 2093 ἵνα
463 2025 530 2112 δῴη
553 2022 630 2110 ύμῖν
652 2025 736 2092 κατὰ
756 2025 814 2093 τὸν
837 2028 982 2093 πλοῦτον
1004 2031 1063 2112 τής
1077 2025 1173 2112 δόξης
1187 2022 1293 2090 ούτοῦ
1313 2025 1464 2110 δυνάμει

214 2129 467 2214 κραταιωθῆναι
489 2126 546 2193 διὰ
566 2129 626 2192 τοῦ
648 2125 837 2210 πνεύματος
866 2121 968 2195 αῦτοῦ
995 2128 1043 2207 εἰς
1069 2126 1127 2193 τόν
1157 2125 1222 2192 λ’σω
1246 2122 1460 2212 ἄνθρωπον,

213 2231 408 2315 κατοικῆσαι
429 2228 486 2296 τόν
507 2224 657 2314 Χριστόν
665 2230 697 2306 ⁴).
741 2231 800 2306 τοῦ
824 2229 860 2296 δέ
881 2231 955 2296 οἱοῦ
978 2228 1012 2296 ἐν
1033 2225 1113 2317 ήμίν
1136 2224 1231 2305 όντος
1254 2225 1334 2294 ἐστι
1357 2232 1420 2296 καὶ
1443 2225 1461 2294 ό

213 2328 334 2418 πατήρ,
358 2331 510 2416 λέγοντος
524 2331 582 2396 τοῦ
598 2329 688 2395 υἱοῦ·
711 2327 774 2415 ἐγὼ
797 2328 831 2397 ἐν
852 2333 899 2417 τῷ
921 2329 1026 2417 πατρὶ
1040 2333 1093 2409 καί
1110 2324 1128 2394 ό
1143 2326 1253 2416 πατὴρ
1270 2327 1308 2395 ἐν
1325 2329 1460 2414 ἐμοί’)·

213 2429 268 2526 διὸ
289 2434 343 2498 καί
365 2433 538 2518 γινομένου
559 2433 619 2498 τοῦ
641 2429 797 2517 λόγου-ἐν
818 2441 890 2510 τοῖς
912 2431 1103 2520 προφήταις
1125 2429 1159 2498 ἐν
1174 2423 1263 2516 αύτῷ
1280 2433 1333 2516 τῷ
1350 2431 1460 2499 mei·

111 2549 119 2558 ·
210 2555 293 2616 ματι
313 2535 361 2618 τῷ
383 2527 467 2620 όγίφ
482 2530 741 2620 προφητεύσασι.
774 2536 836 2622 τῆς
849 2536 927 2617 γοῦν
942 2536 1071 2621 γραφῆς
1086 2530 1256 2619 λεγούσης·
1273 2534 1365 2598 -ίκαλ
1382 2532 1459 2619 ἐγέ-

212 2657 286 2702 νετο
300 2633 401 2720 λόγος
411 2641 525 2722 κυρίου
540 2625 627 2720 πρὸς
640 2633 736 2701 τόνδε
749 2634 808 2701 τόν
822 2633 1008 2722 προφήτην,
1033 2635 1197 2701 δείκνυται
1218 2633 1457 2721 προφητεύων

212 2733 246 2802 ἐν
265 2738 315 2822 ,τῷ
337 2735 503 2821 πνεύματι
523 2739 570 2822 τῷ
594 2731 685 2822 ἁγίῳ.
732 2733 767 2802 ἐν
794 2735 854 2819 μὲν
881 2734 942 2822 γὰρ
973 2737 1039 2822 ’τῷ
1060 2739 1211 2820 Ζαχαρία
1237 2738 1453 2819 γέγραπται·

210 2836 298 2924 πλήν
313 2836 392 2916 τούς
405 2836 522 2923 λόγους
542 2859 607 2920 μου
627 2839 682 2903 καί
704 2834 747 2904 τὰ
769 2834 894 2920 νόμιμά
914 2859 980 2921 μου
1001 2837 1148 2920 δέχεσθε,
1173 2831 1237 2900 όσα
1252 2833 1317 2920 ἐγὼ
1332 2835 1453 2902 ἐντέλ-

210 2938 313 3023 λομαι
335 2937 556 3023 ἐνπνεύματί
575 2962 639 3022 μου
661 2947 733 3016 τοῖς
765 2936 897 3016 δούλοις
924 2961 989 3023 μου
1017 2947 1090 3016 τοῖς
1116 2934 1356 3024 προφήταις“),
1389 2933 1450 3005 ὅτε

208 3040 264 3104 καλ
285 3035 354 3121 μετ’
381 3033 476 3126 όλίγα
497 3038 694 3123 αἰτιώμενος
715 3038 773 3105 τόν
796 3037 876 3105 λαὸν
899 3038 1004 3125 ἔλεγε·
1026 3041 1081 3106 καλ
1103 3039 1161 3124 τήν
1176 3038 1315 3124 καρδίαν
1329 3033 1450 3106 αύτῶν

209 3138 327 3217 ἔταξαν
346 3131 476 3226 όπειδῆ
490 3142 550 3205 τοῦ
564 3139 610 3226 μή
626 3138 803 3219 είςακσύειν
823 3139 918 3220 ἰνοός
932 3141 1055 3226 νόμους
1067 3163 1133 3225 μου
1147 3136 1295 3216 καὶτοὺς
1309 3138 1444 3224 λόγους,

173 3305 190 3335 Ι
209 3236 267 3316 σῦς
288 3237 500 3317 ἐξαπέστειλε
520 3239 632 3327 κύριος
662 3240 899 3328 παντοκράτωρ
922 3240 956 3310 ἐν
979 3241 1144 3326 πνεύματι
1166 3233 1266 3308 αῦτοῦ
1288 3239 1325 3306 ἐν
1343 3244 1443 3326 χερσὶ

209 3441 297 3521 ξεσιν
320 3440 442 3527 ἐλεγεν·
471 3440 588 3528 όνδρες
616 3439 773 3530 ἀδελφοί,
804 3444 872 3511 ἔδει
893 3445 1116 3532 πληρωθῆναι
1138 3442 1196 3532 τήν
1218 3441 1363 3530 γραφήν,
1400 3443 1439 3530 ἣν

207 3551 353 3630 προεῖπε
373 3541 413 3608 τό
435 3546 566 3627 πνεῦμα
585 3541 625 3610 τὸ
647 3540 785 3629 ὅμοι’),
815 3545 984 3632 καὶκοινῇ
1008 3545 1045 3612 δέ
1067 3545 1100 3610 οἱ
1122 3538 1309 3610 ἀπόστολοι
1331 3543 1437 3629 ἐβόων

90 3665 93 3672 ’
208 3640 328 3724 ούτιος·
351 3645 501 3711 δέσποτα
527 3640 546 3710 ό
567 3644 714 3733 ποιήσας
734 3644 792 3713 τόν
815 3641 954 3732 ούρανόκ
975 3648 1029 3712 καί
1050 3643 1110 3732 τήν
1131 3647 1190 3731 γῆν
1211 3648 1265 3711 καὶ
1287 3643 1347 3732 τήν
1368 3645 1436 3711 θό-

207 3747 334 3813 λασσαν
355 3748 409 3814 καὶ
431 3745 543 3813 πάντα
564 3746 606 3814 τό
629 3747 663 3816 ἐν
685 3741 813 3828 αύτοίς,
846 3743 886 3812 ΙΙό
908 3749 968 3812 τοῦ
990 3746 1119 3833 πατρὸς
1137 3742 1234 3832 ήμῶν
1256 3745 1314 3813 διόι
1334 3747 1437 3813 πνεό-

275 3951 299 4011 ι)
318 3951 380 4003 ναι.
395 3951 427 4002 εν
446 3947 498 4017 [ει.
518 3949 606 4019 1.xx.]‚
625 3954 648 4004 ε.
718 3953 744 4010 τι
763 3953 826 4006 νεα.
846 3953 904 4012 ιω,
925 3951 955 4003 ιε
974 3905 1010 4017 [ε.
1029 3949 1116 4020 ωιτη.
1187 3952 1213 4011 ε)
1233 3953 1254 4002 ι.
1274 3952 1329 4002 cor.
1346 3953 1374 4014 ε,
1396 3953 1435 4002 ιι.

204 4018 449 4146 ηηιεηηηηυμο.
520 4021 629 4081 maan.
651 4021 750 4082 14‚1o.
786 4029 788 4039 ,
827 4020 852 4081 ε)
876 4021 1041 4081 μακε.
1111 4019 1278 4081 νεμεαν,
1299 4020 1337 4069 ιν.
1408 4020 1436 4078 ει

239 4237 377 4291 annuet.
407 4247 431 4290 et
453 4239 558 4289 ῦείείιω.
576 4239 597 4288 1.
626 4233 672 4287 καὶ
698 4225 790 4293 αὖθις·
844 4231 1000 4306 ρυήσονται.
1037 4239 1088 4290 Mox
1114 4240 1169 4288 item
1189 4239 1245 4299 neg.
1261 4235 1284 4288 2.
1309 4247 1333 4286 ει
1359 4238 1434 4288 editio

204 4291 348 4352 δνισστελιί
363 4300 413 4356 τὸν
429 4301 513 4372 λόγον
527 4297 612 4355 αότοῦ
624 4316 668 4358 ενα.
704 4309 792 4370 Regius
844 4309 960 4360 eommel.
979 4309 1093 4358 omittunt
1107 4298 1196 4365 Ἰησοῦ
1214 4303 1346 4372 Χριστοῦ.

201 4369 258 4418 item
281 4369 301 4418 Ι.
315 4377 343 4448 ,εί
361 4371 385 4421 2.
404 4373 504 4436 Seguer.
523 4375 595 4424 Βοείί.
620 4384 644 4424 ει
669 4375 791 4436 Anguem.
877 4377 1070 4438 b.SicReg.1.
1090 4371 1435 4435 8οςυεε.ῦο1ι1εε,ειέ“ε1ελ·

202 4433 456 4504 όνίιεοιαποσνελεῖ.
505 4441 583 4492 Ceteri
610 4450 633 4491 ει
659 4443 715 4492 editi
734 4435 791 4496 ἔξα-
843 4444 956 4493 mannil.
993 4443 1020 4492 λι
1038 4443 1078 4492 alii
1096 4449 1120 4490 ιε
1138 4441 1194 4490 edili
1212 4439 1262 4488 τοῦ
1278 4437 1410 4506 Χριστοῦ.

112 4567 114 4576 ⁴
200 4497 333 4553 ποστελεῖ.
379 4507 429 4555 Μαι
449 4507 504 4568 δερ.
520 4510 542 4557 1.
567 4509 666 4570 ὃεςαεε.
693 4509 790 4560 Gobler.
876 4526 889 4558 α
916 4512 963 4560 λεί.
983 4502 998 4558 ό
1017 4517 1071 4560 aule
1090 4501 1147 4560 υἱός
1166 4509 1233 4556 deest
1247 4511 1270 4558 in
1281 4509 1427 4568 Segne'riano

201 4579 227 4622 ει
242 4572 383 4624 λείπεταί.
403 4566 545 4639 ῥοήσεται,
574 4575 615 4626 ubi
633 4575 675 4628 ιίίί
692 4585 715 4626 ει
733 4575 789 4625 editi
840 4577 932 4627 Ibidem
952 4579 1007 4640 Res.
1020 4579 1042 4626 ί.
1061 4577 1162 4638 θεραει.
1181 4575 1271 4636 Angue.
1291 4575 1387 4626 δοῦλα.
1406 4579 1430 4621 ει
