3110 5064
231 333 274 398 44
632 351 660 395 ε.
675 351 830 396 umam
844 351 1068 398 ιεειιιενιεαονι

122 517 221 560 ·..νιοο
230 495 342 583 κύριος
375 496 549 582 γενόμενος
578 491 674 564 6'‘
655 500 742 585 ημᾶς
770 495 954 586 ἄνθρωπος
979 503 1034 566 καί
1064 503 1177 621 σῶμα·
1187 506 1335 621 φορέσας
1363 495 1449 568 οὐδέν

230 585 327 685 ἦττον
349 587 401 684 ἦν
410 597 509 678 θεός·
532 593 571 666 06
592 599 654 687 γὰρ
675 594 919 688 ἠλαττοῦτο
874 626 919 688 τη
942 603 1103 690 περιβολῇ
1118 603 1177 668 τοῦ
1194 601 1358 687 σώματος,
1375 595 1450 668 ἀλλὰ

230 699 432 784 καὶμᾶλλον
455 699 670 768 ἐθεοποιεῒτο
695 705 794 769 τοῦτο
817 704 871 768 καὶ
894 699 1066 769 ἀθάνατον
1089 697 1251 770 ἀπετέλει.

319 807 366 870 15.
409 795 513 868 Ἱκανὰ
533 804 593 886 μὲν
616 792 673 869 οῦν
694 806 799 869 ταῦτα
821 803 1088 891 στηλιτεῦσαι
1054 829 1112 891 την
1128 804 1256 891 αἵρεσιν
1270 807 1338 872 τιῦν
1351 797 1451 888 Ἀρει-
1500 833 1503 844 ·

231 903 327 970 σνῶν.
372 905 425 968 καί
448 901 519 989 γάρ,
544 898 589 983 ὡς
610 899 629 969 6
651 904 763 989 κύριος
785 905 933 985 δέδωκεν,
957 903 994 984 ἐξ
1014 894 1060 971 ὧν
1082 905 1192 990 ἔλεγον
1214 899 1312 972 αὐτοὶ
1333 904 1452 991 διηλέγ-

229 1007 360 1089 χθησαν
389 999 599 1089 ἀσεβοῦντες,
630 1012 710 1093 φέρε
733 1005 772 1094 66
794 1004 850 1072 καὶ
871 1001 966 1094 ήμεῖς
987 1013 1214 1092 προτείνωμεν
1235 1005 1291 1073 καὶ
1314 999 1452 1089 ἀπαιτή-

232 1127 340 1188 σωμεν
362 1103 417 1171 καί
439 1100 558 1186 αὐτοὺς
580 1102 848 1194 ἀποκρίνασθαι·
876 1105 991 1193 καιρὸς
1012 1107 1073 1193 γάρ
1096 1108 1201 1188 ἐστιν,
1226 1103 1453 1194 ἀπορήσαντος

231 1199 350 1285 αὐτοὺς
382 1205 415 1273 έν
446 1217 519 1286 τοῖς
553 1207 653 1288 ἰδίοις
682 1206 876 1294 ἐρωτᾶσθαι
904 1206 1025 1276 λοιπὸν
1052 1203 1130 1295 παρ’
1154 1205 1263 1296 ήμιῦν·
1287 1207 1380 1292 ζτάχα
1399 1200 1452 1293 κᾷν

230 1303 336 1386 οὕτως
363 1307 578 1394 ἐντραπέντες
607 1305 842 1395 ἀναβλέψωσιν
871 1305 955 1377 ὅθεν
983 1315 1169 1378 κατέπεσον
1191 1311 1225 1377 ολ
1246 1309 1451 1397 κακόφρονες.

215 1408 286 1476 ’τὸν
308 1407 380 1476 νίὸν
402 1413 461 1474 τοῦ
483 1413 568 1478 θεοῦ
588 1410 828 1500 μεμαθήκαμεν
851 1411 886 1479 ἐκ
906 1415 973 1479 τῶν
995 1417 1101 1480 θείων
1117 1413 1264 1499 γραφῶν,
1289 1406 1336 1490 ὥς
1358 1425 1453 1496 ·προ-

230 1515 378 1594 είπομεν,
402 1506 501 1576 αὐτὸν
524 1505 610 1578 εἶναι
630 1510 688 1578 τὸν
710 1511 807 1597 λόγον
828 1511 884 1581 καί
904 1512 963 1602 τήν
986 1519 1109 1600 σοφίαν
1124 1515 1183 1579 τοῦ
1197 1511 1337 1596 πατρός.
1369 1506 1453 1594 όμίν

230 1610 292 1697 γὰρ
321 1607 511 1694 ἀπόστολος
540 1635 638 1702 φησι·
668 1613 817 1700 Χριστός
846 1618 931 1682 θεοῦ
962 1614 1176 1700 δύναμιςκαὶ
1198 1617 1283 1682 θεοῦ
1307 1613 1452 1701 ⁰⁰G⁰l⁰¹6

145 1707 250 1780 νοτιό
274 1714 310 1780 δὲ
328 1708 477 1802 Ἰωάννης
500 1715 651 1804 εἰρηκώς·
673 1714 729 1807 καί
752 1711 769 1782 ό
792 1715 889 1803 λόγος
906 1715 990 1802 σάρξ
1004 1716 1139 1803 ἐγένετο,
1164 1713 1327 1803 ἐπήγαγεν
1344 1707 1453 1789 εῦθός·

230 1815 286 1882 καί
308 1814 528 1900 ἐθεασάμεθα
549 1816 608 1903 τήν
630 1816 728 1897 δόξαν
751 1812 861 1900 αὐτοῦ,
886 1818 985 1899 δόξαν
1007 1813 1053 1896 ὥς
1073 1819 1269 1904 μονογενοῦς
1284 1813 1380 1902 παρὰ
1393 1835 1455 1879 πα-

229 1919 315 2006 τρός,
339 1918 467 2005 πλήρης
487 1918 621 2004 χάριτος
642 1918 699 1986 καὶ
722 1914 932 2008 ἀληθείαςῧ·
956 1915 1016 2000 ὥς,
1040 1922 1099 1985 τοῦ
1122 1917 1220 2005 λόγου
1244 1913 1341 1997 ὄντος
1360 1937 1455 2001 μονο·

229 2024 343 2106 γενοῦς
370 2020 459 2099 οἱοῦ,
495 2020 528 2086 ἓν
550 2047 586 2087 τε
607 2019 714 2108 τοότφ
736 2025 783 2107 τῷ
806 2021 892 2108 λόγῳ
915 2020 972 2090 καὶ
992 2025 1031 2109 τῇ
1055 2017 1160 2110 σοφίη
1180 2023 1383 2107 γεγενῆσθαι.
1401 2014 1453 2082 τόν

229 2147 266 2190 τε
288 2117 427 2208 οὐρανὸν
448 2124 503 2188 καί
524 2120 583 2210 τήν
605 2125 663 2209 γῆν
685 2127 739 2189 καὶ
761 2122 873 2190 πάντα
893 2121 936 2189 τὰ
957 2121 991 2190 ἐν
1014 2117 1137 2200 αὐτοῖς.
1183 2125 1237 2189 καί
1258 2121 1381 2210 ταύτης
1401 2117 1453 2204 τῆς

230 2231 353 2312 σοφίας
375 2223 482 2310 πηγήν
505 2218 590 2291 εἶναι
609 2224 668 2290 τὸν
690 2225 782 2306 θεόν,
807 2223 842 2292 ἐν
862 2227 909 2311 τῷ
925 2223 1058 2310 Βαροῦχ
1079 2223 1329 2310 μεμαθήκαμεν,
1353 2219 1455 2288 αι’τιο-

230 2331 351 2405 θέντος
378 2328 437 2392 τοῦ
456 2319 583 2412 Ἰσραήλ
589 2323 605 2406 ,’
630 2321 684 2393 ότι
711 2327 905 2412 ἐγκατέλιπε
932 2326 992 2413 τὴν
1013 2325 1120 2414 πηγὴν
1142 2327 1200 2411 τῆς
1222 2327 1386 2412 σοφίας’γ.
1428 2317 1454 2386 ελ

228 2431 289 2513 μὲν
310 2417 369 2496 οῦν
391 2422 569 2516 ἀρνοῦνται
589 2427 632 2495 τὰ
652 2435 867 2516 γεγραμμένα,
893 2422 1225 2512 αῦτόθενάλλότριοι
1238 2429 1293 2494 καὶ
1309 2429 1369 2493 τοῦ
1386 2417 1454 2488 όνό-

228 2553 334 2615 ματος
366 2527 474 2611 ὄντες,
509 2529 637 2608 οἰκείως
670 2525 711 2598 ἀν
742 2532 896 2598 καλοῖντο
929 2528 985 2596 καί
1007 2528 1101 2616 παρὰ
1122 2529 1258 2596 πάντων
1281 2526 1384 2594 ἀθεοι
1404 2519 1455 2590 καὶ

227 2632 459 2720 χριστομάχοι·
483 2628 570 2700 οότω
592 2630 653 2720 γὰρ
677 2631 813 2711 έαντοῦς
835 2630 1057 2716 ἐπωνόμασαν
1078 2630 1134 2698 καί
1149 2625 1261 2697 αῦτοί·
1286 2629 1317 2696 εί
1332 2629 1369 2696 δὲ
1384 2649 1454 2694 συν-

229 2738 448 2823 ομολογοῦσιν
469 2732 549 2826 ἡμῖν
572 2729 658 2802 ειναι
679 2734 893 2802 θεόπνευστα
915 2731 957 2799 τὰ
978 2735 1037 2818 τῆς
1057 2736 1186 2820 γραφῆς
1208 2731 1355 2819 ῥήματα,
1384 2727 1455 2794 τολ-

227 2838 429 2962 μησάτφσαν
452 2841 603 2960 φρινεριῦς
625 2834 787 2918 εἰπεῖν,
767 2863 790 2902 οι
810 2841 1035 2956 κεκρυμμένως
1058 2837 1247 2962 φρονοῦσιν,
1273 2827 1327 2899 ότι
1341 2828 1455 2914 ἀλογος

228 2939 341 3005 1’μαλ’
325 2937 456 3025 α’σοφος
477 2943 515 3026 ἠν
539 2935 557 3004 6
579 2938 663 3016 θεός
685 2961 785 3018 ποτε,
814 2935 870 3004 καὶ
890 2939 1095 3019 μανέντες)
1070 2935 1227 3002 είπωσιν·
1261 2925 1300 3021 6v
1323 2929 1381 3000 ὅτε
1402 2922 1455 2997 οῦκ

229 3027 278 3125 ἦν,
311 3037 367 3104 καί
388 3037 470 3158 πρίν
492 3043 692 3125 γεννηθῆναι
719 3034 778 3104 οῦκ
799 3027 838 3122 ἦν
861 3032 879 3102 6
902 3032 1067 3121 Χριστός·
1096 3035 1199 3104 πάλιν
1221 3061 1258 3104 τε
1281 3027 1455 3122 ἀποφηνά-

229 3143 369 3203 σθωοαν
396 3136 456 3223 τήν
483 3137 589 3226 πηγὴν
617 3138 661 3226 μή
691 3139 727 3219 ἐξ
755 3139 872 3223 έολιτής
893 3142 1116 3224 γεγεννηκέναι
1136 3137 1194 3225 τήν
1218 3143 1359 3225 σοφίαν,
1388 3125 1452 3201 ἀλλ’

231 3237 356 3318 ἐ’ξωθεν
379 3238 496 3325 ἑαυτῆς
518 3243 699 3368 κεκτήσθαι
720 3239 857 3360 ταύτην,
880 3237 936 3306 ‘tva
957 3237 1015 3306 καὶ
1035 3237 1246 3327 τολμήσωσιν
1269 3239 1395 3306 εἰπεῖν·
1421 3231 1455 3310 ἕξ

230 3334 288 3408 οῦκ
310 3336 415 3406 ὄντων
436 3347 566 3426 γέγονεν
589 3337 606 3406 6
629 3341 708 3420 οἷός.
754 3345 852 3408 τοῦτο
881 3339 944 3427 γὰρ
966 3334 1024 3408 οῦκ
1047 3339 1096 3407 έιι
1117 3339 1225 3428 πηγήν
1246 3339 1368 3428 ταύτην
1391 3337 1454 3404 δεί-

229 3465 349 3520 κνυσιν,
376 3435 461 3508 ἀλλά
481 3468 556 3509 τινα
579 3439 736 3510 λάκκον“
709 3465 823 3528 ωσπερ
839 3441 965 3522 ἔξωθεν
980 3437 1069 3556 ῦιίωρ
1086 3440 1239 3527 λαβόντα,
1263 3445 1453 3530 κεχρημένον

228 3569 274 3630 τῳ
299 3537 437 3628 ὀνόματι
458 3545 517 3632 τῆς
538 3547 653 3630 πηγής.

317 3652 364 3714 16.
402 3639 505 3730 Ὅσης
531 3647 591 3728 μίν
621 3635 678 3712 οῦν
702 3641 893 3768 ἀσεβείαςί
895 3644 950 3712 στὶ
971 3649 1070 3711 τοῦτο
1090 3642 1226 3728 μεστόν,
1252 3639 1371 3712 οῦόίνα
1392 3639 1454 3706 τῶν

229 3742 289 3836 κάν
310 3753 466 3834 βραχεῖαν
489 3746 689 3834 α’ίσθησινί
688 3747 813 3830 χόντων
837 3741 1060 3834 ἀμφιβάλλειν
1082 3741 1233 3834 ἡγοῦμαι.
1281 3739 1454 3831 ἐπειδὴδὲ

228 3847 486 3936 τονθορύζοντες
509 3849 673 3933 λέγουσιν,
706 3843 853 3936 ὀνόματα
873 3848 975 3932 μόνον
1001 3843 1086 3916 εἶναι
1108 3850 1167 3912 τοῦ
1189 3847 1262 3914 οἱοῦ
1285 3847 1382 3933 λόγος
1402 3837 1455 3909 καὶ
1531 3871 1532 3878 “

159 3985 161 3996 ·
230 3957 343 4038 σοφία,
368 3945 543 4035 ἀναγκαῖον
566 3947 730 4038 ἐρωτῆσαι
750 3949 903 4026 τούτους·
927 3949 956 4016 εί
979 3943 1126 4032 ὀνόματα
1146 3949 1248 4033 μόνον
1268 3947 1341 4016 ἐστὶ
1354 3948 1454 4038 ταῦτα

228 4056 286 4117 τοῦ
315 4053 404 4131 οἱοῦ,
437 4049 536 4129 ἀλλος
564 4045 605 4118 ἀν
633 4045 733 4130 αὐτὸς
762 4053 811 4138 εἴη
833 4049 928 4136 παρὰ
948 4049 1061 4116 ταῦτα.
1108 4049 1165 4116 καί
1186 4050 1215 4118 εἰ
1236 4051 1296 4135 μέν
1317 4051 1453 4135 βελτίων
1531 4115 1532 4132 η

229 4149 301 4218 ἐστὶ
322 4155 388 4220 τῶν
411 4147 592 4237 ὀνομάτων,
616 4146 674 4236 οῦχ
697 4148 791 4219 όσιον
813 4151 849 4220 ἒν
869 4153 936 4218 τῶν
958 4149 1142 4218 ἐλαττόνων
1155 4149 1213 4220 τὸν
1229 4153 1383 4238 βελτίονα
1398 4167 1453 4231 ση-
1531 4149 1532 4222 λ

151 4257 174 4276 ⁴·
228 4259 427 4336 μαίνεσθαι’
456 4255 486 4322 εἰ
514 4255 550 4320 δὲ
580 4253 724 4322 ἐλάττων
751 4252 824 4322 ἐστὶ
850 4254 917 4320 τῶν
940 4247 1126 4338 ὀνομάτων,
1156 4252 1292 4332 πάντως
1314 4253 1381 4336 ἔχει
1401 4243 1454 4314 καὶ
1531 4251 1532 4320 λ

228 4352 286 4440 τήν
307 4353 417 4422 αἰτίαν
439 4359 497 4442 τῆς
519 4355 578 4424 ἐπὶ
599 4355 638 4435 τὸ
659 4355 793 4424 κάλλιον
815 4360 1050 4440 προςηγορίας·
1072 4357 1171 4421 τοῦτο
1194 4356 1230 4422 δὲ
1253 4354 1357 4422 πόλιν
1371 4372 1453 4438 πρίν
1531 4351 1532 4364 ’

299 4581 322 4640 ι)
342 4581 363 4631 ι.
382 4582 436 4632 cor.
460 4581 481 4644 ι,
499 4581 540 4634 τι,
609 4581 634 4642 ν)
653 4582 718 4632 ιιτε.
740 4583 762 4640 ι,
783 4579 821 4630 ιι.
891 4577 917 4624 ει
935 4543 1032 4642 Barsa,
1053 4579 1091 4630 ιν.
