3072 5056
346 344 489 390 srrsroxr
504 345 542 388 oe
557 345 701 390 cernaris
716 347 860 392 numanae
875 348 994 394 srncm.
1242 338 1282 402 65

76 492 163 566 luent,
192 493 291 572 ipsum
312 483 392 556 idum
415 513 500 568 esse,
520 491 578 576 'qui
606 504 653 558 est
683 515 719 560 ex
740 498 836 560 Patre.
881 497 1034 579 Siquidem
1054 519 1104 564 res
1126 502 1369 568 universaermo.

77 593 130 654 eius
149 601 215 656 sont
234 593 410 674 participes,
444 612 511 658 cum
534 596 628 658 sancti
650 596 781 678 Spiritus
801 599 960 679 participes
983 601 1158 665 efficiuntur.
1203 603 1284 667 Talis

76 700 157 754 annm
178 711 243 754 cum
266 695 320 769 sit,
348 697 482 776 prolecto
505 715 541 758 ex
562 697 656 760 nihilo
679 716 747 760 esse
768 715 829 760 non
850 707 966 778 potest,
995 702 1038 764 uti
1067 721 1192 766 necros
1215 723 1284 768 esse

76 801 167 867 oceo,
187 794 240 856 sed
261 795 361 875 potios
383 815 471 859 verus
494 807 524 860 et
543 799 684 880 proprius
706 807 811 861 estex
832 800 918 864 Patre
940 804 1035 878 letus,
1057 823 1118 866 non
1140 823 1228 868 secus
1250 823 1286 868 ac

76 894 199 972 splendor
220 915 256 958 ex
278 896 352 959 luce.

145 1103 191 1163 25.
235 1099 338 1180 ltaque
360 1119 428 1162 com
450 1101 552 1163 Patres
574 1101 720 1164 Nicaeuae
743 1102 849 1181 synodi
871 1103 912 1164 ita
934 1104 1089 1180 sentirent,
1112 1106 1282 1172 huiusmodi

74 1199 199 1262 dictiones
219 1199 279 1262 illis
301 1201 432 1264 scribere
453 1201 549 1264 risum
573 1209 629 1264 est.
674 1202 763 1275 Quod
791 1222 862 1264 vero
889 1204 948 1284 ipsi
976 1223 1027 1267 eas
1056 1223 1119 1268 oon
1149 1208 1207 1270 sibi
1229 1229 1282 1272 cx·

75 1301 261 1380 cogitaverint,
293 1309 326 1363 ut
354 1301 395 1362 illi
426 1303 546 1382 quidem
573 1303 732 1376 obiiciunt,
766 1303 819 1380 sed
849 1305 885 1367 ab
914 1305 979 1368 aliis
1008 1325 1042 1368 se
1065 1307 1283 1387 antiquioribus

74 1401 230 1482 acceperint,
253 1419 308 1480 age
329 1401 359 1464 id
381 1421 500 1482 quoque
523 1405 724 1477 ostendamus,
747 1423 786 1468 ue
807 1403 853 1466 vel
874 1407 947 1468 baec
967 1407 1032 1486 ipsa
1054 1407 1201 1470 incusatio
1224 1409 1283 1472 illis

73 1504 194 1582 supersit
237 1503 350 1564 Discite
372 1503 479 1583 igitur,
502 1522 519 1565 o
542 1504 654 1566 Christi
673 1505 779 1568 hostes
799 1506 918 1580 Ariani,
942 1507 1165 1586 Theognostum
1188 1511 1284 1574 virum

73 1603 200 1666 eruditum
222 1604 345 1666 minime
372 1605 518 1684 refugisse
551 1604 587 1666 ab
609 1605 665 1666 bec
685 1605 751 1686 ipsa
772 1605 902 1669 dictione
924 1627 962 1671 eac
984 1609 1164 1674 substantio.
1209 1611 1284 1674 Nam

72 1703 236 1766 insecundo
258 1705 500 1785 llppotgposeeiv
521 1707 595 1768 baec
616 1705 653 1768 de
674 1705 750 1768 Filio
774 1707 892 1772 scribit:
916 1710 1005 1782 „Nou
1027 1711 1211 1774 extrinsecus
1228 1713 1282 1775 od·

73 1805 198 1876 „inventa
227 1815 275 1867 est
303 1805 369 1868 Filii
396 1807 562 1869 substantia
589 1825 686 1887 neque
714 1826 750 1870 ex
778 1809 871 1870 nihilo
895 1809 1014 1883 educta,
1044 1811 1097 1873 sed
1129 1830 1163 1873 ex
1185 1812 1284 1876 Patris

73 1905 246 1978 „substantia
271 1915 338 1968 nata
362 1917 423 1982 est,
453 1917 485 1970 ut
513 1908 587 1970 lucis
617 1908 761 1990 splendor
782 1915 812 1970 et
833 1928 926 1989 aquae
948 1929 1058 1991 vapor3
1086 1915 1282 1992 nequeenim

73 2007 223 2086 „splendor
247 2016 301 2070 aut
322 2027 415 2088 vapor
436 2009 500 2089 ipsa
523 2029 597 2089 aqua
619 2008 665 2070 vel
686 2009 752 2088 ipse
775 2010 820 2072 sol
843 2019 905 2086 est;
928 2029 1024 2092 neque
1046 2031 1152 2076 rursus
1174 2014 1283 2095 aliquid

73 2117 134 2180 „est
151 2108 289 2178 ebenum,
313 2109 367 2172 sed
389 2118 436 2172 est
458 2109 566 2190 aliquid
590 2127 731 2172 emanans
754 2128 790 2172 ex
805 2111 902 2173 Patris
920 2112 1095 2188 substantia,
1118 2115 1158 2178 ita
1173 2123 1282 2190 umen,

74 2217 121 2280 ,ut
139 2209 245 2272 nubam
270 2208 449 2272 divisionem
472 2211 574 2273 eadem
597 2211 692 2273 Patris
715 2210 880 2274 substantia
903 2213 943 2275 s'it
964 2231 1114 2294 perpessa.
1151 2215 1190 2277 Ut
1204 2217 1283 2280 enim

73 2308 130 2381 „sol
148 2309 223 2372 idem
246 2328 373 2386 manens
395 2311 487 2374 radiis
509 2312 634 2394 abipso
656 2311 875 2392 profluentibus
897 2333 958 2376 non
980 2315 1139 2391 minuitur3
1164 2317 1205 2378 ita
1225 2336 1282 2380 ue·

75 2429 142 2487 „que
160 2411 257 2473 Patris
280 2410 446 2474 substantia
461 2413 655 2476 mutationem
672 2412 759 2476 ollam
780 2415 900 2492 patitur,
923 2433 988 2477 cum
1004 2415 1110 2480 Filium
1126 2416 1282 2498 suiipsius

74 2509 237 2590 „imaginem
261 2511 383 2573 babet.“
430 2512 480 2574 Sic
511 2513 601 2591 igitur
629 2513 840 2593 Theognostus
868 2533 951 2576 suam
981 2516 1056 2595 ipse,
1074 2525 1205 2580 mentem
1234 2518 1282 2580 bis

74 2611 154 2672 serbis
174 2613 303 2692 aperuit,
326 2631 391 2674 cum
415 2631 448 2674 ea
471 2633 547 2692 quae
569 2621 654 2676 autea
676 2623 883 2693 proposuerat,
906 2635 966 2676 non
988 2616 1045 2678 nisi
1062 2617 1282 2680 exercitationis

74 2713 370 2794 gretiaexpendisset
415 2714 488 2776 Cum
510 2715 580 2776 item
596 2715 755 2794 Dionysius
769 2713 961 2776 Alexandriae
984 2717 1144 2796 episcopus
1167 2736 1203 2779 ex
1224 2719 1282 2790 bis,

74 2831 134 2889 quae
153 2815 294 2876 adversus
318 2814 479 2878 Sabellium
500 2815 676 2896 scripserat,
705 2815 813 2895 quibus
841 2833 947 2896 nempe
970 2815 1130 2878 Salvatoris
1159 2817 1282 2897 dispen-

75 2915 199 2977 sationem
229 2914 393 2978 secundum
422 2935 539 2978 carnem
568 2916 723 2996 permultis
752 2915 925 2996 explanabat
951 2935 986 2978 ac
1012 2916 1082 2978 inde
1114 2918 1285 2980 confutabat

75 3013 237 3078 Sabelliauos
262 3017 511 3097 ostendebatque,
533 3037 593 3079 nou
616 3017 734 3078 Patrem
756 3018 862 3079 lactum
886 3036 953 3078 esse
975 3035 1111 3092 carnem,
1133 3019 1185 3080 sed
1207 3019 1281 3082 ller-

74 3093 201 3190 inmoti
223 3117 353 3180 loannes
375 3118 460 3192 dicit,
483 3137 566 3191 com,
589 3118 718 3198 inquam,
741 3118 771 3180 iu
795 3117 995 3196 suspicionem
1019 3119 1149 3182 venisset
1171 3119 1282 3182 dixisse

75 3215 162 3279 Filium
182 3239 246 3281 rem
268 3221 374 3280 laetam
396 3227 427 3282 et
448 3228 575 3282 creatam
598 3239 681 3294 esse,
713 3238 773 3280 uon
796 3237 867 3282 cero
889 3220 970 3282 Patri
992 3219 1281 3296 consubstantialem,

76 3315 157 3380 literas
182 3321 264 3383 dedit
291 3321 327 3381 ad
355 3321 468 3382 Romae
488 3319 669 3400 Episcopum
691 3319 864 3399 Dionysium
886 3339 1005 3400 quoque
1027 3321 1218 3399 appellatum,
1251 3322 1282 3384 in

76 3420 166 3494 quibus
187 3441 220 3483 se
247 3439 414 3501 expurgans
443 3421 649 3494 asseverabat,
677 3420 850 3482 calumniam
877 3421 954 3482 hane
981 3439 1050 3482 esse
1077 3421 1219 3483 adversus
1248 3441 1280 3484 se

77 3519 226 3596 confictam
254 3539 405 3601 uunquam
434 3521 513 3583 enim
542 3539 575 3582 se
597 3521 703 3584 Filium
729 3523 838 3584 lactum
861 3521 987 3595 dixisse,
1017 3521 1070 3582 sed
1098 3523 1179 3582 illum
1201 3521 1282 3582 Patri
1326 3547 1331 3554 ·

77 3661 1281 3740 mmmssmmwmmmwmwwmmmMM
1360 3676 1365 3685 '

79 3726 1281 3807 MQWMWQMWQoWWMQmmeQn

79 3805 1281 3882 dfflmwdmmmmmmcmwmmwwmmmfflffle

79 3873 176 3936 dtrlorot,
202 3879 306 3941 solisque
329 3879 398 3927 rebus
422 3879 512 3926 rollone
528 3877 642 3940 praeditis
694 3875 754 3926 Filio
786 3877 895 3940 disputat.
941 3877 1000 3934 (liris
1029 3889 1104 3938 porro
1133 3873 1205 3921 tuero
1235 3877 1280 3920 rste

76 3944 640 4009 pmMm,dcmqmmm,mdwmm
695 3939 1280 4005 Tmmmmqummwmmmmmeo

78 4005 127 4056 lilio
144 4014 240 4076 affingit,
261 4015 309 4062 rice
327 4013 406 4061 eodem
424 4028 450 4060 cc
468 4013 509 4060 ille
526 4013 643 4074 inepietote
694 4011 727 4059 ris
746 4011 807 4074 apud
828 4011 937 4059 l‘bctium
958 4011 1089 4066 bellemus,
1108 4006 1147 4054 ult
1166 4005 1225 4084 beeg
1245 4005 1280 4054 le·

78 4067 1280 4152 mmqmmwwmmmm-fflmstmmwfflwfflwsse

79 4135 1279 4256 mmmmmmmwmifflfflwfflwwfflww

80 4211 137 4258 trecis
153 4219 229 4276 petie,
249 4231 295 4264 een
312 4221 388 4263 cotem
407 4230 436 4262 es
445 4216 539 4278 proprio
552 4220 643 4263 ceraten—
696 4210 744 4260 roei
755 4207 892 4278 μακαρίου
904 4203 1194 4284 ΘεογνώξτουΑλεξαν
1212 4205 1281 4277 ptrue

81 4273 642 4358 tmwfflmfflmmfflffifflffl
694 4271 1280 4341 mffiwwmmwmhmmt

81 4331 159 4406 titpp.
184 4361 213 4393 ον
236 4361 281 4395 και
299 4361 362 4412 περι
379 4347 445 4396 θεον
465 4341 644 4412 δημιουργίας
697 4349 834 4409 lirropuosti
858 4346 1009 4395 Alexandrini
1030 4346 1158 4396 'Orationes
1185 4352 1278 4408 reptem,

81 4399 222 4477 imprimet,
247 4405 438 4477 εὖσεβέσιιρόν
455 4428 513 4466 nuc
535 4410 600 4480 negt
615 4427 644 4462 τε
696 4416 761 4464 cuius
773 4415 853 4477 Operis
871 4415 926 4462 lure
944 4418 977 4461 est
995 4414 1115 4478 inscriptio
1121 4430 1131 4474 ,·
1148 4413 1213 4462 lleots'
1223 4411 1280 4460 ltre-

82 4472 1265 4547 ffifflmwwmmfflmmmmwwwmfflffl

83 4536 770 4618 QQQMWmfflmMmm
1166 4625 1170 4632 .

107 4627 217 4680 tmrrxsn
227 4647 279 4681 ere.
288 4647 359 4682 soen.
372 4648 421 4682 sxa.
1059 4633 1075 4683 5
