3118 5052
521 375 630 420 enarro
645 375 678 420 n.
694 377 811 421 eonrna
825 377 959 425 annuos.
1016 441 1018 452 Ι
1276 366 1339 432 tat

123 533 193 590 statu
214 525 380 607 suspiciunt
401 531 432 588 et
452 525 645 601 admirantur,
666 527 880 609 responderet:
903 529 1051 594 Dmninru
1075 534 1191 596 ereooit
1210 552 1257 595 me
1279 537 1426 602 ini-anau.
1488 503 1492 524 ¹

121 632 190 692 boae
209 634 328 693 mbram
350 645 478 692 auorum
500 633 534 692 ia
556 645 650 712 opero
673 648 745 704 auo,
775 637 805 692 et
827 629 984 694 Fomooit
1004 651 1050 694 ma
1070 643 1107 695 ut
1129 613 1345 715 congregarun-

121 729 221 794 lauat.
264 729 346 794 idem
378 739 477 794 autem
505 729 571 810 ipss
601 747 719 811 guoque
748 729 878 811 Spiritus
906 733 938 796 in
966 731 1093 795 Psalmis
1121 731 1340 815 praenuncians

118 830 221 894 aiebat:
255 833 450 896 tonsurans·
469 849 536 894 eam
555 849 650 913 super
673 850 766 914 opero
787 853 932 896 monuwa
954 845 1095 909 tuuwan,
1124 837 1205 916 quod
1226 845 1256 898 et
1276 837 1340 898 llo·

118 933 209 996 minns
237 933 275 994 da
303 933 404 1014 seipso
431 931 480 995 bis
508 931 663 996 eontlrmat
689 933 806 997 uerbis:
838 933 914 1016 ,Epo
943 947 1043 1000 outone
1067 941 1340 1002 constituturum

119 1053 171 1100 reor
195 1037 231 1100 ab
261 1053 296 1098 oo
324 1053 420 1117 super
441 1033 518 1098 Sion
538 1047 672 1098 mosten
694 1049 833 1100 mactum
854 1043 929 1099 eaba.
972 1035 1069 1098 Porro
1092 1037 1341 1118 quemadmodum

118 1155 178 1200 oum
197 1135 293 1200 monti
314 1137 387 1200 Sion
410 1155 537 1215 corpure
566 1135 677 1210 illuxit,
706 1145 778 1199 tune
806 1155 867 1200 non
889 1138 1022 1219 incoepit
1043 1157 1111 1200 esse
1132 1147 1183 1200 aut
1204 1155 1339 1218 regnare,

118 1239 166 1302 sed
186 1256 253 1304 mm
276 1247 357 1302 esset
379 1238 444 1320 ipse
466 1237 595 1302 Verbum
614 1246 646 1300 et
660 1256 712 1301 rex
727 1239 939 1324 sempiternus,
962 1239 1131 1302 humaniter
1144 1239 1237 1302 voluit
1252 1259 1339 1304 suum

116 1355 228 1419 regnum
250 1339 373 1404 illucere
393 1357 514 1421 quoque
534 1341 566 1402 in
588 1339 680 1414 Sion,
709 1350 743 1403 ut
764 1341 877 1404 addest
898 1353 929 1404 et
948 1359 1006 1404 nos
1028 1351 1058 1403 et
1078 1341 1145 1404 illua
1168 1359 1185 1404 a
1205 1349 1339 1422 perusto,

117 1441 189 1520 qood
211 1442 240 1504 in
264 1443 308 1503 eis
330 1442 482 1522 regnabat,
504 1440 666 1504 redimeret
680 1451 711 1504 at
725 1439 756 1504 in
770 1452 926 1523 paternum
942 1443 989 1506 sui
1004 1443 1160 1524 imperium
1173 1442 1338 1523 redigerem
1362 1514 1366 1521 ⁸

116 1543 287 1624 manuque
308 1544 476 1607 rationein
499 1562 589 1624 opera
611 1551 660 1606 est
680 1545 872 1622 masalmam,
895 1563 956 1608 non
979 1565 1054 1626 quae
1076 1546 1209 1608 nondum
1224 1551 1338 1620 essent,

113 1645 161 1707 aed
181 1665 258 1726 quse
279 1646 337 1708 iam
359 1646 522 1709 existerent
543 1653 574 1708 et
594 1627 802 1710 emendatione
824 1646 1002 1727 indigerent

189 1851 240 1913 53.
286 1847 379 1928 igitur
406 1848 461 1910 bae
484 1847 630 1911 dictiones
653 1845 781 1920 oreooit',
810 1850 960 1929 sorruuuit
982 1859 1012 1912 et
1033 1853 1192 1915 constituit
1212 1849 1337 1912 eandm
1410 1909 1414 1914 .

108 1947 212 2013 babent
233 1948 498 2028 signitiostlonem,
532 1967 588 2012 neu
618 1949 678 2012 ullo
707 1949 799 2012 modo
827 1949 971 2030 probant,
1004 1951 1052 2014 rel
1079 1969 1146 2014 eum
1169 1949 1337 2032 inmepisse
1397 1997 1406 2012 .

108 2069 187 2127 osso,
208 2051 257 2114 vei
281 2059 408 2114 wtam
430 2050 496 2114 eius
518 2069 588 2114 esse
610 2059 764 2124 naturam,
787 2052 841 2114 sed
863 2053 1071 2133 intelligendae
1093 2061 1165 2116 sunt
1185 2053 1224 2114 da
1242 2047 1335 2115 reno'·

108 2152 236 2228 ratione,
272 2170 329 2232 qua
357 2169 414 2214 nos
447 2152 589 2232 singulari
617 2153 763 2216 benedoio
792 2153 905 2218 reiecit.
947 2155 1050 2236 ltaque
1079 2155 1148 2217 lieet
1176 2155 1250 2217 baeu
1271 2155 1337 2217 eius

106 2254 162 2316 sint
182 2254 287 2328 aerbo,
309 2254 376 2334 ipae
396 2253 590 2318 nibilominus
610 2273 646 2318 se
666 2265 735 2318 ante
758 2275 808 2318 res
831 2256 895 2318 illas
918 2256 1019 2320 doouit
1040 2257 1168 2320 existere
1192 2275 1259 2320 oum
1280 2255 1336 2318 ait:

103 2353 271 2440 integrm
298 2355 452 2420 Abrabam
481 2357 587 2437 fieret,
621 2376 674 2439 ego
704 2377 787 2430 sum,
820 2368 863 2420 et:
898 2379 965 2422 eum
993 2358 1092 2423 coelos
1116 2357 1335 2440 prosperabat,

102 2459 224 2522 worn
246 2458 306 2531 illi,
329 2467 359 2520 st
380 2459 462 2538 opud
482 2457 571 2521 illum
592 2477 677 2521 arom
699 2478 749 2522 rer
765 2470 835 2540 opta
851 2479 1040 2540 componens.
1075 2457 1334 2533 Quemadmodum

102 2577 169 2622 raro
189 2560 260 2642 ipse
284 2567 363 2634 erat,
385 2567 542 2640 antequam
564 2559 649 2622 deret
669 2560 833 2634 Abrabam,
861 2560 955 2646 lsrael
977 2570 1075 2624 autem
1096 2569 1167 2640 post
1187 2559 1419 2632 abrahamum

101 2661 190 2724 laetus
213 2669 276 2736 est,
300 2667 471 2742 certumque
494 2671 541 2724 est
562 2661 672 2742 ipsum,
695 2680 761 2724 aum
777 2661 863 2744 prius
879 2662 1033 2735 existeret,
1055 2669 1161 2742 postea
1176 2661 1335 2722 iormatum

99 2781 175 2838 esse,
197 2763 294 2844 idque
316 2782 379 2829 nou
400 2764 465 2828 eius
488 2763 636 2826 existendi
658 2763 848 2844 principium,
861 2747 925 2825 'sed
947 2765 1106 2826 humanam
1129 2761 1165 2824 ab
1188 2779 1223 2823 ao
1245 2770 1334 2824 natu-

99 2883 159 2930 ram
187 2873 360 2928 assumtam
392 2863 578 2945 significare,
611 2864 643 2926 in
673 2883 731 2946 qua
758 2863 897 2928 videlieet
923 2863 1020 2928 tribus
1042 2863 1137 2926 lsrael
1160 2869 1351 2948 semegar„
1446 2865 1452 2875 '

96 2963 135 3028 ito
155 2983 224 3029 utrm
248 2967 320 3047 ipse
341 2985 462 3048 semper
475 2967 517 3030 sit
529 2985 597 3030 uum
608 2965 709 3041 Patre,
730 2976 832 3028 rerum
849 2975 1014 3028 creatarum
1030 2974 1077 3029 est
1091 2983 1209 3047 quoque
1225 2964 1333 3045 opilax,

96 3068 254 3149 palemque
281 3075 330 3128 est
350 3085 440 3148 opera
462 3068 531 3150 ipso
553 3087 622 3132 esse
643 3067 824 3149 posteriora,
848 3073 879 3130 et
899 3087 971 3132 rone
995 3073 1110 3132 creauit
1130 3085 1193 3128 non
1216 3064 1335 3129 ostendi

94 3187 163 3232 eum
192 3187 263 3234 esse
299 3169 454 3250 eoepisae,
486 3169 540 3232 sed
572 3187 698 3250 operum
731 3167 1036 3243 administrationem,
1070 3185 1158 3248 quam
1185 3167 1218 3232 iu
1245 3185 1334 3230 earne

94 3271 201 3349 gessit,
226 3269 412 3350 suscepisse.
457 3269 576 3351 Quippe
596 3271 697 3334 decuit
716 3271 827 3352 ipsum,
850 3270 900 3352 qui
922 3271 998 3333 alias
1013 3271 1049 3333 ab
1065 3270 1219 3351 operibus,
1241 3271 1334 3333 imme

92 3372 142 3450 pri
165 3381 293 3436 ereatur
314 3371 433 3437 illorum
456 3379 530 3448 erat,
553 3391 656 3436 eorum
679 3393 798 3454 quoque
818 3375 851 3437 iu
866 3393 900 3436 sa
923 3377 1077 3454 suscipere
1098 3373 1333 3448 renovationem,

94 3481 124 3536 ut
150 3474 221 3556 ipae
249 3474 353 3538 nostri
382 3491 469 3538 eausa
501 3483 619 3538 oreatus
649 3477 748 3538 omnia
776 3476 807 3539 iu
837 3478 940 3557 seipso
963 3482 1112 3538 recrearet
1132 3494 1167 3537 ae
1186 3475 1333 3537 reticeret.

90 3573 166 3640 ilino
186 3575 244 3640 ubi
269 3575 344 3640 dixit
366 3581 492 3648 ermon,
514 3577 615 3640 statim
637 3597 756 3642 oausam
778 3595 888 3660 nempe
909 3597 1002 3659 opero
1023 3577 1146 3650 addidit,
1167 3583 1201 3638 ut
1223 3577 1335 3639 seilicet

91 3674 137 3738 bis
158 3677 268 3742 verbis
293 3681 328 3742 in
349 3695 445 3759 opero
468 3683 570 3742 oreore·
589 3679 823 3760 significaretur,
845 3681 928 3746 illum
949 3679 1101 3742 bominem
1124 3677 1188 3740 lien'
1210 3678 1246 3740 ad
1268 3677 1334 3758 ipsa

90 3795 182 3860 opera
216 3781 428 3844 instauranda
478 3779 613 3862 Namque
645 3801 681 3846 eo
708 3793 755 3845 est
788 3781 972 3846 consuetudo
1002 3781 1174 3862 Scripturas
1206 3777 1333 3852 diriore,

85 3995 135 4080 γῆν
153 3993 250 4082 gedtipr
269 3991 343 4068 ἔχον.
380 3999 459 4052 Ceteri
477 4007 502 4052 et
514 4002 572 4053 editi
582 3993 635 4063 adu
645 3994 692 4052 ad·
743 4004 841 4057 Gobler.
850 4001 1054 4074 Fatalemlett.
1064 3993 1134 4069 μετὰ
1144 3991 1332 4066 τὸνἎρραᾶμ.

83 4083 134 4129 την
150 4081 273 4138 exostra.
741 4073 786 4122 atii
802 4080 825 4123 et
842 4071 899 4121 editi
917 4065 968 4119 τόν
985 4073 1105 4122 omittunt.

114 4141 132 4190 l.
159 4141 273 4203 segnem
299 4145 323 4186 et
340 4137 397 4202 bug.
415 4131 560 4188 δείκνυσιν.
597 4139 643 4190 atii
668 4148 692 4191 et
776 4142 792 4190 i.
825 4140 898 4189 basil.
921 4132 977 4204 ἄρα
999 4131 1050 4188 σὺν
1071 4135 1112 4215 τῇ
1128 4130 1214 4203 nurpl
1230 4129 1331 4192 dordr,

83 4207 140 4260 editi
159 4197 353 4258 dromiouota.
555 4231 561 4242 ·
743 4197 832 4259 stete.
870 4207 958 4269 Regias
981 4197 1036 4270 ἄρα
1058 4196 1101 4256 o'ue
1123 4198 1175 4254 σὺν
1192 4202 1231 4270 τῷ
1248 4198 1333 4270 norpl

115 4290 138 4337 g.
158 4273 316 4326 belesma.
335 4261 416 4327 dnos.
450 4273 512 4326 ibid.
529 4275 622 4338 buglis.
634 4267 690 4341 πρὸ
743 4265 831 4327 odorio.
856 4274 909 4324 ltux
926 4276 999 4337 Saga.
1013 4274 1103 4335 anglio.
1118 4273 1332 4324 Goblsrdelelm.

81 4340 193 4396 radron.
237 4342 361 4406 tdeuqn·
383 4355 437 4394 oum
464 4343 565 4405 Sogoer.
590 4343 690 4394 Gobler.
745 4343 767 4393 l.
791 4349 816 4392 st
839 4335 1041 4402 aasumensi
1063 4333 1147 4402 δῆλόν
1170 4335 1246 4391 ἐστιν
1269 4357 1332 4408 qnae

82 4419 106 4460 et
121 4411 299 4465 Felelrmanui
310 4409 332 4460 l.
350 4411 416 4461 etl.
434 4402 568 4478 ὑπάρχειν
583 4403 690 4462 tante.
745 4411 833 4464 absunt
850 4411 880 4460 ab
898 4410 952 4460 aliis
971 4419 994 4460 at
1012 4411 1117 4462 editiora
1134 4411 1253 4462 Commsl.

79 4473 142 4532 nuru
161 4491 188 4532 et
208 4479 258 4532 alii
279 4467 412 4545 ὑπάρχειν
429 4469 522 4531 αότόν.
775 4479 799 4530 b.
818 4479 917 4542 Seguer.
935 4469 974 4531 tlt
991 4470 1082 4528 udto'v.
1117 4480 1208 4532 ibidem
1233 4478 1347 4535 nobiae„
1435 4511 1441 4518 -

113 4551 138 4600 b.
158 4551 205 4601 Sic
225 4547 336 4624 Segnar.
354 4548 495 4600 intrim-l.
515 4556 539 4598 et
555 4547 691 4613 Scriptura.
743 4555 766 4600 et
783 4547 889 4600 Felsina.
909 4545 931 4596 l.
949 4537 1135 4607 ἂνωπήσηται
1150 4542 1197 4614 aeui
1233 4541 1251 4596 ἁ
1285 4537 1326 4594 ur*

76 4615 122 4669 atii
134 4616 237 4670 etediti
251 4625 310 4666 m
326 4603 407 4683 surg.
427 4613 510 4668 isola
521 4624 579 4682 post
589 4617 689 4680 Segosa.
741 4611 835 4683 urar.
871 4615 924 4668 lior
941 4616 1032 4682 tuglie.
1042 4611 1130 4691 λέγων
1147 4610 1181 4666 τὸ
1199 4561 1295 4682 umet
