3022 5056
468 359 576 405 aalma
592 360 613 404 ι.
630 359 745 404 ceurae
759 359 895 404 mauce.
1223 345 1282 408 bct

93 515 147 594 ipso
165 515 231 576 iacta
250 513 334 576 luerit
345 512 467 586 'unetiu
489 519 519 574 et
539 530 593 574 cur
607 529 725 574 earnem
740 509 869 572 Verbum
884 511 1078 598 essrrmserit3
1100 511 1181 592 quod
1195 529 1284 590 pree·
1295 528 1371 572 nuc

91 631 196 678 naeuus
214 615 364 678 Psalmiata
386 614 451 676 eius
473 611 655 674 divinitatem
677 619 892 692 paternumque
913 627 1037 690 regnum
1053 610 1136 675 bisce
1157 611 1286 674 celebrat

91 715 183 779 verbis:
215 715 346 780 Tirouus
369 728 458 788 tuus,
487 714 587 788 Deua,
617 719 650 778 iu
670 713 825 778 saeculum
847 702 976 787 soeculi,
1009 717 1098 794 oirpa
1124 718 1286 795 aequitatis

91 821 160 896 rirpa
184 822 265 897 repui
288 823 341 882 tui.
385 817 459 880 Cum
486 825 584 878 autem
612 815 677 878 eius
699 815 815 898 adnnos
838 813 994 876 adrentum
1016 813 1185 891 denuntiet,
1214 818 1287 880 baec

90 917 133 978 ait:
157 919 264 982 ideireo
284 923 374 982 uum't
396 929 439 989 te,
467 917 566 992 Deus,
588 916 670 980 Deus
694 929 765 981 tuus
794 916 858 978 oleo
881 915 1013 978 laetitiae
1032 935 1110 998 prce
1132 923 1287 983 camorti-

90 1019 132 1080 dua
151 1024 214 1082 tait.

155 1325 197 1385 bu.
239 1321 315 1396 ortu
337 1340 428 1402 porro
450 1321 559 1384 mirum
581 1320 626 1382 vel
648 1319 829 1394 incredibile,
853 1318 878 1380 si
902 1317 1054 1394 Dominus,
1077 1321 1128 1400 qui
1149 1319 1199 1384 dat
1214 1322 1284 1403 Spi·
1335 1333 1343 1360 ⁸

90 1419 173 1492 ritum,
195 1441 270 1512 nuuc
290 1423 359 1504 ipse
381 1423 494 1504 Spiritu
517 1423 586 1502 uugi
609 1422 733 1494 dicitur,
759 1422 811 1501 qui
841 1420 891 1482 ubi
920 1421 1082 1502 postularit
1109 1424 1285 1498 necessitas,

90 1521 192 1602 seipsum
212 1525 322 1606 Spiritu
346 1525 516 1588 inferiorem
539 1533 663 1606 propter
683 1525 842 1586 bumanam
858 1541 942 1586 suam
960 1531 1093 1586 naturam
1109 1523 1208 1588 dicere
1223 1545 1285 1588 nou

87 1623 198 1706 renuiti·
224 1625 296 1690 Nam
325 1627 444 1690 ludaeis
473 1625 700 1700 obiicientibus,
734 1624 888 1687 Beelzebul
916 1623 1038 1688 nomine
1065 1625 1147 1688 iilum
1177 1626 1285 1689 eiicere

86 1723 226 1800 merconis,
252 1728 318 1809 ipse
346 1738 380 1791 ut
406 1729 525 1790 illorum
554 1727 743 1790 convinceret
763 1728 960 1808 impietatem,
989 1727 1029 1791 ita
1050 1727 1223 1809 respondit:
1249 1727 1289 1791 Si

82 1843 161 1903 porro
180 1847 228 1908 epo
248 1833 280 1892 iu
301 1829 425 1912 Spiritu
447 1830 506 1893 Dei
525 1833 610 1892 ericio
634 1832 800 1893 doeotouiu.
844 1827 920 1892 Dcc'e
943 1827 1107 1902 omnibu,
1141 1829 1192 1908 qui
1214 1829 1285 1910 Spi-

83 1925 154 1990 ritum
173 1929 270 2006 donat,
304 1951 341 1995 se
369 1949 449 1994 nunc
469 1931 582 2012 Spiritu
611 1931 766 1994 daemonia
788 1930 896 1993 eiicere
916 1931 1086 2010 profitetur,
1112 1931 1196 2012 quod
1223 1951 1285 1994 non

83 2037 145 2090 certe
164 2032 241 2096 aliter
261 2051 351 2113 quem
372 2041 495 2116 propter
515 2051 633 2096 carnem
657 2041 705 2094 est
719 2033 840 2095 dictum.
875 2033 998 2096 Nem-ut
1011 2031 1165 2115 bominum
1180 2041 1285 2096 natura

83 2146 109 2189 ex
128 2132 214 2212 seipsa
233 2153 294 2196 non
317 2143 418 2218 potest
439 2135 601 2198 daemones
623 2135 750 2210 eiicere,
773 2136 828 2198 sed
850 2133 914 2198 s‘ola
937 2119 1067 2216 Spiritus
1091 2134 1212 2207 virtute,
1235 2134 1284 2196 id-

82 2231 144 2294 cimo
162 2243 191 2296 ut
210 2236 298 2298 bomo
321 2235 451 2298 dicebat:
479 2235 516 2297 Si
533 2255 632 2317 porro
655 2255 709 2318 epo
732 2242 765 2300 iu
786 2237 908 2318 Spiritu
930 2237 989 2300 Dei
1008 2238 1093 2300 eiieio
1116 2237 1284 2298 daemonio.

82 2331 143 2403 Duin
168 2337 249 2400 etiam
271 2336 486 2418 blasphemium
509 2337 539 2398 in
561 2338 705 2417 Spiritum
728 2347 864 2400 sonuum
884 2337 1029 2400 maiorem
1051 2355 1086 2400 ca
1113 2355 1181 2398 esse
1204 2335 1285 2408 dicit,

80 2451 139 2512 pure
156 2437 183 2498 in
203 2457 234 2501 se
257 2447 290 2501 ut
312 2438 465 2502 bominem
480 2440 641 2519 profertur.
690 2441 877 2522 Quicunque,
899 2438 1003 2520 inquit,
1027 2429 1141 2502 iuuerit
1160 2437 1286 2500 Verbum

80 2539 291 2604 mauritium
318 2542 455 2612 bombis,
479 2545 596 2602 veniam
619 2542 779 2618 obtinebit‚·
800 2539 902 2620 quales
924 2539 965 2602 illi
982 2547 1067 2602 eraut
1086 2539 1136 2618 qui
1152 2538 1285 2601 aiebant:

79 2635 164 2702 Nonne
189 2641 233 2704 lia
261 2655 308 2708 ert
335 2643 424 2723 fubri
447 2639 558 2722 filius?
602 2641 659 2714 Qui
692 2659 764 2720 rerp
793 2641 935 2702 adversus
958 2639 1101 2720 Spiritum
1131 2641 1287 2718 proferunt

76 2735 263 2820 blasphemiam
285 2751 319 2808 et
340 2743 428 2805 Verbi
451 2761 540 2822 opera
556 2742 679 2804 Dieboio
703 2741 884 2814 adscribunt,
906 2741 937 2802 hi
959 2749 1040 2802 certe
1054 2739 1201 2820 supplicio
1217 2739 1284 2800 ine-

76 2839 166 2904 riubili
187 2854 253 2908 sunt
273 2843 429 2925 puniendi.
473 2843 510 2906 Et
537 2844 611 2906 baec
630 2843 751 2924 quidem
774 2841 917 2904 Dominus
939 2841 976 2904 ed
1000 2839 1123 2902 ludaeos
1148 2847 1286 2920 tauquam

76 2939 149 3004 bomo
168 2945 359 3026 loquebatur3
381 2953 411 3008 at
431 2945 586 3024 discipulis
609 2963 694 3008 suam
717 2944 901 3006 divinitatem
918 2942 1160 3022 maiestatemque
1180 2949 1285 3004 osten·

76 3041 150 3117 deus,
175 3065 227 3110 cea
250 3067 284 3112 se
310 3047 422 3127 Spiritu
445 3046 593 3111 minorem
626 3047 679 3108 sed
703 3046 855 3126 aequalem
884 3065 952 3108 esse
979 3043 1167 3123 significans,
1196 3042 1285 3106 debat

74 3139 127 3220 ipse
146 3145 281 3227 Spiritum
306 3168 341 3211 sc
362 3149 491 3210 dicebat:
521 3148 652 3230 Accipite
674 3148 826 3230 Spiritum
847 3161 1000 3218 sonuum,
1033 3153 1077 3208 et:
1107 3145 1169 3226 Dpo
1197 3145 1285 3209 iilum

75 3247 153 3318 netto,
173 3258 214 3312 et:
235 3251 289 3314 iiie
313 3263 358 3312 nte
379 3242 568 3331 ploripicudit¹
584 3262 614 3313 et
636 3267 828 3332 quaecuuque
849 3250 951 3310 audiet
974 3247 1126 3330 loquetur.
1170 3245 1207 3307 Ut
1225 3245 1284 3324 ipi-

75 3349 113 3406 tur
131 3347 173 3412 bie
192 3351 339 3414 Dominus
361 3351 448 3413 dator
469 3351 599 3431 Spiritus
623 3352 710 3414 lateri
737 3369 798 3412 non
821 3349 980 3424 dubitavit,
1010 3367 1044 3412 ae
1072 3355 1105 3412 ut
1132 3347 1285 3410 bominem

102 3497 163 3550 [Sic
179 3503 277 3566 Seguer.
297 3505 354 3566 lice,
374 3503 470 3555 Gcbler.
495 3503 600 3553 Feirlrm.
621 3503 642 3553 l.
695 3504 787 3553 idest:
812 3517 862 3562 unu
882 3505 929 3552 iam
955 3517 979 3551 se
998 3503 1086 3565 Spiritu
1108 3503 1219 3550 minorem
1244 3501 1286 3550 red

75 3573 93 3610 et
113 3567 188 3619 cuens
214 3587 260 3622 ms.
285 3575 311 3622 in
336 3574 432 3624 Lucum.
468 3571 512 3622 ¹tlii
538 3579 561 3622 et
585 3571 643 3622 editi
693 3575 805 3622 maiorem
821 3577 843 3620 et
861 3571 980 3634 aequalem
997 3571 1139 3632 ripsifieanu
1164 3568 1284 3632 liquem

77 3623 216 3702 iuppiter.
254 3642 346 3692 ibidem
370 3634 520 3705 γινομένην
543 3639 642 3689 obusto
695 3639 775 3688 iocum
794 3640 817 3687 in
837 3639 944 3700 margine
963 3635 1285 3686 CodicisDesriiensiebuec

76 3697 190 3772 dehiscet
208 3707 349 3761 Fetclml.
386 3707 411 3756 ln
431 3715 513 3758 catena
532 3707 642 3757 aicium
695 3697 794 3755 notati
812 3695 1003 3772 Aoiunurpp'r:
1030 3693 1082 3769 ὅρα
1100 3699 1158 3756 noir
1186 3693 1200 3748 ὁ
1226 3693 1287 3753 υἱός

74 3767 143 3818 itidem
160 3776 259 3837 tegitur:
277 3772 391 3842 μείζονα
409 3772 457 3834 τῆς
474 3767 512 3827 eis
528 3767 579 3835 τὴν
597 3767 643 3822 ἀν·
695 3762 754 3826 lucr
776 3766 822 3820 atui
844 3768 947 3839 μείζων
965 3769 1013 3819 τοῦ
1031 3763 1213 3835 πνεύματοςν
1227 3756 1286 3846 leof

72 3831 218 3900 θρωπριιιτα
234 3837 341 3897 δεικνὺς
357 3835 455 3908 ἔλεγεν,
476 3832 641 3909 &ibreium
692 3837 745 3909 palu
762 3833 832 3888 κατὰ
850 3835 901 3901 τὴν
918 3833 1052 3899 Dedtptu,
1071 3831 1173 3903 μείζων
1190 3829 1220 3913 dl
1238 3830 1284 3882 dtu

71 3897 153 3965 Sernes.
170 3911 241 3963 behet
259 3915 317 3964 item
335 3903 390 3960 biv.
696 3903 745 3970 riv
762 3900 856 3957 αἰτίαν
873 3900 909 3961 ὥς
927 3901 1031 3962 ἔοικεν,
1049 3897 1085 3959 u‘u
1102 3898 1148 3952 καὶ
1166 3901 1251 3950 αυτοῦ
1268 3893 1283 3950 ὃ

72 3987 116 4044 ³n.
131 3975 224 4038 Sepuer.
250 3981 309 4042 θος.
333 3977 423 4038 lodic.
447 3985 471 4029 et
489 3979 578 4029 Crtenu
598 3991 642 4028 ros.
692 3971 793 4042 πατέρ.
832 3977 857 4026 ld
876 3983 927 4026 est:
949 3977 1003 4026 Vide
1020 3974 1134 4040 quomodo
1152 3969 1227 4020 Filius
1245 3985 1286 4019 ce-

71 4035 151 4110 fbfflt·
187 4045 249 4098 tutu
268 4047 350 4097 etalii
371 4038 504 4103 ἀνέξουσι.
542 4047 641 4108 Sepoer.
694 4047 771 4111 puelia
789 4053 811 4095 et
827 4047 903 4096 maior
918 4046 948 4094 tit
960 4045 1056 4107 Spiritu,
1076 4039 1181 4104 copitalia
1193 4039 1285 4102 quidem

70 4105 115 4156 nit
133 4111 226 4164 delier.
246 4116 385 4166 Felclman.
406 4116 429 4164 l.
448 4097 497 4163 οὖν
521 4117 642 4164 omittunt.
694 4114 820 4164 secandum
844 4113 1001 4170 diuinitatem,
1027 4108 1102 4156 molor
1124 4105 1285 4154 peroratione

70 4169 143 4226 ibidem
166 4181 267 4244 Seguer.
293 4181 352 4236 scir
371 4173 514 4234 laudatore
536 4173 575 4236 cir
596 4171 643 4228 eir·
694 4193 793 4240 ceurae,
818 4187 844 4229 ut
867 4187 888 4229 et
906 4179 973 4228 Peter
994 4179 1040 4249 'ep
1063 4173 1131 4224 Verbo
1150 4179 1184 4222 ert
1201 4174 1285 4223 maiar.

69 4237 191 4312 trunca,
209 4251 336 4302 mendose.
694 4247 786 4297 ibidem
814 4247 874 4294 haee
897 4244 968 4294 rerba
1030 4241 1091 4303 pete
1117 4233 1149 4287 τὸ
1177 4237 1285 4316 πνεῦμα

81 4307 113 4384 b.
130 4310 168 4384 Sic
185 4319 287 4380 Sepuer.
298 4327 321 4370 et
333 4317 422 4378 Calena
442 4333 487 4369 ms.
503 4324 531 4367 ut
544 4316 642 4367 etlinu-
694 4305 776 4380 ἅγιον
793 4307 840 4359 καί
857 4313 945 4362 desunt
962 4311 986 4360 iu
1005 4309 1106 4370 &guen
1125 4307 1180 4370 Dap.
1192 4307 1283 4370 duplic
1348 4317 1351 4324 ’

68 4387 110 4426 Μ
125 4380 186 4443 terit
223 4386 314 4438 Cetera
332 4388 356 4437 io
376 4387 484 4450 margins
503 4385 574 4435 bibet
585 4379 643 4450 psi·
695 4381 794 4434 Gobler.
812 4379 917 4430 Falclrm.
938 4379 961 4427 l.
979 4376 1005 4428 2.
1023 4383 1046 4426 tt
1064 4374 1088 4425 5.

69 4437 180 4497 ituraei
196 4437 270 4501 ἶσον.
307 4455 385 4506 ceteri
405 4469 463 4504 mss.
480 4462 505 4504 et
523 4453 580 4502 editi
600 4443 643 4500 οὔ·
728 4450 743 4499 i.
762 4448 803 4499 Sic
828 4462 888 4498 mss.
915 4452 940 4495 nt
963 4454 987 4496 et
1004 4444 1114 4506 legerunt
1131 4443 1225 4514 interpr

68 4505 112 4586 fft'tt
138 4509 271 4568 ἐλάττονα
294 4514 392 4570 leurdu
415 4520 464 4570 τοῦ
487 4514 644 4585 πνεύματος
693 4518 758 4568 Editi
782 4517 896 4567 omittunt
918 4505 965 4563 καὶ
987 4501 1040 4562 ὅσα
1059 4501 1150 4560 ἀκούει
1166 4505 1201 4558 te

69 4573 122 4630 'ud
136 4579 249 4654 μείζονα
265 4577 387 4660 trisitate
404 4581 473 4640 ὄντα
488 4581 641 4658 repetam,
694 4586 755 4639 ibid.
773 4585 874 4649 signer.
892 4583 990 4636 Gobler.
1008 4587 1032 4634 et
1049 4579 1181 4631 lielelman
