<?xml version="1.0" encoding="UTF-8"?>
<!DOCTYPE html PUBLIC "-//W3C//DTD XHTML 1.0 Transitional//EN"
    "http://www.w3.org/TR/xhtml1/DTD/xhtml1-transitional.dtd">
<html xmlns="http://www.w3.org/1999/xhtml" xml:lang="en" lang="en">
 <head>
  <title>
</title>
<meta http-equiv="Content-Type" content="text/html;charset=utf-8" />
  <meta name='ocr-system' content='tesseract 3.04.00' />
  <meta name='ocr-capabilities' content='ocr_page ocr_carea ocr_par ocr_line ocrx_word'/>
</head>
<body>
  <div class='ocr_page' id='page_1' title='image "./sanctiathanasii01athagoog_0378.png"; bbox 0 0 3118 5052; ppageno 0'>
   <div class='ocr_carea' id='block_1_1' title="bbox 465 327 1289 394">
    <p class='ocr_par' dir='ltr' id='par_1_1' title="bbox 465 327 1289 394">
     <span class='ocr_line' id='line_1_1' title="bbox 465 327 1289 394; baseline 0.005 -8"><span class='ocrx_word' id='word_1_1' title='bbox 465 343 576 388; x_wconf 75' lang='lat' dir='ltr'><strong>enarro</strong></span> <span class='ocrx_word' id='word_1_2' title='bbox 592 342 625 386; x_wconf 87' lang='lat' dir='ltr'><strong>rr.</strong></span> <span class='ocrx_word' id='word_1_3' title='bbox 641 342 906 388; x_wconf 69' lang='lat' dir='ltr'><strong>concurruntur.</strong></span> <span class='ocrx_word' id='word_1_4' title='bbox 1232 327 1289 394; x_wconf 78' lang='grc'><strong>331</strong></span> 
     </span>
    </p>
   </div>
   <div class='ocr_carea' id='block_1_2' title="bbox 34 477 1414 3414">
    <p class='ocr_par' dir='ltr' id='par_1_2' title="bbox 34 477 1414 3008">
     <span class='ocr_line' id='line_1_2' title="bbox 34 477 1379 574; baseline 0.001 -18"><span class='ocrx_word' id='word_1_5' title='bbox 34 477 36 556; x_wconf 74' lang='lat' dir='ltr'><strong>l</strong></span> <span class='ocrx_word' id='word_1_6' title='bbox 107 493 196 558; x_wconf 87' lang='lat' dir='ltr'><strong>lleiudc</strong></span> <span class='ocrx_word' id='word_1_7' title='bbox 214 495 257 574; x_wconf 88' lang='lat' dir='ltr'><strong>qui</strong></span> <span class='ocrx_word' id='word_1_8' title='bbox 277 493 321 566; x_wconf 88' lang='lat' dir='ltr'><strong>lit,</strong></span> <span class='ocrx_word' id='word_1_9' title='bbox 348 501 381 556; x_wconf 90' lang='lat' dir='ltr'><strong>ut</strong></span> <span class='ocrx_word' id='word_1_10' title='bbox 402 513 469 558; x_wconf 87' lang='lat' dir='ltr'><strong>cum</strong></span> <span class='ocrx_word' id='word_1_11' title='bbox 492 493 591 556; x_wconf 83' lang='lat' dir='ltr'><strong>omnia</strong></span> <span class='ocrx_word' id='word_1_12' title='bbox 614 512 650 556; x_wconf 83' lang='lat' dir='ltr'><strong>ox</strong></span> <span class='ocrx_word' id='word_1_13' title='bbox 671 492 764 555; x_wconf 84' lang='lat' dir='ltr'><strong>nihilo</strong></span> <span class='ocrx_word' id='word_1_14' title='bbox 786 493 930 572; x_wconf 86' lang='lat' dir='ltr'><strong>producta</strong></span> <span class='ocrx_word' id='word_1_15' title='bbox 953 491 1013 554; x_wconf 80' lang='lat' dir='ltr'><strong>aiut</strong></span> <span class='ocrx_word' id='word_1_16' title='bbox 1030 501 1064 556; x_wconf 88' lang='lat' dir='ltr'><strong>et</strong></span> <span class='ocrx_word' id='word_1_17' title='bbox 1081 502 1198 566; x_wconf 77' lang='lat' dir='ltr'><strong>create,</strong></span> <span class='ocrx_word' id='word_1_18' title='bbox 1220 495 1379 558; x_wconf 70' lang='lat' dir='ltr'><strong>Fili-moe.</strong></span> 
     </span>
     <span class='ocr_line' id='line_1_3' title="bbox 106 593 1293 678; baseline 0.004 -23"><span class='ocrx_word' id='word_1_19' title='bbox 106 613 190 672; x_wconf 80' lang='lat' dir='ltr'><strong>usque,</strong></span> <span class='ocrx_word' id='word_1_20' title='bbox 209 603 237 656; x_wconf 86' lang='lat' dir='ltr'><strong>ut</strong></span> <span class='ocrx_word' id='word_1_21' title='bbox 257 595 365 668; x_wconf 84' lang='lat' dir='ltr'><strong>volunt,</strong></span> <span class='ocrx_word' id='word_1_22' title='bbox 388 613 447 658; x_wconf 86' lang='lat' dir='ltr'><strong>una</strong></span> <span class='ocrx_word' id='word_1_23' title='bbox 470 596 509 656; x_wconf 90' lang='lat' dir='ltr'><strong>sit</strong></span> <span class='ocrx_word' id='word_1_24' title='bbox 532 593 661 658; x_wconf 86' lang='lat' dir='ltr'><strong>erebus</strong></span> <span class='ocrx_word' id='word_1_25' title='bbox 684 593 789 656; x_wconf 86' lang='lat' dir='ltr'><strong>creatis</strong></span> <span class='ocrx_word' id='word_1_26' title='bbox 812 602 842 656; x_wconf 85' lang='lat' dir='ltr'><strong>et</strong></span> <span class='ocrx_word' id='word_1_27' title='bbox 863 611 938 674; x_wconf 84' lang='lat' dir='ltr'><strong>quac</strong></span> <span class='ocrx_word' id='word_1_28' title='bbox 960 593 1118 674; x_wconf 85' lang='lat' dir='ltr'><strong>aliquando</strong></span> <span class='ocrx_word' id='word_1_29' title='bbox 1139 598 1293 678; x_wconf 18' lang='lat' dir='ltr'><strong>nonuluc-</strong></span> 
     </span>
     <span class='ocr_line' id='line_1_4' title="bbox 105 693 1294 782; baseline 0.007 -28"><span class='ocrx_word' id='word_1_30' title='bbox 105 703 171 768; x_wconf 88' lang='lat' dir='ltr'><strong>runt,</strong></span> <span class='ocrx_word' id='word_1_31' title='bbox 197 695 270 756; x_wconf 82' lang='lat' dir='ltr'><strong>solus</strong></span> <span class='ocrx_word' id='word_1_32' title='bbox 292 703 384 758; x_wconf 71' lang='lat' dir='ltr'><strong>umen</strong></span> <span class='ocrx_word' id='word_1_33' title='bbox 406 695 463 758; x_wconf 87' lang='lat' dir='ltr'><strong>iste</strong></span> <span class='ocrx_word' id='word_1_34' title='bbox 485 696 603 758; x_wconf 85' lang='lat' dir='ltr'><strong>Patrem</strong></span> <span class='ocrx_word' id='word_1_35' title='bbox 627 694 753 782; x_wconf 82' lang='lat' dir='ltr'><strong>revelet,</strong></span> <span class='ocrx_word' id='word_1_36' title='bbox 784 693 942 774; x_wconf 80' lang='lat' dir='ltr'><strong>nullusque</strong></span> <span class='ocrx_word' id='word_1_37' title='bbox 970 695 1045 756; x_wconf 83' lang='lat' dir='ltr'><strong>alius</strong></span> <span class='ocrx_word' id='word_1_38' title='bbox 1065 698 1294 776; x_wconf 78' lang='lat' dir='ltr'><strong>-praeterillum</strong></span> 
     </span>
     <span class='ocr_line' id='line_1_5' title="bbox 102 795 1294 878; baseline 0.008 -23"><span class='ocrx_word' id='word_1_39' title='bbox 102 795 197 858; x_wconf 82' lang='lat' dir='ltr'><strong>Patrem</strong></span> <span class='ocrx_word' id='word_1_40' title='bbox 216 795 389 876; x_wconf 76' lang='lat' dir='ltr'><strong>cognoscat?</strong></span> <span class='ocrx_word' id='word_1_41' title='bbox 432 796 507 858; x_wconf 87' lang='lat' dir='ltr'><strong>Nam</strong></span> <span class='ocrx_word' id='word_1_42' title='bbox 529 798 555 860; x_wconf 86' lang='lat' dir='ltr'><strong>si</strong></span> <span class='ocrx_word' id='word_1_43' title='bbox 577 796 641 858; x_wconf 89' lang='lat' dir='ltr'><strong>lieri</strong></span> <span class='ocrx_word' id='word_1_44' title='bbox 664 803 773 878; x_wconf 78' lang='lat' dir='ltr'><strong>potest,</strong></span> <span class='ocrx_word' id='word_1_45' title='bbox 796 805 830 858; x_wconf 91' lang='lat' dir='ltr'><strong>ut</strong></span> <span class='ocrx_word' id='word_1_46' title='bbox 852 796 909 870; x_wconf 87' lang='lat' dir='ltr'><strong>illc,</strong></span> <span class='ocrx_word' id='word_1_47' title='bbox 932 796 983 876; x_wconf 87' lang='lat' dir='ltr'><strong>qui</strong></span> <span class='ocrx_word' id='word_1_48' title='bbox 1004 815 1081 877; x_wconf 78' lang='lat' dir='ltr'><strong>opus</strong></span> <span class='ocrx_word' id='word_1_49' title='bbox 1097 807 1154 873; x_wconf 82' lang='lat' dir='ltr'><strong>est,</strong></span> <span class='ocrx_word' id='word_1_50' title='bbox 1174 799 1294 864; x_wconf 83' lang='lat' dir='ltr'><strong>Patrem</strong></span> 
     </span>
     <span class='ocr_line' id='line_1_6' title="bbox 104 891 1296 980; baseline 0.008 -24"><span class='ocrx_word' id='word_1_51' title='bbox 104 907 247 973; x_wconf 63' lang='lat' dir='ltr'><strong>cognoscam</strong></span> <span class='ocrx_word' id='word_1_52' title='bbox 267 899 334 978; x_wconf 91' lang='lat' dir='ltr'><strong>quid</strong></span> <span class='ocrx_word' id='word_1_53' title='bbox 354 899 386 960; x_wconf 92' lang='lat' dir='ltr'><strong>ni</strong></span> <span class='ocrx_word' id='word_1_54' title='bbox 408 899 445 960; x_wconf 89' lang='lat' dir='ltr'><strong>ab</strong></span> <span class='ocrx_word' id='word_1_55' title='bbox 468 898 606 960; x_wconf 84' lang='lat' dir='ltr'><strong>omnibus</strong></span> <span class='ocrx_word' id='word_1_56' title='bbox 629 891 747 978; x_wconf 84' lang='lat' dir='ltr'><strong>quoque</strong></span> <span class='ocrx_word' id='word_1_57' title='bbox 768 917 823 978; x_wconf 83' lang='lat' dir='ltr'><strong>pro</strong></span> <span class='ocrx_word' id='word_1_58' title='bbox 846 898 1080 978; x_wconf 82' lang='lat' dir='ltr'><strong>uniuscuiusque</strong></span> <span class='ocrx_word' id='word_1_59' title='bbox 1102 899 1296 980; x_wconf 78' lang='lat' dir='ltr'><strong>dignitatern</strong></span> 
     </span>
     <span class='ocr_line' id='line_1_7' title="bbox 102 997 1294 1081; baseline 0.008 -25"><span class='ocrx_word' id='word_1_60' title='bbox 102 997 211 1060; x_wconf 75' lang='lat' dir='ltr'><strong>tammo</strong></span> <span class='ocrx_word' id='word_1_61' title='bbox 231 997 444 1078; x_wconf 76' lang='lat' dir='ltr'><strong>cognoscatur?</strong></span> <span class='ocrx_word' id='word_1_62' title='bbox 479 999 587 1062; x_wconf 85' lang='lat' dir='ltr'><strong>Omnia</strong></span> <span class='ocrx_word' id='word_1_63' title='bbox 601 999 749 1078; x_wconf 81' lang='lat' dir='ltr'><strong>siquidem</strong></span> <span class='ocrx_word' id='word_1_64' title='bbox 766 1017 856 1080; x_wconf 88' lang='lat' dir='ltr'><strong>opera</strong></span> <span class='ocrx_word' id='word_1_65' title='bbox 879 1007 958 1073; x_wconf 87' lang='lat' dir='ltr'><strong>sunt,</strong></span> <span class='ocrx_word' id='word_1_66' title='bbox 981 999 1022 1061; x_wconf 91' lang='lat' dir='ltr'><strong>uti</strong></span> <span class='ocrx_word' id='word_1_67' title='bbox 1046 1007 1076 1062; x_wconf 90' lang='lat' dir='ltr'><strong>et</strong></span> <span class='ocrx_word' id='word_1_68' title='bbox 1097 1000 1172 1081; x_wconf 77' lang='lat' dir='ltr'><strong>ipsc.</strong></span> <span class='ocrx_word' id='word_1_69' title='bbox 1207 1003 1294 1077; x_wconf 83' lang='lat' dir='ltr'><strong>Quod</strong></span> 
     </span>
     <span class='ocr_line' id='line_1_8' title="bbox 101 1098 1294 1180; baseline 0.009 -23"><span class='ocrx_word' id='word_1_70' title='bbox 101 1098 122 1158; x_wconf 81' lang='lat' dir='ltr'><strong>si</strong></span> <span class='ocrx_word' id='word_1_71' title='bbox 140 1099 192 1160; x_wconf 83' lang='lat' dir='ltr'><strong>lieri</strong></span> <span class='ocrx_word' id='word_1_72' title='bbox 211 1102 318 1179; x_wconf 76' lang='lat' dir='ltr'><strong>uomit,</strong></span> <span class='ocrx_word' id='word_1_73' title='bbox 345 1109 379 1164; x_wconf 86' lang='lat' dir='ltr'><strong>ut</strong></span> <span class='ocrx_word' id='word_1_74' title='bbox 399 1119 449 1163; x_wconf 84' lang='lat' dir='ltr'><strong>res</strong></span> <span class='ocrx_word' id='word_1_75' title='bbox 474 1101 568 1163; x_wconf 84' lang='lat' dir='ltr'><strong>laetae</strong></span> <span class='ocrx_word' id='word_1_76' title='bbox 590 1101 708 1164; x_wconf 85' lang='lat' dir='ltr'><strong>Patrem</strong></span> <span class='ocrx_word' id='word_1_77' title='bbox 737 1101 783 1162; x_wconf 83' lang='lat' dir='ltr'><strong>vel</strong></span> <span class='ocrx_word' id='word_1_78' title='bbox 805 1101 923 1162; x_wconf 81' lang='lat' dir='ltr'><strong>videant</strong></span> <span class='ocrx_word' id='word_1_79' title='bbox 943 1101 991 1164; x_wconf 79' lang='lat' dir='ltr'><strong>vel</strong></span> <span class='ocrx_word' id='word_1_80' title='bbox 1013 1112 1210 1180; x_wconf 77' lang='lat' dir='ltr'>cognoscant,</span> <span class='ocrx_word' id='word_1_81' title='bbox 1240 1105 1294 1168; x_wconf 84' lang='lat' dir='ltr'><strong>scd</strong></span> 
     </span>
     <span class='ocr_line' id='line_1_9' title="bbox 101 1198 1294 1283; baseline 0.009 -26"><span class='ocrx_word' id='word_1_82' title='bbox 101 1198 152 1259; x_wconf 83' lang='lat' dir='ltr'><strong>eius</strong></span> <span class='ocrx_word' id='word_1_83' title='bbox 169 1200 233 1262; x_wconf 79' lang='lat' dir='ltr'><strong>visio</strong></span> <span class='ocrx_word' id='word_1_84' title='bbox 254 1211 282 1263; x_wconf 86' lang='lat' dir='ltr'><strong>et</strong></span> <span class='ocrx_word' id='word_1_85' title='bbox 308 1201 439 1281; x_wconf 77' lang='lat' dir='ltr'><strong>cognitio</strong></span> <span class='ocrx_word' id='word_1_86' title='bbox 462 1221 567 1264; x_wconf 82' lang='lat' dir='ltr'><strong>omnes</strong></span> <span class='ocrx_word' id='word_1_87' title='bbox 591 1211 728 1282; x_wconf 67' lang='lat' dir='ltr'><strong>superet,</strong></span> <span class='ocrx_word' id='word_1_88' title='bbox 756 1221 883 1282; x_wconf 87' lang='lat' dir='ltr'><strong>namquo</strong></span> <span class='ocrx_word' id='word_1_89' title='bbox 915 1202 980 1283; x_wconf 87' lang='lat' dir='ltr'><strong>ipse</strong></span> <span class='ocrx_word' id='word_1_90' title='bbox 1006 1203 1087 1264; x_wconf 84' lang='lat' dir='ltr'><strong>Deus</strong></span> <span class='ocrx_word' id='word_1_91' title='bbox 1115 1203 1172 1266; x_wconf 82' lang='lat' dir='ltr'><strong>ait:</strong></span> <span class='ocrx_word' id='word_1_92' title='bbox 1201 1205 1294 1268; x_wconf 77' lang='lat' dir='ltr'><strong>Nemo</strong></span> 
     </span>
     <span class='ocr_line' id='line_1_10' title="bbox 101 1301 1308 1382; baseline 0.007 -22"><span class='ocrx_word' id='word_1_93' title='bbox 101 1301 187 1362; x_wconf 77' lang='lat' dir='ltr'><strong>uidebit</strong></span> <span class='ocrx_word' id='word_1_94' title='bbox 205 1304 304 1380; x_wconf 66' lang='lat' dir='ltr'><strong>[ocrim</strong></span> <span class='ocrx_word' id='word_1_95' title='bbox 324 1322 421 1366; x_wconf 74' lang='lat' dir='ltr'><strong>mom</strong></span> <span class='ocrx_word' id='word_1_96' title='bbox 443 1313 471 1366; x_wconf 86' lang='lat' dir='ltr'><strong>et</strong></span> <span class='ocrx_word' id='word_1_97' title='bbox 494 1309 590 1376; x_wconf 82' lang='lat' dir='ltr'><strong>vivet,</strong></span> <span class='ocrx_word' id='word_1_98' title='bbox 614 1313 644 1365; x_wconf 85' lang='lat' dir='ltr'><strong>et</strong></span> <span class='ocrx_word' id='word_1_99' title='bbox 663 1303 774 1366; x_wconf 85' lang='lat' dir='ltr'><strong>Filius:</strong></span> <span class='ocrx_word' id='word_1_100' title='bbox 798 1303 906 1376; x_wconf 84' lang='lat' dir='ltr'><strong>Nemo,</strong></span> <span class='ocrx_word' id='word_1_101' title='bbox 931 1303 1042 1382; x_wconf 87' lang='lat' dir='ltr'><strong>inquit,</strong></span> <span class='ocrx_word' id='word_1_102' title='bbox 1065 1309 1152 1368; x_wconf 83' lang='lat' dir='ltr'><strong>novit</strong></span> <span class='ocrx_word' id='word_1_103' title='bbox 1174 1305 1308 1368; x_wconf 82' lang='lat' dir='ltr'><strong>Putrem-</strong></span> 
     </span>
     <span class='ocr_line' id='line_1_11' title="bbox 99 1401 1294 1482; baseline 0.008 -23"><span class='ocrx_word' id='word_1_104' title='bbox 99 1401 262 1479; x_wconf 64' lang='lat' dir='ltr'><strong>distillatum</strong></span> <span class='ocrx_word' id='word_1_105' title='bbox 283 1405 433 1468; x_wconf 87' lang='lat' dir='ltr'><strong>latendum</strong></span> <span class='ocrx_word' id='word_1_106' title='bbox 455 1423 527 1468; x_wconf 79' lang='lat' dir='ltr'><strong>sane</strong></span> <span class='ocrx_word' id='word_1_107' title='bbox 550 1413 605 1479; x_wconf 87' lang='lat' dir='ltr'><strong>est,</strong></span> <span class='ocrx_word' id='word_1_108' title='bbox 632 1405 762 1467; x_wconf 84' lang='lat' dir='ltr'>Verbum</span> <span class='ocrx_word' id='word_1_109' title='bbox 783 1405 861 1468; x_wconf 89' lang='lat' dir='ltr'><strong>aliud</strong></span> <span class='ocrx_word' id='word_1_110' title='bbox 884 1424 953 1468; x_wconf 79' lang='lat' dir='ltr'><strong>esse</strong></span> <span class='ocrx_word' id='word_1_111' title='bbox 974 1423 992 1468; x_wconf 88' lang='lat' dir='ltr'><strong>a</strong></span> <span class='ocrx_word' id='word_1_112' title='bbox 1012 1405 1103 1468; x_wconf 90' lang='lat' dir='ltr'><strong>rebus</strong></span> <span class='ocrx_word' id='word_1_113' title='bbox 1126 1407 1221 1482; x_wconf 85' lang='lat' dir='ltr'><strong>lactis,</strong></span> <span class='ocrx_word' id='word_1_114' title='bbox 1245 1415 1294 1470; x_wconf 89' lang='lat' dir='ltr'><strong>ut-</strong></span> 
     </span>
     <span class='ocr_line' id='line_1_12' title="bbox 97 1506 1297 1586; baseline 0.011 -27"><span class='ocrx_word' id='word_1_115' title='bbox 97 1509 156 1578; x_wconf 88' lang='lat' dir='ltr'><strong>pote</strong></span> <span class='ocrx_word' id='word_1_116' title='bbox 173 1521 186 1564; x_wconf 85' lang='lat' dir='ltr'><strong>a</strong></span> <span class='ocrx_word' id='word_1_117' title='bbox 203 1523 255 1584; x_wconf 84' lang='lat' dir='ltr'><strong>quo</strong></span> <span class='ocrx_word' id='word_1_118' title='bbox 281 1507 347 1568; x_wconf 87' lang='lat' dir='ltr'><strong>solo</strong></span> <span class='ocrx_word' id='word_1_119' title='bbox 370 1506 458 1569; x_wconf 88' lang='lat' dir='ltr'><strong>Pater</strong></span> <span class='ocrx_word' id='word_1_120' title='bbox 485 1506 619 1570; x_wconf 85' lang='lat' dir='ltr'><strong>videatur</strong></span> <span class='ocrx_word' id='word_1_121' title='bbox 647 1514 677 1568; x_wconf 88' lang='lat' dir='ltr'><strong>et</strong></span> <span class='ocrx_word' id='word_1_122' title='bbox 706 1515 919 1586; x_wconf 73' lang='lat' dir='ltr'><strong>cognoscatur,</strong></span> <span class='ocrx_word' id='word_1_123' title='bbox 951 1515 984 1568; x_wconf 86' lang='lat' dir='ltr'><strong>ut</strong></span> <span class='ocrx_word' id='word_1_124' title='bbox 1010 1507 1083 1570; x_wconf 87' lang='lat' dir='ltr'><strong>baec</strong></span> <span class='ocrx_word' id='word_1_125' title='bbox 1111 1508 1177 1574; x_wconf 81' lang='lat' dir='ltr'><strong>eius</strong></span> <span class='ocrx_word' id='word_1_126' title='bbox 1205 1509 1297 1572; x_wconf 86' lang='lat' dir='ltr'><strong>verba</strong></span> 
     </span>
     <span class='ocr_line' id='line_1_13' title="bbox 97 1604 1294 1695; baseline 0.012 -35"><span class='ocrx_word' id='word_1_127' title='bbox 97 1604 242 1666; x_wconf 85' lang='lat' dir='ltr'><strong>ostendunt:</strong></span> <span class='ocrx_word' id='word_1_128' title='bbox 262 1607 331 1670; x_wconf 87' lang='grc' dir='ltr'><strong>Νσα</strong></span> <span class='ocrx_word' id='word_1_129' title='bbox 354 1610 433 1690; x_wconf 81' lang='lat' dir='ltr'><strong>qood</strong></span> <span class='ocrx_word' id='word_1_130' title='bbox 454 1609 576 1671; x_wconf 82' lang='lat' dir='ltr'><strong>Patrem</strong></span> <span class='ocrx_word' id='word_1_131' title='bbox 599 1614 666 1690; x_wconf 80' lang='lat' dir='ltr'><strong>quis</strong></span> <span class='ocrx_word' id='word_1_132' title='bbox 690 1611 773 1680; x_wconf 83' lang='lat' dir='ltr'><strong>uidit,</strong></span> <span class='ocrx_word' id='word_1_133' title='bbox 796 1613 859 1670; x_wconf 81' lang='lat' dir='ltr'><strong>nr&#39;si</strong></span> <span class='ocrx_word' id='word_1_134' title='bbox 878 1612 904 1670; x_wconf 79' lang='lat' dir='ltr'><strong>ir</strong></span> <span class='ocrx_word' id='word_1_135' title='bbox 926 1613 979 1691; x_wconf 79' lang='grc' dir='ltr'><strong><em>σαι·</em></strong></span> <span class='ocrx_word' id='word_1_136' title='bbox 998 1611 1080 1695; x_wconf 80' lang='lat' dir='ltr'><strong>opud</strong></span> <span class='ocrx_word' id='word_1_137' title='bbox 1095 1609 1219 1676; x_wconf 79' lang='lat' dir='ltr'><strong>Putrem</strong></span> <span class='ocrx_word' id='word_1_138' title='bbox 1239 1613 1294 1686; x_wconf 78' lang='lat' dir='ltr'><strong>cri,</strong></span> 
     </span>
     <span class='ocr_line' id='line_1_14' title="bbox 96 1708 1294 1790; baseline 0.013 -29"><span class='ocrx_word' id='word_1_139' title='bbox 96 1719 211 1786; x_wconf 78' lang='lat' dir='ltr'><strong>nemoque</strong></span> <span class='ocrx_word' id='word_1_140' title='bbox 231 1708 351 1774; x_wconf 78' lang='lat' dir='ltr'><strong>Putrem</strong></span> <span class='ocrx_word' id='word_1_141' title='bbox 375 1713 525 1790; x_wconf 70' lang='lat' dir='ltr'><strong>coonoacit</strong></span> <span class='ocrx_word' id='word_1_142' title='bbox 546 1715 609 1772; x_wconf 79' lang='lat' dir='ltr'><strong>m&#39;oi</strong></span> <span class='ocrx_word' id='word_1_143' title='bbox 630 1709 735 1782; x_wconf 77' lang='lat' dir='ltr'><strong>Filius,</strong></span> <span class='ocrx_word' id='word_1_144' title='bbox 759 1709 898 1790; x_wconf 89' lang='lat' dir='ltr'><strong>quicquid</strong></span> <span class='ocrx_word' id='word_1_145' title='bbox 920 1720 1065 1790; x_wconf 79' lang='lat' dir='ltr'><strong>repugnet</strong></span> <span class='ocrx_word' id='word_1_146' title='bbox 1078 1711 1177 1775; x_wconf 79' lang='lat' dir='ltr'><strong>Arius.</strong></span> <span class='ocrx_word' id='word_1_147' title='bbox 1208 1713 1294 1787; x_wconf 83' lang='lat' dir='ltr'><strong>Quo·</strong></span> 
     </span>
     <span class='ocr_line' id='line_1_15' title="bbox 94 1805 1295 1892; baseline 0.014 -31"><span class='ocrx_word' id='word_1_148' title='bbox 94 1805 165 1864; x_wconf 91' lang='lat' dir='ltr'><strong>modo</strong></span> <span class='ocrx_word' id='word_1_149' title='bbox 185 1826 249 1887; x_wconf 82' lang='lat' dir='ltr'><strong>ergo</strong></span> <span class='ocrx_word' id='word_1_150' title='bbox 270 1810 356 1874; x_wconf 83' lang='lat' dir='ltr'><strong>solus</strong></span> <span class='ocrx_word' id='word_1_151' title='bbox 379 1819 587 1892; x_wconf 77' lang='lat' dir='ltr'><strong>cognosceret,</strong></span> <span class='ocrx_word' id='word_1_152' title='bbox 615 1811 674 1874; x_wconf 82' lang='lat' dir='ltr'><strong>nisi</strong></span> <span class='ocrx_word' id='word_1_153' title='bbox 701 1812 784 1874; x_wconf 81' lang='lat' dir='ltr'><strong>solua</strong></span> <span class='ocrx_word' id='word_1_154' title='bbox 806 1809 948 1891; x_wconf 75' lang='lat' dir='ltr'><strong>proprius</strong></span> <span class='ocrx_word' id='word_1_155' title='bbox 970 1812 1036 1875; x_wconf 81' lang='lat' dir='ltr'><strong>cius</strong></span> <span class='ocrx_word' id='word_1_156' title='bbox 1058 1812 1163 1877; x_wconf 76' lang='lat' dir='ltr'><strong>esset?</strong></span> <span class='ocrx_word' id='word_1_157' title='bbox 1202 1815 1295 1890; x_wconf 84' lang='lat' dir='ltr'><strong>,Quo-</strong></span> 
     </span>
     <span class='ocr_line' id='line_1_16' title="bbox 93 1905 1295 1993; baseline 0.015 -30"><span class='ocrx_word' id='word_1_158' title='bbox 93 1905 164 1966; x_wconf 85' lang='lat' dir='ltr'><strong>modo</strong></span> <span class='ocrx_word' id='word_1_159' title='bbox 183 1927 247 1970; x_wconf 78' lang='lat' dir='ltr'><strong>rero</strong></span> <span class='ocrx_word' id='word_1_160' title='bbox 267 1913 410 1993; x_wconf 86' lang='lat' dir='ltr'><strong>proprius</strong></span> <span class='ocrx_word' id='word_1_161' title='bbox 434 1913 498 1974; x_wconf 87' lang='lat' dir='ltr'><strong>eius</strong></span> <span class='ocrx_word' id='word_1_162' title='bbox 521 1919 612 1988; x_wconf 85' lang='lat' dir='ltr'><strong>esset,</strong></span> <span class='ocrx_word' id='word_1_163' title='bbox 635 1915 661 1976; x_wconf 83' lang='lat' dir='ltr'><strong>si</strong></span> <span class='ocrx_word' id='word_1_164' title='bbox 684 1921 766 1975; x_wconf 75' lang='lat' dir='ltr'><strong>esset</strong></span> <span class='ocrx_word' id='word_1_165' title='bbox 787 1922 921 1988; x_wconf 84' lang='lat' dir='ltr'><strong>creatus,</strong></span> <span class='ocrx_word' id='word_1_166' title='bbox 945 1931 1005 1975; x_wconf 90' lang='lat' dir='ltr'><strong>non</strong></span> <span class='ocrx_word' id='word_1_167' title='bbox 1028 1926 1126 1978; x_wconf 89' lang='lat' dir='ltr'><strong>autem</strong></span> <span class='ocrx_word' id='word_1_168' title='bbox 1148 1935 1236 1980; x_wconf 82' lang='lat' dir='ltr'><strong>verus</strong></span> <span class='ocrx_word' id='word_1_169' title='bbox 1259 1935 1295 1980; x_wconf 84' lang='lat' dir='ltr'><strong>ex</strong></span> 
     </span>
     <span class='ocr_line' id='line_1_17' title="bbox 92 2005 1295 2100; baseline 0.015 -37"><span class='ocrx_word' id='word_1_170' title='bbox 92 2005 143 2083; x_wconf 83' lang='lat' dir='ltr'><strong>ipso</strong></span> <span class='ocrx_word' id='word_1_171' title='bbox 162 2009 269 2074; x_wconf 84' lang='lat' dir='ltr'><strong>Filius?</strong></span> <span class='ocrx_word' id='word_1_172' title='bbox 311 2014 375 2078; x_wconf 89' lang='lat' dir='ltr'><strong>Nec</strong></span> <span class='ocrx_word' id='word_1_173' title='bbox 398 2015 477 2076; x_wconf 91' lang='lat' dir='ltr'><strong>enim</strong></span> <span class='ocrx_word' id='word_1_174' title='bbox 499 2032 587 2094; x_wconf 79' lang='lat' dir='ltr'><strong>gram</strong></span> <span class='ocrx_word' id='word_1_175' title='bbox 602 2015 690 2078; x_wconf 86' lang='lat' dir='ltr'><strong>debet</strong></span> <span class='ocrx_word' id='word_1_176' title='bbox 705 2034 774 2077; x_wconf 82' lang='lat' dir='ltr'><strong>esse</strong></span> <span class='ocrx_word' id='word_1_177' title='bbox 797 2015 901 2077; x_wconf 86' lang='lat' dir='ltr'><strong>eadem</strong></span> <span class='ocrx_word' id='word_1_178' title='bbox 923 2015 1042 2096; x_wconf 84' lang='lat' dir='ltr'><strong>saepius</strong></span> <span class='ocrx_word' id='word_1_179' title='bbox 1065 2017 1184 2100; x_wconf 85' lang='lat' dir='ltr'><strong>pietatis</strong></span> <span class='ocrx_word' id='word_1_180' title='bbox 1206 2035 1295 2082; x_wconf 81' lang='lat' dir='ltr'><strong>cauca</strong></span> 
     </span>
     <span class='ocr_line' id='line_1_18' title="bbox 92 2104 1293 2196; baseline 0.015 -31"><span class='ocrx_word' id='word_1_181' title='bbox 92 2104 179 2171; x_wconf 87' lang='lat' dir='ltr'><strong>dicere.</strong></span> <span class='ocrx_word' id='word_1_182' title='bbox 217 2113 316 2194; x_wconf 87' lang='lat' dir='ltr'><strong>ltaque</strong></span> <span class='ocrx_word' id='word_1_183' title='bbox 338 2117 465 2196; x_wconf 88' lang='lat' dir='ltr'><strong>impium</strong></span> <span class='ocrx_word' id='word_1_184' title='bbox 481 2125 529 2178; x_wconf 78' lang='lat' dir='ltr'><strong>est</strong></span> <span class='ocrx_word' id='word_1_185' title='bbox 543 2116 665 2191; x_wconf 83' lang='lat' dir='ltr'><strong>sentire,</strong></span> <span class='ocrx_word' id='word_1_186' title='bbox 688 2117 795 2179; x_wconf 87' lang='lat' dir='ltr'><strong>Filium</strong></span> <span class='ocrx_word' id='word_1_187' title='bbox 811 2136 903 2180; x_wconf 90' lang='lat' dir='ltr'><strong>unum</strong></span> <span class='ocrx_word' id='word_1_188' title='bbox 919 2137 955 2180; x_wconf 82' lang='lat' dir='ltr'><strong>cx</strong></span> <span class='ocrx_word' id='word_1_189' title='bbox 971 2119 1110 2182; x_wconf 86' lang='lat' dir='ltr'><strong>omuibus</strong></span> <span class='ocrx_word' id='word_1_190' title='bbox 1125 2139 1203 2182; x_wconf 75' lang='lat' dir='ltr'><strong>esse.</strong></span> <span class='ocrx_word' id='word_1_191' title='bbox 1233 2120 1293 2182; x_wconf 86' lang='lat' dir='ltr'><strong>Ne·</strong></span> 
     </span>
     <span class='ocr_line' id='line_1_19' title="bbox 89 2207 1295 2294; baseline 0.016 -28"><span class='ocrx_word' id='word_1_192' title='bbox 89 2207 174 2272; x_wconf 85' lang='lat' dir='ltr'><strong>larium</strong></span> <span class='ocrx_word' id='word_1_193' title='bbox 192 2233 259 2278; x_wconf 79' lang='lat' dir='ltr'><strong>nero</strong></span> <span class='ocrx_word' id='word_1_194' title='bbox 282 2225 312 2280; x_wconf 87' lang='lat' dir='ltr'><strong>et</strong></span> <span class='ocrx_word' id='word_1_195' title='bbox 334 2217 461 2280; x_wconf 88' lang='lat' dir='ltr'><strong>stultum</strong></span> <span class='ocrx_word' id='word_1_196' title='bbox 483 2227 544 2291; x_wconf 89' lang='lat' dir='ltr'><strong>est,</strong></span> <span class='ocrx_word' id='word_1_197' title='bbox 567 2237 634 2280; x_wconf 89' lang='lat' dir='ltr'><strong>eum</strong></span> <span class='ocrx_word' id='word_1_198' title='bbox 658 2222 789 2282; x_wconf 75' lang='lat' dir='ltr'><strong>meatum</strong></span> <span class='ocrx_word' id='word_1_199' title='bbox 813 2219 928 2294; x_wconf 88' lang='lat' dir='ltr'><strong>dicere,</strong></span> <span class='ocrx_word' id='word_1_200' title='bbox 953 2221 1006 2282; x_wconf 82' lang='lat' dir='ltr'><strong>scd</strong></span> <span class='ocrx_word' id='word_1_201' title='bbox 1029 2239 1090 2282; x_wconf 89' lang='lat' dir='ltr'><strong>non</strong></span> <span class='ocrx_word' id='word_1_202' title='bbox 1112 2231 1145 2282; x_wconf 93' lang='lat' dir='ltr'><strong>ut</strong></span> <span class='ocrx_word' id='word_1_203' title='bbox 1166 2241 1255 2284; x_wconf 85' lang='lat' dir='ltr'><strong>unam</strong></span> <span class='ocrx_word' id='word_1_204' title='bbox 1278 2241 1295 2284; x_wconf 86' lang='lat' dir='ltr'><strong>e</strong></span> 
     </span>
     <span class='ocr_line' id='line_1_20' title="bbox 90 2311 1294 2402; baseline 0.013 -33"><span class='ocrx_word' id='word_1_205' title='bbox 90 2311 174 2375; x_wconf 78' lang='lat' dir='ltr'><strong>uentis</strong></span> <span class='ocrx_word' id='word_1_206' title='bbox 194 2315 290 2392; x_wconf 87' lang='lat' dir='ltr'><strong>rebus,</strong></span> <span class='ocrx_word' id='word_1_207' title='bbox 312 2320 442 2393; x_wconf 84' lang='lat' dir='ltr'><strong>lactum,</strong></span> <span class='ocrx_word' id='word_1_208' title='bbox 466 2319 518 2382; x_wconf 87' lang='lat' dir='ltr'><strong>sed</strong></span> <span class='ocrx_word' id='word_1_209' title='bbox 542 2338 602 2382; x_wconf 87' lang='lat' dir='ltr'><strong>noo</strong></span> <span class='ocrx_word' id='word_1_210' title='bbox 625 2328 659 2382; x_wconf 90' lang='lat' dir='ltr'><strong>ut</strong></span> <span class='ocrx_word' id='word_1_211' title='bbox 679 2339 768 2382; x_wconf 86' lang='lat' dir='ltr'><strong>unam</strong></span> <span class='ocrx_word' id='word_1_212' title='bbox 791 2341 808 2382; x_wconf 91' lang='lat' dir='ltr'><strong>e</strong></span> <span class='ocrx_word' id='word_1_213' title='bbox 830 2321 915 2384; x_wconf 81' lang='lat' dir='ltr'><strong>lactis</strong></span> <span class='ocrx_word' id='word_1_214' title='bbox 937 2321 1047 2396; x_wconf 84' lang='lat' dir='ltr'><strong>rebus,</strong></span> <span class='ocrx_word' id='word_1_215' title='bbox 1070 2324 1218 2402; x_wconf 81' lang='lat' dir='ltr'><strong>genitum,</strong></span> <span class='ocrx_word' id='word_1_216' title='bbox 1241 2323 1294 2386; x_wconf 89' lang='lat' dir='ltr'><strong>sed</strong></span> 
     </span>
     <span class='ocr_line' id='line_1_21' title="bbox 88 2403 1414 2502; baseline 0.016 -36"><span class='ocrx_word' id='word_1_217' title='bbox 88 2426 135 2470; x_wconf 85' lang='lat' dir='ltr'><strong>oon</strong></span> <span class='ocrx_word' id='word_1_218' title='bbox 154 2423 182 2475; x_wconf 91' lang='lat' dir='ltr'><strong>ut</strong></span> <span class='ocrx_word' id='word_1_219' title='bbox 202 2436 286 2480; x_wconf 88' lang='lat' dir='ltr'><strong>unam</strong></span> <span class='ocrx_word' id='word_1_220' title='bbox 310 2440 327 2482; x_wconf 85' lang='lat' dir='ltr'><strong>e</strong></span> <span class='ocrx_word' id='word_1_221' title='bbox 350 2419 441 2482; x_wconf 82' lang='lat' dir='ltr'><strong>rebus</strong></span> <span class='ocrx_word' id='word_1_222' title='bbox 464 2421 582 2499; x_wconf 81' lang='lat' dir='ltr'><strong>genitia.</strong></span> <span class='ocrx_word' id='word_1_223' title='bbox 626 2421 699 2482; x_wconf 90' lang='lat' dir='ltr'><strong>Nam</strong></span> <span class='ocrx_word' id='word_1_224' title='bbox 722 2422 772 2501; x_wconf 86' lang='lat' dir='ltr'><strong>qui</strong></span> <span class='ocrx_word' id='word_1_225' title='bbox 794 2421 858 2483; x_wconf 84' lang='lat' dir='ltr'><strong>lieri</strong></span> <span class='ocrx_word' id='word_1_226' title='bbox 880 2431 981 2501; x_wconf 85' lang='lat' dir='ltr'><strong>potest</strong></span> <span class='ocrx_word' id='word_1_227' title='bbox 1007 2431 1042 2484; x_wconf 90' lang='lat' dir='ltr'><strong>ut</strong></span> <span class='ocrx_word' id='word_1_228' title='bbox 1072 2441 1134 2486; x_wconf 89' lang='lat' dir='ltr'><strong>non</strong></span> <span class='ocrx_word' id='word_1_229' title='bbox 1157 2423 1196 2486; x_wconf 88' lang='lat' dir='ltr'><strong>sit</strong></span> <span class='ocrx_word' id='word_1_230' title='bbox 1219 2403 1296 2486; x_wconf 77' lang='lat' dir='ltr'><strong>sicut</strong></span> <span class='ocrx_word' id='word_1_231' title='bbox 1354 2497 1358 2502; x_wconf 20' lang='lat'>⁵</span> <span class='ocrx_word' id='word_1_232' title='bbox 1411 2435 1414 2441; x_wconf 86' lang='grc'><em>“</em></span> 
     </span>
     <span class='ocr_line' id='line_1_22' title="bbox 88 2518 1295 2604; baseline 0.014 -35"><span class='ocrx_word' id='word_1_233' title='bbox 88 2526 132 2572; x_wconf 83' lang='lat' dir='ltr'><strong>ura</strong></span> <span class='ocrx_word' id='word_1_234' title='bbox 151 2533 180 2576; x_wconf 84' lang='lat' dir='ltr'><strong>en</strong></span> <span class='ocrx_word' id='word_1_235' title='bbox 200 2518 288 2582; x_wconf 80' lang='lat' dir='ltr'><strong>hisco</strong></span> <span class='ocrx_word' id='word_1_236' title='bbox 303 2521 418 2596; x_wconf 84' lang='lat' dir='ltr'><strong>rebus,</strong></span> <span class='ocrx_word' id='word_1_237' title='bbox 437 2523 479 2596; x_wconf 87' lang='lat' dir='ltr'><strong>si,</strong></span> <span class='ocrx_word' id='word_1_238' title='bbox 502 2531 535 2584; x_wconf 92' lang='lat' dir='ltr'><strong>ut</strong></span> <span class='ocrx_word' id='word_1_239' title='bbox 555 2521 597 2590; x_wconf 88' lang='lat' dir='ltr'><strong>illi</strong></span> <span class='ocrx_word' id='word_1_240' title='bbox 619 2522 737 2603; x_wconf 87' lang='lat' dir='ltr'><strong>quidem</strong></span> <span class='ocrx_word' id='word_1_241' title='bbox 761 2523 936 2602; x_wconf 84' lang='lat' dir='ltr'><strong>opinantur,</strong></span> <span class='ocrx_word' id='word_1_242' title='bbox 970 2542 1031 2586; x_wconf 90' lang='lat' dir='ltr'><strong>non</strong></span> <span class='ocrx_word' id='word_1_243' title='bbox 1055 2531 1118 2587; x_wconf 84' lang='lat' dir='ltr'><strong>erat</strong></span> <span class='ocrx_word' id='word_1_244' title='bbox 1139 2533 1295 2604; x_wconf 86' lang='lat' dir='ltr'><strong>antequam</strong></span> 
     </span>
     <span class='ocr_line' id='line_1_23' title="bbox 85 2620 1326 2704; baseline 0.018 -36"><span class='ocrx_word' id='word_1_245' title='bbox 85 2623 151 2674; x_wconf 86' lang='lat' dir='ltr'><strong>esset</strong></span> <span class='ocrx_word' id='word_1_246' title='bbox 167 2620 304 2695; x_wconf 79' lang='lat' dir='ltr'><strong>genitus?</strong></span> <span class='ocrx_word' id='word_1_247' title='bbox 349 2623 503 2703; x_wconf 86' lang='lat' dir='ltr'>Siquidem</span> <span class='ocrx_word' id='word_1_248' title='bbox 529 2643 629 2688; x_wconf 85' lang='lat' dir='ltr'><strong>rerum</strong></span> <span class='ocrx_word' id='word_1_249' title='bbox 659 2633 824 2686; x_wconf 87' lang='lat' dir='ltr'><strong>creatarum</strong></span> <span class='ocrx_word' id='word_1_250' title='bbox 846 2635 876 2686; x_wconf 87' lang='lat' dir='ltr'><strong>et</strong></span> <span class='ocrx_word' id='word_1_251' title='bbox 908 2626 1049 2687; x_wconf 84' lang='lat' dir='ltr'><strong>laetarum</strong></span> <span class='ocrx_word' id='word_1_252' title='bbox 1072 2625 1226 2704; x_wconf 81' lang='lat' dir='ltr'><strong>proprium</strong></span> <span class='ocrx_word' id='word_1_253' title='bbox 1248 2635 1296 2688; x_wconf 78' lang='lat' dir='ltr'><strong>est</strong></span> <span class='ocrx_word' id='word_1_254' title='bbox 1323 2684 1326 2690; x_wconf 19' lang='grc' dir='ltr'><strong>Δ</strong></span> 
     </span>
     <span class='ocr_line' id='line_1_24' title="bbox 84 2726 1298 2806; baseline 0.013 -36"><span class='ocrx_word' id='word_1_255' title='bbox 84 2727 132 2772; x_wconf 90' lang='lat' dir='ltr'><strong>non</strong></span> <span class='ocrx_word' id='word_1_256' title='bbox 156 2735 218 2782; x_wconf 79' lang='lat' dir='ltr'><strong>csse</strong></span> <span class='ocrx_word' id='word_1_257' title='bbox 245 2733 406 2805; x_wconf 84' lang='lat' dir='ltr'><strong>antequam</strong></span> <span class='ocrx_word' id='word_1_258' title='bbox 434 2727 506 2787; x_wconf 84' lang='lat' dir='ltr'><strong>liant</strong></span> <span class='ocrx_word' id='word_1_259' title='bbox 533 2735 623 2806; x_wconf 82' lang='lat' dir='ltr'><strong>atquo</strong></span> <span class='ocrx_word' id='word_1_260' title='bbox 651 2745 685 2788; x_wconf 82' lang='lat' dir='ltr'><strong>ex</strong></span> <span class='ocrx_word' id='word_1_261' title='bbox 716 2726 809 2787; x_wconf 88' lang='lat' dir='ltr'><strong>nihilo</strong></span> <span class='ocrx_word' id='word_1_262' title='bbox 832 2727 1000 2805; x_wconf 85' lang='lat' dir='ltr'><strong>procreari,</strong></span> <span class='ocrx_word' id='word_1_263' title='bbox 1033 2727 1102 2788; x_wconf 89' lang='lat' dir='ltr'><strong>licet</strong></span> <span class='ocrx_word' id='word_1_264' title='bbox 1133 2727 1207 2788; x_wconf 87' lang='lat' dir='ltr'><strong>aliae</strong></span> <span class='ocrx_word' id='word_1_265' title='bbox 1229 2727 1298 2788; x_wconf 80' lang='lat' dir='ltr'><strong>alliu</strong></span> 
     </span>
     <span class='ocr_line' id='line_1_25' title="bbox 83 2812 1295 2906; baseline -0.002 -17"><span class='ocrx_word' id='word_1_266' title='bbox 83 2812 158 2888; x_wconf 74' lang='lat' dir='ltr'><strong>cloria</strong></span> <span class='ocrx_word' id='word_1_267' title='bbox 177 2825 366 2899; x_wconf 81' lang='lat' dir='ltr'><strong>praecellant.</strong></span> <span class='ocrx_word' id='word_1_268' title='bbox 412 2825 450 2888; x_wconf 92' lang='lat' dir='ltr'><strong>Ut</strong></span> <span class='ocrx_word' id='word_1_269' title='bbox 477 2825 861 2906; x_wconf 68' lang='lat' dir='ltr'><strong>euim&#39;rcsmepoctablles</strong></span> <span class='ocrx_word' id='word_1_270' title='bbox 889 2827 967 2888; x_wconf 87' lang='lat' dir='ltr'><strong>inter</strong></span> <span class='ocrx_word' id='word_1_271' title='bbox 998 2845 1031 2887; x_wconf 85' lang='lat' dir='ltr'><strong>se</strong></span> <span class='ocrx_word' id='word_1_272' title='bbox 1053 2827 1174 2888; x_wconf 84' lang='lat' dir='ltr'><strong>dillerre</strong></span> <span class='ocrx_word' id='word_1_273' title='bbox 1196 2827 1295 2890; x_wconf 87' lang='lat' dir='ltr'><strong>cerui-</strong></span> 
     </span>
     <span class='ocr_line' id='line_1_26' title="bbox 81 2912 1296 3008; baseline 0.012 -30"><span class='ocrx_word' id='word_1_274' title='bbox 81 2930 143 2992; x_wconf 82' lang='lat' dir='ltr'><strong>mus,</strong></span> <span class='ocrx_word' id='word_1_275' title='bbox 163 2921 204 2984; x_wconf 88' lang='lat' dir='ltr'><strong>sic</strong></span> <span class='ocrx_word' id='word_1_276' title='bbox 224 2925 304 2990; x_wconf 88' lang='lat' dir='ltr'><strong>idem</strong></span> <span class='ocrx_word' id='word_1_277' title='bbox 329 2927 419 2990; x_wconf 83' lang='lat' dir='ltr'><strong>etiam</strong></span> <span class='ocrx_word' id='word_1_278' title='bbox 441 2928 472 2989; x_wconf 91' lang='lat' dir='ltr'><strong>in</strong></span> <span class='ocrx_word' id='word_1_279' title='bbox 495 2929 634 2990; x_wconf 87' lang='lat' dir='ltr'><strong>omnibus</strong></span> <span class='ocrx_word' id='word_1_280' title='bbox 657 2928 723 2990; x_wconf 85' lang='lat' dir='ltr'><strong>aliis</strong></span> <span class='ocrx_word' id='word_1_281' title='bbox 745 2929 835 2990; x_wconf 88' lang='lat' dir='ltr'><strong>rebus</strong></span> <span class='ocrx_word' id='word_1_282' title='bbox 859 2912 1047 2990; x_wconf 80' lang='lat' dir='ltr'><strong>creatislicet</strong></span> <span class='ocrx_word' id='word_1_283' title='bbox 1060 2929 1296 3008; x_wconf 84' lang='lat' dir='ltr'><strong>deprehendere.</strong></span> 
     </span>
    </p>

    <p class='ocr_par' dir='ltr' id='par_1_3' title="bbox 78 3023 1301 3414">
     <span class='ocr_line' id='line_1_27' title="bbox 151 3023 1295 3109; baseline 0.007 -23"><span class='ocrx_word' id='word_1_284' title='bbox 151 3025 198 3088; x_wconf 78' lang='lat' dir='ltr'><strong>ta.</strong></span> <span class='ocrx_word' id='word_1_285' title='bbox 238 3027 328 3109; x_wconf 74' lang='lat' dir='ltr'><strong>Atqui</strong></span> <span class='ocrx_word' id='word_1_286' title='bbox 354 3023 393 3103; x_wconf 81' lang='lat' dir='ltr'><strong>el,</strong></span> <span class='ocrx_word' id='word_1_287' title='bbox 415 3035 450 3090; x_wconf 91' lang='lat' dir='ltr'><strong>ut</strong></span> <span class='ocrx_word' id='word_1_288' title='bbox 469 3038 574 3108; x_wconf 86' lang='lat' dir='ltr'><strong>putant</strong></span> <span class='ocrx_word' id='word_1_289' title='bbox 595 3030 746 3103; x_wconf 87' lang='lat' dir='ltr'><strong>haeretici,</strong></span> <span class='ocrx_word' id='word_1_290' title='bbox 767 3030 860 3092; x_wconf 84' lang='lat' dir='ltr'><strong>Filius</strong></span> <span class='ocrx_word' id='word_1_291' title='bbox 875 3049 925 3092; x_wconf 87' lang='lat' dir='ltr'><strong>res</strong></span> <span class='ocrx_word' id='word_1_292' title='bbox 942 3040 1037 3093; x_wconf 83' lang='lat' dir='ltr'><strong>creata</strong></span> <span class='ocrx_word' id='word_1_293' title='bbox 1054 3039 1136 3093; x_wconf 86' lang='lat' dir='ltr'><strong>esset</strong></span> <span class='ocrx_word' id='word_1_294' title='bbox 1150 3031 1196 3094; x_wconf 89' lang='lat' dir='ltr'><strong>vel</strong></span> <span class='ocrx_word' id='word_1_295' title='bbox 1210 3033 1295 3108; x_wconf 72' lang='lat' dir='ltr'><strong>lama,</strong></span> 
     </span>
     <span class='ocr_line' id='line_1_28' title="bbox 79 3117 1301 3212; baseline 0.011 -32"><span class='ocrx_word' id='word_1_296' title='bbox 79 3117 123 3180; x_wconf 77' lang='lat' dir='ltr'><strong>sed</strong></span> <span class='ocrx_word' id='word_1_297' title='bbox 142 3141 197 3186; x_wconf 89' lang='lat' dir='ltr'><strong>nou</strong></span> <span class='ocrx_word' id='word_1_298' title='bbox 219 3137 250 3190; x_wconf 90' lang='lat' dir='ltr'><strong>ut</strong></span> <span class='ocrx_word' id='word_1_299' title='bbox 274 3149 333 3192; x_wconf 88' lang='lat' dir='ltr'><strong>una</strong></span> <span class='ocrx_word' id='word_1_300' title='bbox 359 3149 394 3192; x_wconf 81' lang='lat' dir='ltr'><strong>ex</strong></span> <span class='ocrx_word' id='word_1_301' title='bbox 417 3130 508 3192; x_wconf 86' lang='lat' dir='ltr'><strong>rebus</strong></span> <span class='ocrx_word' id='word_1_302' title='bbox 531 3131 658 3206; x_wconf 81' lang='lat' dir='ltr'><strong>creatis,</strong></span> <span class='ocrx_word' id='word_1_303' title='bbox 681 3132 748 3211; x_wconf 85' lang='lat' dir='ltr'><strong>quia</strong></span> <span class='ocrx_word' id='word_1_304' title='bbox 771 3131 884 3194; x_wconf 83' lang='lat' dir='ltr'><strong>scilicet</strong></span> <span class='ocrx_word' id='word_1_305' title='bbox 905 3131 999 3212; x_wconf 84' lang='lat' dir='ltr'><strong>glorid</strong></span> <span class='ocrx_word' id='word_1_306' title='bbox 1021 3131 1057 3194; x_wconf 90' lang='lat' dir='ltr'><strong>ab</strong></span> <span class='ocrx_word' id='word_1_307' title='bbox 1080 3131 1138 3194; x_wconf 85' lang='lat' dir='ltr'><strong>illis</strong></span> <span class='ocrx_word' id='word_1_308' title='bbox 1161 3133 1301 3208; x_wconf 54' lang='lat' dir='ltr'><strong>differam</strong></span> 
     </span>
     <span class='ocr_line' id='line_1_29' title="bbox 79 3225 1296 3313; baseline 0.018 -38"><span class='ocrx_word' id='word_1_309' title='bbox 79 3237 140 3283; x_wconf 82' lang='lat' dir='ltr'><strong>sane</strong></span> <span class='ocrx_word' id='word_1_310' title='bbox 158 3225 185 3288; x_wconf 91' lang='lat' dir='ltr'><strong>id</strong></span> <span class='ocrx_word' id='word_1_311' title='bbox 206 3227 366 3294; x_wconf 82' lang='lat' dir='ltr'>debuisset</span> <span class='ocrx_word' id='word_1_312' title='bbox 381 3232 545 3312; x_wconf 82' lang='lat' dir='ltr'><strong>significare</strong></span> <span class='ocrx_word' id='word_1_313' title='bbox 560 3233 722 3313; x_wconf 76' lang='lat' dir='ltr'><strong>Scriptura,</strong></span> <span class='ocrx_word' id='word_1_314' title='bbox 744 3233 902 3312; x_wconf 85' lang='lat' dir='ltr'><strong>ipsumque</strong></span> <span class='ocrx_word' id='word_1_315' title='bbox 922 3251 989 3295; x_wconf 82' lang='lat' dir='ltr'><strong>cunt</strong></span> <span class='ocrx_word' id='word_1_316' title='bbox 1012 3233 1077 3295; x_wconf 83' lang='lat' dir='ltr'><strong>aliis</strong></span> <span class='ocrx_word' id='word_1_317' title='bbox 1101 3233 1189 3296; x_wconf 85' lang='lat' dir='ltr'><strong>rebus</strong></span> <span class='ocrx_word' id='word_1_318' title='bbox 1211 3235 1296 3298; x_wconf 84' lang='lat' dir='ltr'><strong>lactis</strong></span> 
     </span>
     <span class='ocr_line' id='line_1_30' title="bbox 78 3323 1294 3414; baseline 0.015 -33"><span class='ocrx_word' id='word_1_319' title='bbox 78 3323 175 3388; x_wconf 85' lang='lat' dir='ltr'><strong>ratione</strong></span> <span class='ocrx_word' id='word_1_320' title='bbox 196 3333 398 3409; x_wconf 81' lang='lat' dir='ltr'><strong>praestantiae</strong></span> <span class='ocrx_word' id='word_1_321' title='bbox 420 3334 620 3414; x_wconf 88' lang='lat' dir='ltr'><strong>comparando</strong></span> <span class='ocrx_word' id='word_1_322' title='bbox 643 3335 818 3408; x_wconf 82' lang='lat' dir='ltr'><strong>ostendere,</strong></span> <span class='ocrx_word' id='word_1_323' title='bbox 847 3353 974 3414; x_wconf 71' lang='lat' dir='ltr'><strong>quanm</strong></span> <span class='ocrx_word' id='word_1_324' title='bbox 1004 3335 1093 3398; x_wconf 87' lang='lat' dir='ltr'><strong>modo</strong></span> <span class='ocrx_word' id='word_1_325' title='bbox 1122 3337 1216 3398; x_wconf 84' lang='lat' dir='ltr'><strong>maior</strong></span> <span class='ocrx_word' id='word_1_326' title='bbox 1236 3337 1294 3398; x_wconf 79' lang='lat' dir='ltr'><strong>dr-</strong></span> 
     </span>
    </p>
   </div>
   <div class='ocr_carea' id='block_1_3' title="bbox 67 3477 1359 4564">
    <p class='ocr_par' dir='ltr' id='par_1_4' title="bbox 76 3477 1297 3750">
     <span class='ocr_line' id='line_1_31' title="bbox 79 3477 1292 3556; baseline 0.014 -35"><span class='ocrx_word' id='word_1_327' title='bbox 79 3477 157 3527; x_wconf 85' lang='lat' dir='ltr'><strong>omittit.</strong></span> <span class='ocrx_word' id='word_1_328' title='bbox 190 3481 248 3534; x_wconf 85' lang='lat' dir='ltr'><strong>llem</strong></span> <span class='ocrx_word' id='word_1_329' title='bbox 275 3485 369 3538; x_wconf 85' lang='lat' dir='ltr'><strong>ibidem</strong></span> <span class='ocrx_word' id='word_1_330' title='bbox 394 3487 534 3548; x_wconf 78' lang='lat' dir='ltr'><strong>Seguerinn.</strong></span> <span class='ocrx_word' id='word_1_331' title='bbox 554 3485 653 3539; x_wconf 86' lang='lat' dir='ltr'><strong>Gobler.</strong></span> <span class='ocrx_word' id='word_1_332' title='bbox 706 3486 794 3536; x_wconf 83' lang='lat' dir='ltr'><strong>ibidem</strong></span> <span class='ocrx_word' id='word_1_333' title='bbox 819 3488 957 3549; x_wconf 74' lang='lat' dir='ltr'><strong>Seguerion.</strong></span> <span class='ocrx_word' id='word_1_334' title='bbox 981 3485 1039 3542; x_wconf 72' lang='grc' dir='ltr'><strong>πῶς</strong></span> <span class='ocrx_word' id='word_1_335' title='bbox 1080 3481 1115 3556; x_wconf 78' lang='grc' dir='ltr'><strong>ἀρ</strong></span> <span class='ocrx_word' id='word_1_336' title='bbox 1134 3477 1184 3555; x_wconf 53' lang='grc' dir='ltr'><strong>οἰχ</strong></span> <span class='ocrx_word' id='word_1_337' title='bbox 1201 3482 1292 3542; x_wconf 61' lang='lat' dir='ltr'><strong>cirin</strong></span> 
     </span>
     <span class='ocr_line' id='line_1_32' title="bbox 76 3539 1297 3623; baseline 0.013 -33"><span class='ocrx_word' id='word_1_338' title='bbox 76 3539 164 3623; x_wconf 66' lang='lat' dir='ltr'><strong>felrlm.</strong></span> <span class='ocrx_word' id='word_1_339' title='bbox 185 3551 205 3600; x_wconf 92' lang='lat' dir='ltr'><strong>l.</strong></span> <span class='ocrx_word' id='word_1_340' title='bbox 224 3561 248 3602; x_wconf 91' lang='lat' dir='ltr'><strong>et</strong></span> <span class='ocrx_word' id='word_1_341' title='bbox 266 3554 292 3604; x_wconf 79' lang='lat'><strong>4.</strong></span> <span class='ocrx_word' id='word_1_342' title='bbox 319 3546 380 3606; x_wconf 77' lang='grc' dir='ltr'><strong>υἱὸς</strong></span> <span class='ocrx_word' id='word_1_343' title='bbox 409 3539 443 3612; x_wconf 75' lang='grc' dir='ltr'><strong>ἢν</strong></span> <span class='ocrx_word' id='word_1_344' title='bbox 468 3545 599 3613; x_wconf 71' lang='grc' dir='ltr'><strong>ἀληθινὸς</strong></span> <span class='ocrx_word' id='word_1_345' title='bbox 627 3549 655 3612; x_wconf 67' lang='grc' dir='ltr'><strong>ἐξ</strong></span> <span class='ocrx_word' id='word_1_346' title='bbox 706 3555 732 3606; x_wconf 90' lang='lat' dir='ltr'><strong>ln</strong></span> <span class='ocrx_word' id='word_1_347' title='bbox 751 3555 806 3604; x_wconf 75' lang='lat' dir='ltr'><strong>aliie</strong></span> <span class='ocrx_word' id='word_1_348' title='bbox 825 3561 848 3604; x_wconf 88' lang='lat' dir='ltr'><strong>et</strong></span> <span class='ocrx_word' id='word_1_349' title='bbox 866 3555 937 3604; x_wconf 76' lang='lat' dir='ltr'><strong>editio</strong></span> <span class='ocrx_word' id='word_1_350' title='bbox 955 3556 1023 3608; x_wconf 78' lang='lat' dir='ltr'><strong>tecit</strong></span> <span class='ocrx_word' id='word_1_351' title='bbox 1063 3571 1085 3610; x_wconf 79' lang='grc' dir='ltr'><strong>ς.</strong></span> <span class='ocrx_word' id='word_1_352' title='bbox 1121 3557 1173 3605; x_wconf 82' lang='lat' dir='ltr'><strong>ldox</strong></span> <span class='ocrx_word' id='word_1_353' title='bbox 1197 3558 1253 3618; x_wconf 72' lang='lat' dir='ltr'><strong>lteg.</strong></span> <span class='ocrx_word' id='word_1_354' title='bbox 1273 3565 1297 3606; x_wconf 87' lang='lat' dir='ltr'><strong>et</strong></span> 
     </span>
     <span class='ocr_line' id='line_1_33' title="bbox 78 3613 1296 3730; baseline 0.003 -64"><span class='ocrx_word' id='word_1_355' title='bbox 78 3621 152 3730; x_wconf 48' lang='lat' dir='ltr'><strong>(temp,</strong></span> <span class='ocrx_word' id='word_1_356' title='bbox 184 3619 228 3668; x_wconf 81' lang='lat' dir='ltr'><strong>dlii</strong></span> <span class='ocrx_word' id='word_1_357' title='bbox 257 3631 282 3670; x_wconf 81' lang='lat' dir='ltr'><strong>et</strong></span> <span class='ocrx_word' id='word_1_358' title='bbox 307 3623 368 3672; x_wconf 84' lang='lat' dir='ltr'><strong>editi</strong></span> <span class='ocrx_word' id='word_1_359' title='bbox 393 3613 452 3674; x_wconf 71' lang='lat' dir='ltr'><strong>otte</strong></span> <span class='ocrx_word' id='word_1_360' title='bbox 469 3613 613 3681; x_wconf 75' lang='grc' dir='ltr'><strong><em>ἀληθινός,</em></strong></span> <span class='ocrx_word' id='word_1_361' title='bbox 639 3615 653 3671; x_wconf 81' lang='grc' dir='ltr'><strong><em>ὃ</em></strong></span> <span class='ocrx_word' id='word_1_362' title='bbox 706 3625 762 3672; x_wconf 82' lang='lat' dir='ltr'><strong>editi</strong></span> <span class='ocrx_word' id='word_1_363' title='bbox 780 3616 847 3688; x_wconf 76' lang='grc' dir='ltr'><strong>πρὶν</strong></span> <span class='ocrx_word' id='word_1_364' title='bbox 863 3620 975 3688; x_wconf 73' lang='grc' dir='ltr'><strong>γενηθῇ.</strong></span> <span class='ocrx_word' id='word_1_365' title='bbox 1013 3623 1058 3673; x_wconf 83' lang='lat' dir='ltr'><strong>tlit</strong></span> <span class='ocrx_word' id='word_1_366' title='bbox 1077 3639 1135 3673; x_wconf 83' lang='lat' dir='ltr'><strong>mss.</strong></span> <span class='ocrx_word' id='word_1_367' title='bbox 1153 3617 1220 3689; x_wconf 78' lang='grc' dir='ltr'><strong>πρὶν</strong></span> <span class='ocrx_word' id='word_1_368' title='bbox 1237 3625 1296 3686; x_wconf 68' lang='lat' dir='ltr'><strong>yru-</strong></span> 
     </span>
     <span class='ocr_line' id='line_1_34' title="bbox 76 3681 1017 3750; baseline 0.009 -30"><span class='ocrx_word' id='word_1_369' title='bbox 76 3687 85 3720; x_wconf 79' lang='lat' dir='ltr'><strong>l</strong></span> <span class='ocrx_word' id='word_1_370' title='bbox 112 3681 194 3735; x_wconf 71' lang='grc' dir='ltr'><strong><em>αυῑοῧ,</em></strong></span> <span class='ocrx_word' id='word_1_371' title='bbox 362 3729 368 3736; x_wconf 77' lang='grc'>,</span> <span class='ocrx_word' id='word_1_372' title='bbox 706 3687 785 3750; x_wconf 64' lang='lat' dir='ltr'><strong>yqdl‘,</strong></span> <span class='ocrx_word' id='word_1_373' title='bbox 1013 3696 1017 3705; x_wconf 92' lang='grc'><strong>’</strong></span> 
     </span>
    </p>

    <p class='ocr_par' dir='ltr' id='par_1_5' title="bbox 100 3706 1293 3818">
     <span class='ocr_line' id='line_1_35' title="bbox 100 3706 1293 3818; baseline 0.004 -21"><span class='ocrx_word' id='word_1_374' title='bbox 100 3763 119 3806; x_wconf 69' lang='lat' dir='ltr'><strong>a.</strong></span> <span class='ocrx_word' id='word_1_375' title='bbox 136 3750 235 3804; x_wconf 81' lang='lat' dir='ltr'><strong>l&#39;elckm.</strong></span> <span class='ocrx_word' id='word_1_376' title='bbox 256 3755 283 3806; x_wconf 83' lang='lat'><strong>2.</strong></span> <span class='ocrx_word' id='word_1_377' title='bbox 309 3765 335 3806; x_wconf 84' lang='lat' dir='ltr'><strong>et</strong></span> <span class='ocrx_word' id='word_1_378' title='bbox 354 3757 411 3806; x_wconf 87' lang='lat' dir='ltr'><strong>editi</strong></span> <span class='ocrx_word' id='word_1_379' title='bbox 430 3755 536 3806; x_wconf 76' lang='grc' dir='ltr'><strong><em>ταῦτα’</em></strong></span> <span class='ocrx_word' id='word_1_380' title='bbox 560 3757 653 3807; x_wconf 86' lang='lat' dir='ltr'><strong>lbidem</strong></span> <span class='ocrx_word' id='word_1_381' title='bbox 740 3706 838 3818; x_wconf 58' lang='lat' dir='ltr'><strong>balles.</strong></span> <span class='ocrx_word' id='word_1_382' title='bbox 851 3755 956 3806; x_wconf 80' lang='lat' dir='ltr'><strong>etllnril.</strong></span> <span class='ocrx_word' id='word_1_383' title='bbox 968 3748 1072 3804; x_wconf 75' lang='grc' dir='ltr'><strong><em>καὶούκ</em></strong></span> <span class='ocrx_word' id='word_1_384' title='bbox 1084 3749 1113 3812; x_wconf 72' lang='grc' dir='ltr'><strong>ἒξ</strong></span> <span class='ocrx_word' id='word_1_385' title='bbox 1130 3747 1178 3804; x_wconf 77' lang='grc' dir='ltr'><strong>αὖα</strong></span> <span class='ocrx_word' id='word_1_386' title='bbox 1196 3747 1293 3811; x_wconf 78' lang='grc' dir='ltr'><em>ὄντων,</em></span> 
     </span>
    </p>

    <p class='ocr_par' dir='ltr' id='par_1_6' title="bbox 76 3814 833 3890">
     <span class='ocr_line' id='line_1_36' title="bbox 76 3814 833 3890; baseline 0.005 -22"><span class='ocrx_word' id='word_1_387' title='bbox 76 3823 121 3886; x_wconf 68' lang='lat' dir='ltr'><strong>ross,</strong></span> <span class='ocrx_word' id='word_1_388' title='bbox 138 3832 219 3871; x_wconf 72' lang='lat' dir='ltr'><strong>omues</strong></span> <span class='ocrx_word' id='word_1_389' title='bbox 242 3816 310 3888; x_wconf 76' lang='grc' dir='ltr'><strong>περὶ</strong></span> <span class='ocrx_word' id='word_1_390' title='bbox 329 3814 474 3887; x_wconf 66' lang='grc' dir='ltr'><strong>εὐσεβείας.</strong></span> <span class='ocrx_word' id='word_1_391' title='bbox 512 3825 575 3875; x_wconf 82' lang='lat' dir='ltr'><strong>Edlti</strong></span> <span class='ocrx_word' id='word_1_392' title='bbox 592 3817 656 3890; x_wconf 76' lang='grc' dir='ltr'><strong>περὶ</strong></span> <span class='ocrx_word' id='word_1_393' title='bbox 708 3823 833 3874; x_wconf 77' lang='lat' dir='ltr'><strong>mendose.</strong></span> 
     </span>
    </p>

    <p class='ocr_par' dir='ltr' id='par_1_7' title="bbox 74 3881 1295 3956">
     <span class='ocr_line' id='line_1_37' title="bbox 74 3881 1295 3956; baseline -0.005 -12"><span class='ocrx_word' id='word_1_394' title='bbox 74 3883 186 3944; x_wconf 53' lang='lat' dir='ltr'><strong>“Wlfflin</strong></span> <span class='ocrx_word' id='word_1_395' title='bbox 221 3889 283 3941; x_wconf 89' lang='lat' dir='ltr'><strong>ltem</strong></span> <span class='ocrx_word' id='word_1_396' title='bbox 316 3892 407 3941; x_wconf 87' lang='lat' dir='ltr'><strong>ibidem</strong></span> <span class='ocrx_word' id='word_1_397' title='bbox 432 3893 530 3954; x_wconf 72' lang='lat' dir='ltr'><strong>Seguer.</strong></span> <span class='ocrx_word' id='word_1_398' title='bbox 557 3892 655 3944; x_wconf 84' lang='lat' dir='ltr'><strong>Gobler.</strong></span> <span class='ocrx_word' id='word_1_399' title='bbox 740 3891 758 3940; x_wconf 90' lang='lat' dir='ltr'><strong>l.</strong></span> <span class='ocrx_word' id='word_1_400' title='bbox 779 3891 882 3940; x_wconf 78' lang='lat' dir='ltr'><strong>Felelro.</strong></span> <span class='ocrx_word' id='word_1_401' title='bbox 902 3891 925 3940; x_wconf 80' lang='lat'><strong>4.</strong></span> <span class='ocrx_word' id='word_1_402' title='bbox 949 3883 1020 3955; x_wconf 74' lang='grc' dir='ltr'><strong>πρὸς</strong></span> <span class='ocrx_word' id='word_1_403' title='bbox 1042 3881 1123 3940; x_wconf 63' lang='lat' dir='ltr'><strong>tavit</strong></span> <span class='ocrx_word' id='word_1_404' title='bbox 1149 3885 1295 3956; x_wconf 75' lang='grc' dir='ltr'><strong>διασὲρσυ-</strong></span> 
     </span>
    </p>

    <p class='ocr_par' dir='ltr' id='par_1_8' title="bbox 73 3947 1244 4023">
     <span class='ocr_line' id='line_1_38' title="bbox 73 3947 1244 4023; baseline 0.007 -25"><span class='ocrx_word' id='word_1_405' title='bbox 73 3957 90 3994; x_wconf 77' lang='lat' dir='ltr'><strong>tt</strong></span> <span class='ocrx_word' id='word_1_406' title='bbox 106 3951 202 4006; x_wconf 78' lang='lat' dir='ltr'><strong>l&#39;eletm.</strong></span> <span class='ocrx_word' id='word_1_407' title='bbox 223 3958 246 4006; x_wconf 89' lang='lat' dir='ltr'><strong>l.</strong></span> <span class='ocrx_word' id='word_1_408' title='bbox 267 3967 293 4008; x_wconf 87' lang='lat' dir='ltr'><strong>et</strong></span> <span class='ocrx_word' id='word_1_409' title='bbox 311 3959 340 4008; x_wconf 81' lang='lat'><strong>4.</strong></span> <span class='ocrx_word' id='word_1_410' title='bbox 360 3950 408 4007; x_wconf 77' lang='grc' dir='ltr'><strong>οὐκ</strong></span> <span class='ocrx_word' id='word_1_411' title='bbox 427 3949 563 4020; x_wconf 67' lang='grc' dir='ltr'><em>ὀκνητέον.</em></span> <span class='ocrx_word' id='word_1_412' title='bbox 594 3959 656 4010; x_wconf 81' lang='lat' dir='ltr'><strong>Editi</strong></span> <span class='ocrx_word' id='word_1_413' title='bbox 708 3970 754 4006; x_wconf 84' lang='grc' dir='ltr'><strong>σιν</strong></span> <span class='ocrx_word' id='word_1_414' title='bbox 771 3949 957 4023; x_wconf 70' lang='grc' dir='ltr'><strong>εὑρεθήσεται,</strong></span> <span class='ocrx_word' id='word_1_415' title='bbox 978 3947 1065 4023; x_wconf 75' lang='grc' dir='ltr'><strong><em>ὥσπερ</em></strong></span> <span class='ocrx_word' id='word_1_416' title='bbox 1083 3951 1244 4021; x_wconf 76' lang='grc' dir='ltr'><strong><em>βλεπόμενα.</em></strong></span> 
     </span>
    </p>

    <p class='ocr_par' dir='ltr' id='par_1_9' title="bbox 69 4015 1359 4294">
     <span class='ocr_line' id='line_1_39' title="bbox 72 4015 1359 4092; baseline 0.008 -26"><span class='ocrx_word' id='word_1_417' title='bbox 72 4023 90 4061; x_wconf 87' lang='lat' dir='ltr'><strong>tt</strong></span> <span class='ocrx_word' id='word_1_418' title='bbox 105 4019 139 4068; x_wconf 79' lang='lat' dir='ltr'><strong>olli</strong></span> <span class='ocrx_word' id='word_1_419' title='bbox 156 4015 203 4072; x_wconf 74' lang='grc' dir='ltr'><strong>οὐκ</strong></span> <span class='ocrx_word' id='word_1_420' title='bbox 221 4016 356 4092; x_wconf 74' lang='grc' dir='ltr'><strong>ὀκνηρόν.</strong></span> <span class='ocrx_word' id='word_1_421' title='bbox 619 4067 621 4071; x_wconf 97' lang='grc'>.</span> <span class='ocrx_word' id='word_1_422' title='bbox 721 4041 772 4078; x_wconf 83' lang='lat' dir='ltr'><strong>.rn.</strong></span> <span class='ocrx_word' id='word_1_423' title='bbox 792 4025 891 4088; x_wconf 76' lang='lat' dir='ltr'><strong>Seguer.</strong></span> <span class='ocrx_word' id='word_1_424' title='bbox 909 4027 1001 4088; x_wconf 75' lang='lat' dir='ltr'><strong>dngttc.</strong></span> <span class='ocrx_word' id='word_1_425' title='bbox 1013 4026 1110 4076; x_wconf 81' lang='lat' dir='ltr'><strong>Gobler.</strong></span> <span class='ocrx_word' id='word_1_426' title='bbox 1122 4034 1145 4074; x_wconf 87' lang='lat' dir='ltr'><strong>et</strong></span> <span class='ocrx_word' id='word_1_427' title='bbox 1157 4025 1260 4074; x_wconf 86' lang='lat' dir='ltr'><strong>l&#39;elelm.</strong></span> <span class='ocrx_word' id='word_1_428' title='bbox 1274 4026 1296 4075; x_wconf 92' lang='lat' dir='ltr'><strong>l.</strong></span> <span class='ocrx_word' id='word_1_429' title='bbox 1347 4067 1359 4076; x_wconf 87' lang='lat'>.</span> 
     </span>
     <span class='ocr_line' id='line_1_40' title="bbox 85 4083 1295 4171; baseline 0.009 -38"><span class='ocrx_word' id='word_1_430' title='bbox 85 4083 117 4158; x_wconf 26' lang='lat' dir='ltr'><strong>qb.</strong></span> <span class='ocrx_word' id='word_1_431' title='bbox 133 4088 230 4152; x_wconf 75' lang='lat' dir='ltr'><strong>Segucr.</strong></span> <span class='ocrx_word' id='word_1_432' title='bbox 251 4094 313 4157; x_wconf 73' lang='lat' dir='ltr'><strong>llcg.</strong></span> <span class='ocrx_word' id='word_1_433' title='bbox 328 4094 427 4145; x_wconf 84' lang='lat' dir='ltr'><strong>Gobler.</strong></span> <span class='ocrx_word' id='word_1_434' title='bbox 446 4095 550 4146; x_wconf 82' lang='lat' dir='ltr'><strong>Felclrm.</strong></span> <span class='ocrx_word' id='word_1_435' title='bbox 567 4093 587 4144; x_wconf 83' lang='lat' dir='ltr'><strong>l.</strong></span> <span class='ocrx_word' id='word_1_436' title='bbox 598 4093 655 4144; x_wconf 80' lang='lat' dir='ltr'><strong>etb.</strong></span> <span class='ocrx_word' id='word_1_437' title='bbox 706 4086 826 4162; x_wconf 77' lang='grc' dir='ltr'><strong><em>πρὸστὰ</em></strong></span> <span class='ocrx_word' id='word_1_438' title='bbox 844 4085 919 4141; x_wconf 73' lang='grc' dir='ltr'><strong><em>ἄλλα.</em></strong></span> <span class='ocrx_word' id='word_1_439' title='bbox 957 4093 1018 4142; x_wconf 82' lang='lat' dir='ltr'><strong>Edlll</strong></span> <span class='ocrx_word' id='word_1_440' title='bbox 1037 4099 1060 4140; x_wconf 88' lang='lat' dir='ltr'><strong>et</strong></span> <span class='ocrx_word' id='word_1_441' title='bbox 1073 4092 1118 4168; x_wconf 42' lang='lat' dir='ltr'><strong>&#39;ulii</strong></span> <span class='ocrx_word' id='word_1_442' title='bbox 1136 4084 1205 4171; x_wconf 58' lang='grc' dir='ltr'><strong>πρὸς</strong></span> <span class='ocrx_word' id='word_1_443' title='bbox 1221 4086 1295 4144; x_wconf 75' lang='grc' dir='ltr'><strong><em>ἄλλα.</em></strong></span> 
     </span>
     <span class='ocr_line' id='line_1_41' title="bbox 69 4151 1295 4226; baseline 0.005 -24"><span class='ocrx_word' id='word_1_444' title='bbox 69 4151 190 4210; x_wconf 67' lang='lat' dir='ltr'><strong>revolt».</strong></span> <span class='ocrx_word' id='word_1_445' title='bbox 218 4161 304 4211; x_wconf 80' lang='lat' dir='ltr'><strong>Ceteri</strong></span> <span class='ocrx_word' id='word_1_446' title='bbox 324 4170 350 4212; x_wconf 84' lang='lat' dir='ltr'><strong>et</strong></span> <span class='ocrx_word' id='word_1_447' title='bbox 369 4162 424 4211; x_wconf 80' lang='lat' dir='ltr'><strong>editi</strong></span> <span class='ocrx_word' id='word_1_448' title='bbox 442 4154 578 4211; x_wconf 76' lang='grc' dir='ltr'><strong>τὸνθεόν.</strong></span> <span class='ocrx_word' id='word_1_449' title='bbox 603 4161 654 4211; x_wconf 85' lang='lat' dir='ltr'><strong>llor</strong></span> <span class='ocrx_word' id='word_1_450' title='bbox 698 4161 758 4212; x_wconf 74' lang='lat' dir='ltr'><strong>,tlon</strong></span> <span class='ocrx_word' id='word_1_451' title='bbox 776 4161 876 4223; x_wconf 75' lang='lat' dir='ltr'><strong>Seguer.</strong></span> <span class='ocrx_word' id='word_1_452' title='bbox 895 4158 1079 4226; x_wconf 70' lang='grc' dir='ltr'><strong>σημαίνεσθαι</strong></span> <span class='ocrx_word' id='word_1_453' title='bbox 1096 4172 1126 4208; x_wconf 83' lang='grc' dir='ltr'><strong>τε</strong></span> <span class='ocrx_word' id='word_1_454' title='bbox 1142 4173 1197 4219; x_wconf 78' lang='grc' dir='ltr'><strong>της.</strong></span> <span class='ocrx_word' id='word_1_455' title='bbox 1225 4161 1295 4212; x_wconf 83' lang='lat' dir='ltr'><strong>Gobl.</strong></span> 
     </span>
     <span class='ocr_line' id='line_1_42' title="bbox 70 4219 1296 4294; baseline 0.007 -26"><span class='ocrx_word' id='word_1_456' title='bbox 70 4219 437 4280; x_wconf 57' lang='lat' dir='ltr'><strong>tertiumdecimum</strong></span> <span class='ocrx_word' id='word_1_457' title='bbox 459 4220 508 4294; x_wconf 72' lang='grc' dir='ltr'><strong>οὐχ</strong></span> <span class='ocrx_word' id='word_1_458' title='bbox 527 4221 571 4282; x_wconf 76' lang='grc' dir='ltr'><strong>ὥς.</strong></span> <span class='ocrx_word' id='word_1_459' title='bbox 591 4229 654 4292; x_wconf 69' lang='lat' dir='ltr'><strong>ddici</strong></span> <span class='ocrx_word' id='word_1_460' title='bbox 707 4228 811 4278; x_wconf 77' lang='lat' dir='ltr'><strong>Felclcm.</strong></span> <span class='ocrx_word' id='word_1_461' title='bbox 833 4229 855 4276; x_wconf 88' lang='lat' dir='ltr'><strong>l.</strong></span> <span class='ocrx_word' id='word_1_462' title='bbox 875 4237 898 4278; x_wconf 84' lang='lat' dir='ltr'><strong>ct</strong></span> <span class='ocrx_word' id='word_1_463' title='bbox 916 4229 940 4276; x_wconf 79' lang='lat' dir='ltr'><strong>d.</strong></span> <span class='ocrx_word' id='word_1_464' title='bbox 966 4220 1151 4290; x_wconf 70' lang='grc' dir='ltr'><strong><em>σημαίνεσθαι</em></strong></span> <span class='ocrx_word' id='word_1_465' title='bbox 1173 4219 1250 4292; x_wconf 74' lang='grc' dir='ltr'><strong><em>παρά</em></strong></span> <span class='ocrx_word' id='word_1_466' title='bbox 1267 4241 1296 4278; x_wconf 83' lang='grc' dir='ltr'><strong>τε</strong></span> 
     </span>
    </p>

    <p class='ocr_par' dir='ltr' id='par_1_10' title="bbox 69 4287 1295 4362">
     <span class='ocr_line' id='line_1_43' title="bbox 69 4287 1295 4362; baseline 0.01 -30"><span class='ocrx_word' id='word_1_467' title='bbox 69 4293 86 4334; x_wconf 80' lang='grc' dir='ltr'><strong><em>α</em></strong></span> <span class='ocrx_word' id='word_1_468' title='bbox 102 4291 137 4341; x_wconf 85' lang='lat' dir='ltr'><strong>alii</strong></span> <span class='ocrx_word' id='word_1_469' title='bbox 153 4287 198 4342; x_wconf 75' lang='lat' dir='ltr'><strong>nai</strong></span> <span class='ocrx_word' id='word_1_470' title='bbox 218 4287 272 4362; x_wconf 58' lang='grc' dir='ltr'><strong>οἰχ</strong></span> <span class='ocrx_word' id='word_1_471' title='bbox 291 4287 342 4348; x_wconf 75' lang='grc' dir='ltr'><strong>ὥς.</strong></span> <span class='ocrx_word' id='word_1_472' title='bbox 706 4293 763 4356; x_wconf 75' lang='grc' dir='ltr'><strong>τῆς.</strong></span> <span class='ocrx_word' id='word_1_473' title='bbox 799 4294 861 4345; x_wconf 83' lang='lat' dir='ltr'><strong>Editi</strong></span> <span class='ocrx_word' id='word_1_474' title='bbox 884 4287 1071 4359; x_wconf 72' lang='grc' dir='ltr'><strong><em>σημαίνεσθαί</em></strong></span> <span class='ocrx_word' id='word_1_475' title='bbox 1086 4306 1116 4344; x_wconf 80' lang='grc' dir='ltr'><strong>τε</strong></span> <span class='ocrx_word' id='word_1_476' title='bbox 1139 4287 1216 4362; x_wconf 76' lang='grc' dir='ltr'><strong>παρὰ</strong></span> <span class='ocrx_word' id='word_1_477' title='bbox 1239 4293 1295 4355; x_wconf 73' lang='grc' dir='ltr'><strong>τῆς.</strong></span> 
     </span>
    </p>

    <p class='ocr_par' dir='ltr' id='par_1_11' title="bbox 95 4356 1132 4430">
     <span class='ocr_line' id='line_1_44' title="bbox 95 4356 1132 4430; baseline 0.002 -20"><span class='ocrx_word' id='word_1_478' title='bbox 95 4357 108 4404; x_wconf 85' lang='lat' dir='ltr'><strong>i.</strong></span> <span class='ocrx_word' id='word_1_479' title='bbox 131 4361 227 4412; x_wconf 81' lang='lat' dir='ltr'><strong>Gobler.</strong></span> <span class='ocrx_word' id='word_1_480' title='bbox 253 4373 279 4413; x_wconf 86' lang='lat' dir='ltr'><strong>et</strong></span> <span class='ocrx_word' id='word_1_481' title='bbox 306 4363 416 4414; x_wconf 63' lang='lat' dir='ltr'><strong>rituum.</strong></span> <span class='ocrx_word' id='word_1_482' title='bbox 437 4364 458 4414; x_wconf 85' lang='lat'><strong>1.</strong></span> <span class='ocrx_word' id='word_1_483' title='bbox 477 4356 653 4430; x_wconf 69' lang='grc' dir='ltr'><strong><em>καὶγένημα.</em></strong></span> <span class='ocrx_word' id='word_1_484' title='bbox 707 4364 733 4412; x_wconf 90' lang='lat' dir='ltr'><strong>ln</strong></span> <span class='ocrx_word' id='word_1_485' title='bbox 752 4362 857 4412; x_wconf 79' lang='lat' dir='ltr'><strong>l&#39;elulnr.</strong></span> <span class='ocrx_word' id='word_1_486' title='bbox 876 4361 900 4411; x_wconf 86' lang='lat' dir='ltr'><strong>b.</strong></span> <span class='ocrx_word' id='word_1_487' title='bbox 918 4374 947 4409; x_wconf 84' lang='grc' dir='ltr'><strong>σε</strong></span> <span class='ocrx_word' id='word_1_488' title='bbox 965 4361 1037 4426; x_wconf 82' lang='lat' dir='ltr'><strong>plone</strong></span> <span class='ocrx_word' id='word_1_489' title='bbox 1056 4362 1132 4412; x_wconf 81' lang='lat' dir='ltr'><strong>deest.</strong></span> 
     </span>
    </p>

    <p class='ocr_par' dir='ltr' id='par_1_12' title="bbox 67 4413 1298 4564">
     <span class='ocr_line' id='line_1_45' title="bbox 69 4413 1298 4496; baseline 0.013 -32"><span class='ocrx_word' id='word_1_490' title='bbox 69 4417 144 4473; x_wconf 79' lang='lat' dir='ltr'><strong>lbidem</strong></span> <span class='ocrx_word' id='word_1_491' title='bbox 168 4431 273 4492; x_wconf 72' lang='lat' dir='ltr'><strong>Seguer.</strong></span> <span class='ocrx_word' id='word_1_492' title='bbox 294 4431 355 4492; x_wconf 62' lang='lat' dir='ltr'><strong>ling.</strong></span> <span class='ocrx_word' id='word_1_493' title='bbox 384 4439 407 4482; x_wconf 80' lang='lat' dir='ltr'><strong>ct</strong></span> <span class='ocrx_word' id='word_1_494' title='bbox 430 4431 534 4482; x_wconf 81' lang='lat' dir='ltr'><strong>Felclm.</strong></span> <span class='ocrx_word' id='word_1_495' title='bbox 556 4433 576 4481; x_wconf 89' lang='lat' dir='ltr'><strong>l.</strong></span> <span class='ocrx_word' id='word_1_496' title='bbox 594 4427 655 4496; x_wconf 76' lang='grc' dir='ltr'><strong>γέν·</strong></span> <span class='ocrx_word' id='word_1_497' title='bbox 741 4445 764 4480; x_wconf 90' lang='lat' dir='ltr'><strong>n.</strong></span> <span class='ocrx_word' id='word_1_498' title='bbox 783 4429 972 4480; x_wconf 72' lang='lat' dir='ltr'><strong>detclmanntb.</strong></span> <span class='ocrx_word' id='word_1_499' title='bbox 993 4419 1080 4478; x_wconf 67' lang='grc' dir='ltr'><strong><em>αὐτὸν</em></strong></span> <span class='ocrx_word' id='word_1_500' title='bbox 1094 4425 1215 4492; x_wconf 76' lang='grc' dir='ltr'><strong>μείζονα,</strong></span> <span class='ocrx_word' id='word_1_501' title='bbox 1236 4413 1298 4480; x_wconf 73' lang='grc' dir='ltr'><strong>αἶαν</strong></span> 
     </span>
     <span class='ocr_line' id='line_1_46' title="bbox 67 4489 1296 4564; baseline -0.003 -16"><span class='ocrx_word' id='word_1_502' title='bbox 67 4501 129 4554; x_wconf 69' lang='lat' dir='ltr'><strong>ylua</strong></span> <span class='ocrx_word' id='word_1_503' title='bbox 150 4505 173 4546; x_wconf 87' lang='lat' dir='ltr'><strong>et</strong></span> <span class='ocrx_word' id='word_1_504' title='bbox 196 4490 395 4564; x_wconf 70' lang='grc' dir='ltr'><em>γεννημάτων.</em></span> <span class='ocrx_word' id='word_1_505' title='bbox 432 4497 511 4550; x_wconf 80' lang='lat' dir='ltr'><strong>Ceteri</strong></span> <span class='ocrx_word' id='word_1_506' title='bbox 538 4507 562 4550; x_wconf 80' lang='lat' dir='ltr'><strong>et</strong></span> <span class='ocrx_word' id='word_1_507' title='bbox 580 4499 654 4550; x_wconf 82' lang='lat' dir='ltr'><strong>editio</strong></span> <span class='ocrx_word' id='word_1_508' title='bbox 706 4489 769 4547; x_wconf 67' lang='lat' dir='ltr'><strong>toea.</strong></span> <span class='ocrx_word' id='word_1_509' title='bbox 807 4497 858 4546; x_wconf 83' lang='lat' dir='ltr'><strong>llox</strong></span> <span class='ocrx_word' id='word_1_510' title='bbox 883 4497 1022 4549; x_wconf 68' lang='lat' dir='ltr'><strong>Golilrrion.</strong></span> <span class='ocrx_word' id='word_1_511' title='bbox 1046 4507 1071 4550; x_wconf 86' lang='lat' dir='ltr'><strong>et</strong></span> <span class='ocrx_word' id='word_1_512' title='bbox 1089 4499 1195 4550; x_wconf 79' lang='lat' dir='ltr'><strong>lelclm.</strong></span> <span class='ocrx_word' id='word_1_513' title='bbox 1212 4499 1234 4548; x_wconf 89' lang='lat' dir='ltr'><strong>l.</strong></span> <span class='ocrx_word' id='word_1_514' title='bbox 1251 4489 1296 4545; x_wconf 60' lang='grc' dir='ltr'><strong>στ’</strong></span> 
     </span>
    </p>
   </div>
   <div class='ocr_carea' id='block_1_4' title="bbox 68 4555 1002 4642">
    <p class='ocr_par' dir='ltr' id='par_1_13' title="bbox 68 4555 1002 4642">
     <span class='ocr_line' id='line_1_47' title="bbox 68 4555 1002 4642; baseline 0.006 -34"><span class='ocrx_word' id='word_1_515' title='bbox 68 4555 171 4614; x_wconf 77' lang='lat' dir='ltr'><strong>Commod.</strong></span> <span class='ocrx_word' id='word_1_516' title='bbox 194 4562 311 4634; x_wconf 78' lang='grc' dir='ltr'><strong><em>γένημα</em></strong></span> <span class='ocrx_word' id='word_1_517' title='bbox 338 4573 361 4618; x_wconf 86' lang='lat' dir='ltr'><strong>ct</strong></span> <span class='ocrx_word' id='word_1_518' title='bbox 383 4559 556 4634; x_wconf 70' lang='grc' dir='ltr'><em>γενημάτων.</em></span> <span class='ocrx_word' id='word_1_519' title='bbox 593 4566 654 4617; x_wconf 84' lang='lat' dir='ltr'><strong>Item</strong></span> <span class='ocrx_word' id='word_1_520' title='bbox 706 4555 900 4632; x_wconf 75' lang='grc' dir='ltr'><strong>λαμπρότερον</strong></span> <span class='ocrx_word' id='word_1_521' title='bbox 918 4555 1002 4642; x_wconf 59' lang='lat' dir='ltr'><strong>ilica.</strong></span> 
     </span>
    </p>
   </div>
   <div class='ocr_carea' id='block_1_5' title="bbox 0 0 1564 5052">
    <p class='ocr_par' dir='ltr' id='par_1_14' title="bbox 0 0 1564 5052">
     <span class='ocr_line' id='line_1_48' title="bbox 0 0 1564 5052; baseline 0 13"><span class='ocrx_word' id='word_1_522' title='bbox 0 0 1564 5052; x_wconf 95' lang='lat' dir='ltr'><strong> </strong></span> 
     </span>
    </p>
   </div>
  </div>
 </body>
</html>
