3110 5064
349 353 493 398 sersaoni
510 353 546 396 na
563 353 706 398 nocueris
722 353 866 396 nicaeum:
882 351 999 396 sruoor.
1251 339 1291 401 25

83 527 138 568 euru
166 525 266 568 omnes
293 505 372 566 iuter
394 525 427 566 se
450 503 653 588 consentiunt,
677 517 738 564 nou
760 512 858 564 autem
880 503 925 563 eet
948 521 1049 564 secum
1072 502 1118 563 rel
1138 501 1207 564 eum
1229 503 1378 567 suist-2¹¹·

81 607 198 688 patribus
218 607 341 686 litigant
385 605 460 666 Nem
482 605 532 684 qui
554 623 614 666 uon
637 605 676 666 ita
700 615 771 666 eunt
792 603 899 676 affecti,
923 603 1050 683 improbi
1073 623 1133 666 non
1156 605 1217 666 veri
1234 605 1291 666 do-

82 721 166 770 nores
194 717 264 770 sunt
292 705 467 788 appellandi.
513 705 588 768 Hinc
610 705 760 772 Gentiles.
790 704 840 784 qrri
862 705 940 766 inter
963 723 995 766 se
1018 724 1078 766 non
1101 705 1292 768 consentiunt

80 810 124 870 sed
151 809 310 882 dissident,
338 827 405 870 vera
428 807 582 888 privantur
604 807 747 869 doctrine.
792 806 890 868 Sancti
914 815 1010 870 autem
1034 806 1136 886 etqui
1159 807 1291 870 veritatis

81 929 167 970 reuera
188 917 258 972 sunt
279 927 452 988 praecones,
475 909 552 969 inter
575 927 608 968 se
631 909 821 981 concordant,
844 926 904 968 non
927 906 1107 970 discordant.
1137 907 1209 969 Natu
1225 908 1295 970 licet

79 1012 188 1073 dirersis
222 1011 264 1073 illi
294 1011 449 1073 floruerint
478 1008 680 1089 temporibus,
713 1010 789 1071 idem
813 1018 910 1070 tamen
932 1007 1072 1070 omnibus
1096 1027 1204 1088 scopus
1227 1010 1291 1082 tuit,

80 1114 173 1193 ‹ruippe
195 1112 246 1192 qui
269 1114 357 1174 unius
379 1111 432 1174 uei
455 1119 559 1174 essent
580 1112 742 1190 prophetae
765 1119 794 1172 et
815 1110 894 1170 idem
914 1127 1030 1172 summo
1047 1129 1196 1172 consensu
1211 1130 1292 1174 nuu-

78 1214 173 1275 darent
194 1213 357 1274 Verbum..

150 1627 178 1684 5.
221 1621 302 1682 Hinc
323 1637 394 1696 ergo
418 1639 493 1700 quae
509 1620 627 1698 iioyaes
644 1618 753 1690 decutit,
776 1617 848 1677 haec
864 1618 1022 1678 cetetodivit
1035 1617 1196 1680 Abraham:
1219 1637 1294 1697 quae

77 1739 135 1781 tero
156 1721 320 1783 custodivit
339 1721 496 1794 abraham,
520 1721 592 1782 haec
613 1719 676 1781 Noe
698 1728 725 1782 et
741 1719 844 1780 Enoch
866 1727 1022 1799 perspecta
1043 1719 1220 1793 habuerunt,
1244 1721 1294 1799 qui

76 1824 171 1884 munda
194 1837 224 1884 et
246 1823 399 1884 immunda
423 1831 567 1884 noverant
589 1822 814 1882 discernerere
836 1819 897 1881 lieo
919 1821 995 1900 grati
1016 1822 1083 1882 t'acti
1108 1830 1187 1882 sunt.
1234 1821 1292 1883 ua-

76 1923 132 1984 dem
159 1943 280 2006 quemue
309 1927 472 1988 instructus
495 1923 628 1984 doctrina
651 1923 722 1985 ubet
745 1923 915 2002 martyrium
938 1931 983 1984 est
1005 1941 1129 2003 passus,
1153 1923 1202 2003 qni
1224 1923 1378 2002 qui-una.

76 2025 131 2085 dem
157 2025 221 2106 ipae
249 2043 287 2088 ea
316 2025 352 2084 ab
374 2023 486 2086 delanio
509 2025 668 2097 didicerat;
698 2025 786 2086 Adam
809 2031 907 2086 autern
930 2023 1054 2104 abipso
1077 2023 1221 2098 domino,
1244 2025 1294 2104 qui

76 2145 130 2187 eum
152 2128 180 2188 iu
202 2129 263 2188 tine
290 2127 478 2188 saeculorum
500 2126 536 2186 ad
560 2127 771 2188 destruendum
793 2133 943 2205 peceatum
967 2127 1113 2200 venisset,
1136 2127 1193 2188 ait:
1225 2125 1294 2187 Nou

76 2229 236 2291 inundatum
260 2247 376 2316 noctem
399 2229 435 2289 dc
459 2229 552 2300 ondit,
575 2233 626 2290 ced
648 2229 823 2290 mondotum
845 2237 946 2300 uetus,
969 2227 1049 2308 qarod
1069 2231 1105 2290 od
1128 2231 1214 2290 initio
1237 2245 1294 2289 uu-

77 2329 162 2390 dr'stu.
205 2329 325 2392 Idcirco
355 2329 457 2390 eadem
486 2328 522 2389 ab
552 2348 588 2390 eo
619 2329 742 2390 edoctus
765 2329 868 2390 beatus
891 2327 1045 2408 apostotus
1068 2329 1193 2403 Paulus,
1227 2348 1293 2389 cunr

78 2433 164 2492 uruuia
192 2429 406 2494 Ecclesiastico
437 2430 669 2510 praescriberet,
704 2430 798 2490 noluit
826 2429 977 2492 Diaconos
1013 2429 1163 2509 multoque
1196 2431 1293 2492 minue

76 2531 229 2613 Episcopus
261 2532 412 2612 hilinones
441 2549 517 2592 esse.
564 2531 635 2592 Cum
665 2541 761 2592 autem
790 2531 868 2592 idern
891 2531 1007 2592 Galatas
1031 2529 1216 2610 obiurgaret,
1241 2547 1293 2608 ge-

77 2635 186 2695 neratim
208 2653 276 2696 rem
303 2634 360 2694 hoc
382 2633 470 2694 modo
492 2630 635 2707 definivit:
659 2631 695 2692 Se·
714 2637 780 2712 quie
803 2633 886 2693 vodis
903 2632 1156 2710 eoouyetizouerit
1170 2644 1297 2710 praeter

77 2735 103 2794 r'd
121 2737 195 2814 qnod
217 2739 391 2816 accepistis,
414 2734 572 2796 orrotderno
596 2737 645 2806 rit,
669 2737 747 2794 n'cut
765 2735 911 2812 praedici
931 2741 961 2793 et
983 2737 1094 2793 iterum
1116 2733 1192 2792 dico.
1237 2731 1297 2792 Sed

77 2834 134 2895 ticet
165 2855 222 2898 noe
257 2845 315 2896 aut
348 2833 480 2914 Anneius
509 2836 544 2896 de
573 2833 655 2896 coeto
684 2834 870 2914 euunyed'zet
897 2833 980 2894 oodr'e
1007 2843 1133 2914 praeter
1161 2833 1191 2893 r'd
1218 2831 1298 2912 quod

76 2941 239 3016 deceptatio,
272 2937 434 2998 unotderno
456 2940 506 2996 sit.
552 2935 634 3007 Quae
657 2953 723 2996 eum
746 2937 785 2995 ita
808 2934 966 2994 denunciet
987 2932 1163 3012 Apostolus,
1187 2933 1237 3006 vei
1255 2931 1296 2994 illi

77 3035 152 3112 igitur
172 3037 376 3109 Eusebianos,
398 3037 449 3116 qui
472 3043 583 3098 mutata
606 3037 751 3098 sententia
774 3037 829 3098 alia
852 3053 930 3097 nunc
951 3035 1059 3096 docent
1080 3053 1166 3114 quam
1190 3034 1296 3114 quibus

76 3138 288 3219 sorbseripsere
312 3139 495 3200 anathemate
518 3140 697 3216 percutiant:
727 3151 777 3199 aut
799 3137 824 3198 si
847 3145 1008 3214 agnoscant
1030 3145 1110 3198 recte
1132 3136 1197 3198 iilos
1220 3137 1294 3198 sub-

76 3241 246 3318 scripsisse,
294 3239 437 3302 adnotans
469 3247 579 3300 tourtam
618 3238 768 3318 synodum
801 3239 940 3300 desinant
974 3237 1092 3299 tandein
1125 3221 1296 3316 obganniie.

76 3341 153 3412 duod
181 3343 209 3404 si
241 3350 381 3404 neutrum
410 3341 500 3402 veiint
528 3359 633 3420 agere,
662 3348 774 3400 certum
808 3341 866 3400 erit
892 3348 1098 3416 argumentum
1126 3336 1193 3400 iilos
1216 3339 1297 3400 omni

77 3452 154 3504 rento
177 3453 207 3504 et
231 3445 325 3506 tinctu
348 3441 541 3510 circumferri,
564 3459 660 3520 neque
683 3441 814 3522 propriis
837 3441 890 3502 sed
912 3439 1015 3502 alienis
1037 3439 1103 3502 duci
1126 3442 1296 3503 seutentiis:

76 3545 120 3620 qui
139 3547 164 3606 si
188 3545 266 3606 tales
290 3544 415 3616 fuerint,
446 3561 541 3621 neque
564 3542 652 3603 etiarn
676 3560 764 3614 nunc,
788 3561 853 3604 oum
876 3541 1048 3604 huiusmodi
1071 3552 1225 3622 oplionunt
1246 3560 1297 3603 ra-

78 3643 176 3720 tiones,
199 3646 261 3708 utia
284 3645 342 3706 tide
363 3641 444 3724 digni
467 3649 538 3704 snut
559 3642 695 3704 trahendi.
731 3643 810 3716 Quin
833 3661 904 3721 ergo
926 3643 1026 3722 potius
1047 3663 1091 3716 ea,
1114 3661 1188 3723 (ntae
1211 3643 1299 3722 igno-

77 3755 143 3816 rant,
164 3755 291 3810 cessent
312 3744 475 3818 criminari,
498 3743 574 3804 sorte
597 3744 675 3806 euim
691 3745 759 3824 quid
775 3762 876 3805 rerum
893 3745 941 3817 sit,
965 3745 1103 3808 nesciunt
1117 3745 1298 3813 discernere,

78 3845 123 3904 sed
151 3847 270 3910 molum
298 3846 434 3925 imperite
464 3864 497 3907 ao
525 3854 635 3908 temere
663 3847 819 3927 appellent
848 3847 957 3908 donum
987 3857 1014 3907 et
1037 3847 1147 3908 donum
1167 3845 1298 3905 inuitem:

76 3965 207 4009 ememor
238 3947 326 4008 dulce
354 3966 418 4008 erre
446 3948 643 4011 arbitrentur
671 3959 700 4011 ct
727 3948 813 4009 dulce
834 3966 982 4008 umorum.
1027 3945 1102 4006 Hinc
1123 3954 1201 4005 certe
1225 3961 1300 4021 quae

77 4055 104 4104 ut
129 4047 206 4108 maia
238 4047 366 4110 iudicata
396 4058 466 4110 sunt
487 4057 516 4110 et
537 4047 709 4126 reprobata,
743 4067 777 4109 ea
798 4048 839 4110 illi
862 4048 918 4108 vim
941 4046 1051 4106 habeie
1074 4045 1190 4106 volunt:
1223 4063 1298 4123 quae

76 4153 166 4206 autem
194 4157 279 4210 recte
308 4157 377 4208 suut
405 4147 538 4218 decreta,
569 4147 787 4226 reprehendere
813 4149 957 4210 nituntur
1002 4147 1079 4206 Sanc
1108 4163 1163 4205 nec
1191 4145 1299 4224 aliquid

75 4299 100 4342 u
100 4301 165 4346 disto
185 4301 363 4350 accommodet„
398 4301 473 4350 Verba
483 4301 580 4350 ioannis
590 4307 660 4350 sttut
712 4317 765 4352 oum
781 4303 857 4350 teredo
867 4301 940 4358 oodn
960 4299 1001 4348 red
1012 4299 1144 4349 inundatum
1154 4306 1225 4360 retur
1238 4302 1300 4363 quod
1363 4303 1370 4318 ·

77 4357 119 4410 οὐκ
136 4359 254 4425 inodqr
269 4362 366 4427 καινὴν
355 4379 509 4484 7}on
505 4359 585 4446 ὑμῖν,
606 4357 659 4414 ἀλλ’
714 4371 827 4418 debuistis
853 4370 881 4416 ab
906 4367 990 4416 initio:
1020 4369 1153 4418 mundatum
1177 4375 1240 4416 notua
1266 4375 1299 4416 eat

77 4423 183 4510 ‘'⁹th’'
199 4423 369 4490 παλαιάν,“
352 4449 386 4512 t!
411 4447 494 4514 lara
494 4425 544 4482 oin
559 4425 660 4514 doxain·
713 4439 813 4494 eertum,
834 4435 896 4498 quod
913 4435 1021 4484 erudistis.

77 4489 204 4576 incid
232 4467 369 4582 §madiaci
387 4493 494 4550 ἔστινι
481 4515 496 4550 o
514 4495 609 4565 λόγος,
630 4515 663 4548 or
749 4518 769 4552 e.
788 4502 829 4550 Sic
847 4501 903 4563 Res.
922 4500 982 4550 [idid
1001 4517 1055 4552 voro
1075 4511 1098 4552 et
1116 4503 1156 4552 atti
1174 4491 1289 4566 μήτοιω

79 4531 205 4618 i⁸⁸¹5⁶⁸16
224 4559 662 4634 ‘’‘71'0't01dndonmondrtumeo
