3118 5052
239 330 303 404 ωδ
640 351 665 396 ε.
681 351 835 396 numan
851 349 1074 396 ιεεειτειεεαει

152 517 232 566 m.
241 500 359 572 ἐαυτὸν
387 497 467 588 ἄρα,
498 495 583 568 ἀλλὰ
604 498 661 566 διὰ
681 497 740 585 τήν
761 494 921 585 ἡμετέραν
944 487 1110 585 δωτηρίαν
1130 499 1186 564 καί
1208 495 1266 566 διά
1285 495 1326 564 τό
1348 521 1470 584 καταρ·

239 607 386 692 γήθήναι
413 601 471 668 τὸν
495 599 646 668 θάνατον
667 598 723 668 καλ
745 601 802 667 διά
823 597 862 666 τό
884 601 1126 688 κατακριθῆναι
1147 598 1205 685 τήν
1228 593 1395 686 ἁμαρτίαν
1415 603 1470 666 καί

238 703 298 772 διά
318 702 357 770 τό
379 697 568 788 ἀναβλέψαι
588 700 734 790 τυφλοὺς
754 703 809 769 καλ
832 699 943 768 διὰτὸ
958 697 1139 790 ἀναστῆναι
1154 699 1283 780 πάντας
1298 699 1334 767 ἐκ
1348 703 1470 787 νεκρῶν

240 803 410 895 ἐλήλυθεν.
445 803 493 872 ἐί
520 804 556 871 δέ
584 802 629 892 μή
659 799 700 870 δι’
725 800 842 870 ἑαυτὸν
866 800 1035 890 ἐλήλυθεν,
1059 797 1144 868 ἀλλὰ
1166 796 1208 868 δι’
1231 797 1318 888 ἡμᾶς
1324 851 1333 882 ,
1364 796 1406 868 σά
1428 801 1469 868 διΙ

240 905 357 976 ίαυτὸν
381 903 446 992 ἀρα
468 899 552 973 ἀλλὰ
575 900 616 972 δι’
640 899 728 992 ήμᾶς
748 903 900 984 κτίζεται.
942 902 973 971 εί
1002 904 1038 970 δέ
1061 899 1100 970 οό
1120 897 1164 970 ’δι’
1190 901 1306 971 ἐαυτὸν
1328 903 1472 984 κτίζεται

241 1001 326 1074 ἀλλὰ
348 1000 389 1073 δι’
413 1001 509 1092 ἡμᾶς,
534 1002 593 1074 οόκ
615 1005 704 1073 ἐστιν
727 1003 794 1091 άρα
814 999 914 1084 αότὸς
936 1009 1066 1089 κτίσμα,
1090 999 1175 1072 ἀλλὰ
1196 1002 1255 1091 τήν
1269 998 1363 1090 ήμῶν
1379 1002 1472 1072 ἐνδο-

239 1108 382 1193 σάμενος
404 1105 509 1192 σάρκα
529 1110 636 1174 ταῦτα
650 1107 753 1192 λέγει.
787 1103 844 1172 καὶ
866 1101 1061 1192 ότι-ταύτην
1083 1105 1142 1194 τὴν
1165 1105 1317 1173 διάνοιαν
1340 1106 1471 1188 ἔχουσιν

223 1209 276 1294 ,αί
302 1213 446 1296 γραφαί,
477 1207 550 1288 ἐξὸν
579 1206 674 1294 παρὰ
694 1211 754 1274 τοῦ
777 1201 969 1274 ἀποστόλου
990 1213 1134 1292 μαθεῖν·
1164 1204 1248 1296 φησὶ
1269 1205 1332 1295 γάρ
1354 1205 1412 1275 λέν
1433 1210 1471 1294 τῇ

238 1309 326 1396 πρός
344 1305 529 1398 Ἐφεσίους·
551 1308 591 1376 τὸ
612 1307 808 1395 μεσότοιχον
829 1311 889 1376 τοῦ
913 1311 1066 1397 φραγμοῦ
1082 1307 1194 1388 λύσας,
1210 1306 1268 1393 τήν
1284 1308 1422 1394 ἐχθρω,
1439 1308 1470 1376 ἐν

238 1414 279 1499 τῇ
310 1410 406 1497 σαρκὶ
436 1405 536 1478 αὗτοῦ
565 1410 623 1478 τόν
651 1409 753 1495 νόμον
780 1412 846 1477 τῶν
868 1409 1010 1477 ἐντολῶν
1033 1409 1067 1478 ἐν
1090 1409 1469 1498 δόγμασικαταργήσας,

238 1512 297 1580 ίνα
323 1512 401 1591 τοὺς
430 1510 488 1592 δύο
515 1519 609 1600 κτίσῃ
640 1511 674 1580 ἐν
696 1511 821 1599 οἐαυτῷ
845 1511 892 1590 είς
914 1511 972 1579 ἕνα
992 1510 1106 1579 καινὸν
1128 1509 1328 1598 άνθρωπον,
1360 1513 1470 1578 ποιῶν

240 1613 408 1702 είρήνηνψ.
441 1611 471 1682 εί
493 1614 530 1680 δέ
552 1613 587 1680 ἐν
608 1607 699 1701 αὐτῷ
719 1614 886 1694 κτέζονται
907 1614 940 1680 οί
963 1613 1037 1694 δύο,
1067 1610 1124 1680 καὶ
1146 1602 1240 1680 οὗτοί
1260 1611 1346 1680 εἰσιν
1368 1611 1406 1680 ἐν
1427 1615 1471 1698 τῷ

239 1714 371 1801 σώματι
400 1708 518 1796 αότοῢ,
548 1712 683 1794 εέκότως
706 1712 771 1801 άρα
793 1718 929 1803 ἐφορῶν
951 1713 1029 1794 τοὺς
1053 1713 1115 1782 δόο
1136 1714 1170 1782 ἐν
1193 1708 1281 1800 αδτῷ
1304 1709 1352 1792 ὥς
1374 1709 1471 1792 αι’ντός

239 1815 311 1884 ἐστι
332 1821 499 1894 κτισθείς·
522 1815 600 1895 τοὺς
620 1815 683 1903 γάρ
704 1821 904 1896 κτισθέντας
926 1815 960 1884 ἐν
983 1817 1088 1904 ἑαυτῷ
1106 1812 1223 1905 ήνωοε,
1246 1804 1357 1903 καλήν
1374 1810 1472 1892 αότός

208 1995 213 2000 .
239 1915 274 1984 ἐν
296 1910 411 1994 αὐτοῖς
433 1911 478 1995 ὥς
500 1917 628 1984 ἐκεῖνοι.
664 1913 751 1984 οότω
772 1918 827 1985 ’δὲ
848 1921 915 1984 τῶν
938 1917 997 1985 δύο
1019 1923 1223 1986 κτισθέντων
1238 1915 1273 1984 ἐν
1288 1909 1393 2002 αὐτῷ,
1417 1912 1472 2002 ἂρ

238 2015 407 2100 μοζόντως
429 2010 469 2082 ἀν
491 2016 596 2102 λέγοι·
618 2016 731 2106 κύριος
752 2018 861 2087 ἐκτισέ
879 2045 931 2105 με.
967 2013 1077 2104 όίςπερ
1098 2018 1160 2107 γάρ
1182 2016 1242 2096 τὰς
1255 2011 1350 2104 ήμῶν
1368 2012 1472 2086 άσθι·

238 2123 329 2196 νείας
350 2114 524 2202 δεχόμενος
546 2119 675 2206 λέγεται
696 2116 797 2200 αὐτὸς
811 2116 979 2202 ἀσθενεῖν,
1002 2128 1112 2190 καίτοι
1124 2120 1170 2208 μή
1186 2117 1343 2188 ἀσθενῶν
1358 2113 1466 2198 αάτός,

239 2217 378 2304 δύναμις
398 2218 460 2306 γάρ
483 2218 556 2286 ἐστι
575 2224 635 2286 τοῦ
656 2225 751 2303 θεοῦ,
776 2218 922 2309 ἁμαρτία
942 2248 979 2292 τε
1000 2217 1085 2308 ὑπὲρ
1107 2219 1200 2310 ήμῶν
1215 2227 1328 2308 γέγονε
1341 2221 1402 2289 καὶ
1415 2247 1471 2290 κσ-

158 2311 166 2320 ’
238 2319 338 2407 τάρα,
367 2327 478 2388 καίτοι
505 2320 550 2410 μή
581 2317 774 2410 ἁμαρτήσας
795 2319 912 2406 αότός,
942 2319 1011 2394 ἀλλ’
1037 2321 1092 2392 ότι
1111 2323 1172 2404 τάς
1194 2319 1360 2410 ἁμαρτίας
1382 2319 1472 2410 ήμῶν

238 2419 295 2488 καί
321 2419 381 2509 τήν
410 2420 556 2507 κατάραν
581 2425 592 2464 ¹
599 2422 780 2507 ἐβάστασεν
803 2421 919 2506 αὐτός·
949 2423 1055 2507 οὕτως
1076 2421 1163 2511 ήμάς
1186 2424 1220 2493 ἐν
1242 2419 1334 2513 αδτῷ
1356 2426 1473 2507 κτίζων

239 2523 359 2609 λεγέτω
382 2517 435 2590 ότι
455 2521 513 2590 καλ
534 2523 642 2592 ἐκτισί
662 2551 705 2611 με
727 2526 774 2606 εἷς
796 2526 874 2614 ἔργα
894 2533 1019 2595 καίτοι
1040 2534 1162 2612 κτίσμα
1181 2526 1227 2614 μή
1249 2520 1297 2594 τόν
1320 2521 1430 2606 αιίτός.

324 2630 375 2692 56.
416 2619 507 2693 Ἐπεί
539 2625 568 2693 εί
589 2621 657 2693 κατ’
683 2627 826 2707 ἐκείνους
848 2624 895 2708 υλς
915 2633 1048 2718 κτιστής
1071 2627 1171 2716 οὔσης
1192 2630 1251 2715 τής
1273 2623 1394 2708 οάσίας
1413 2629 1472 2694 τοῦ

237 2724 337 2814 λόγου
365 2728 467 2812 λέγει·
496 2725 609 2814 κύριος
637 2726 745 2794 ἐκτισέ
775 2745 833 2812 με,
861 2736 983 2815 κτίσμα
1010 2724 1056 2798 ὢν
1084 2724 1123 2797 οὗ
1146 2725 1187 2796 δι’
1211 2725 1299 2816 ἡμᾶς
1322 2728 1471 2816 ἐκτίσθη.

238 2819 286 2892 δι’
310 2821 397 2914 ἡμᾶς
427 2827 464 2895 δὲ
491 2826 536 2914 μή
557 2835 755 2908 κτισθέντσς
777 2825 893 2911 αὐτοῦ,
927 2825 985 2898 οάκ
1008 2831 1206 2919 ἐκτίσθήμεν
1229 2829 1264 2898 ἐν
1285 2826 1395 2918 αὐτῷ·
1428 2825 1474 2915 μή

238 2932 431 3006 κτισθέντες
453 2928 489 2995 δέ
512 2928 547 2996 ἐν
571 2924 661 3014 αὐτῷ
683 2927 741 2996 τάκ
764 2931 893 3016 εἴχομεν
915 2927 1016 2999 αὐτὸν
1039 2932 1073 3000 ἐν
1088 2933 1229 3012 ἑαυτοῖς,
1253 2926 1326 2998 ἀλλ’
1345 2931 1472 3013 ἔξωθεν

242 3026 388 3111 εἴχομεν,
411 3025 468 3112 ἐί
490 3027 557 3113 άρα
584 3024 662 3116 παρ’
693 3027 794 3098 αὐτοῦ
822 3032 882 3120 τήν
907 3032 1059 3121 μάθησιν
1082 3029 1250 3119 τάς-παράΔ
1266 3033 1472 3102 διδασκάλου

239 3124 435 3210 ἐδεξάμεθα.
479 3125 566 3196 οὕτω
594 3131 630 3198 δὲ
651 3129 745 3220 ήμῶν
768 3130 888 3214 όντων,
919 3128 1014 3202 οὐδέν
1035 3123 1135 3222 ἧττον
1157 3133 1261 3200 πάλιν
1281 3131 1303 3222 ή
1327 3132 1475 3220 άμαρτία

238 3221 298 3312 τής
325 3225 446 3314 σαρκός
467 3227 699 3314 1’ἐβασίλευσέν
722 3232 909 3319 ἐμμένουσα
929 3238 984 3302 καλ
1004 3235 1051 3324 μή
1074 3235 1276 3324 ἐκβληθεῖσα
1299 3236 1337 3317 ἐξ
1358 3231 1473 3323 αάιής.

152 3349 230 3396 εστι.
240 3322 324 3395 ἀλλὰ
346 3323 365 3394 δ
387 3322 577 3410 ἀπόστολος
601 3330 808 3402 ἐναντιοῦται
822 3335 954 3416 τούτοις
969 3336 1037 3425 πρὸ
1048 3333 1167 3423 ὀλίγων
1176 3337 1305 3404 τούτων
1317 3337 1477 3432 φάσκων·

205 3485 210 3494 .
239 3424 341 3496 αὐτοῦ
362 3428 424 3516 γάρ
448 3429 544 3515 ἐσμεν
566 3439 706 3522 ποίημα,
730 3441 922 3516 κτισθέντες
944 3436 979 3505 ἐν
1000 3442 1139 3525 Χριστῷ
1159 3435 1304 3527 Ἰησοῦ’).
1340 3439 1371 3508 εέ
1386 3441 1429 3507 δὲ
1445 3439 1479 3508 ἐν

237 3523 388 3618 ἰΧρὶστρλ
410 3527 506 3618 ἡμεῖς
527 3531 736 3624 ἐκτίσθημεν,
760 3531 818 3604 σόκ
841 3537 930 3606 ἐστιν
953 3535 1019 3625 ἀρα
1033 3533 1133 3618 αὐτὸς
1149 3535 1167 3606 ό
1181 3538 1384 3625 κνιζόμενος,
1402 3535 1475 3608 ἀλλ’

237 3823 239 3828 ,
306 3759 330 3818 ¹)
348 3755 438 3820 Ερὴιε.
457 3753 481 3816 2,
502 3756 541 3807 14.
561 3757 601 3808 15.
671 3758 697 3818 2)
715 3760 803 3824 Ephes.
822 3761 847 3823 2,
868 3761 907 3811 10.

234 3891 314 3942 ῦεῖιτί
325 3897 350 3939 εί
362 3890 419 3939 odili
431 3883 478 3937 διά
494 3884 527 3938 τό
544 3892 756 3959 καταργυθήναι
773 3889 824 3955 τήν
875 3888 930 3962 ἀρα
947 3890 980 3944 οδ
998 3887 1033 3944 δι’
1052 3890 1160 3953 ἑαυτόν,
1180 3888 1249 3946 ἀλλὰ
1265 3891 1301 3948 δι’
1317 3893 1332 3959 ή
1356 3897 1402 3954 ἃς.
1433 3903 1482 3952 Ge·

115 4000 120 4010 ,
234 3951 375 4026 δμαρτίαν
399 3959 499 4008 omissi·
522 3961 681 4010 intermediis·
717 3962 822 4013 Felckm.
875 3965 920 4014 teri
938 3973 962 4013 ει
980 3965 1037 4014 editi
1055 3957 1196 4026 ἐλήλυθεν·
1216 3958 1241 4016 τί
1259 3961 1289 4016 δὲ
1305 3983 1344 4034 μή
1363 3960 1484 4018 δι’έιιν·

233 4025 335 4076 Ηίιὶιῖ.
352 4023 533 4090 καταργῆσαι.
570 4027 628 4076 Rem
648 4028 705 4077 ibid.
724 4030 823 4079 Gobler.
874 4024 925 4078 τόν
941 4026 1068 4088 κτίζεται,
1089 4025 1156 4081 ἀλλὰ
1173 4023 1207 4082 δι’
1228 4027 1310 4101 ἡμᾶς,
1330 4027 1384 4084 αάιτ
1400 4029 1486 4086 ἔστιν

234 4101 258 4142 ιι
282 4093 387 4143 Felckm.
409 4094 429 4144 l.
452 4086 497 4141 καλ
521 4083 682 4158 ἀναβλέψαι.
724 4097 755 4146 Se
773 4112 825 4149 υεε.
876 4089 940 4164 ἀρα.

234 4159 323 4210 ἰέίιΙοαι
343 4151 498 4224 ἀναβλέψαι
515 4153 644 4227 τυφλούς,
663 4156 710 4210 καλ
727 4157 773 4212 δια
791 4158 823 4213 τό
910 4169 932 4216 b.
952 4167 1090 4220 Gobleriun.
1116 4177 1139 4219 ει
1161 4169 1270 4219 Felckm.
1292 4171 1313 4220 Ι.
1331 4173 1487 4238 λαυιγταιιε

234 4215 387 4286 άναστήναι
404 4239 449 4278 ειε.
485 4229 545 4278 Εδίιί
572 4239 595 4281 ει
612 4231 653 4281 alii
671 4223 825 4296 ἀναβλέψαι
875 4233 989 4285 omittunt
1006 4226 1086 4301 ἐν’τβ
1103 4228 1338 4301 πρότἘφεσίαυι.

235 4285 300 4345 τοὺς
317 4289 446 4360 τυφλούς,
464 4291 511 4344 καὶ
529 4287 689 4358 ἀναστῆναι.
913 4317 934 4351 ε.
953 4302 1053 4364 δεςυετ.
1071 4295 1101 4351 ἐν
1118 4294 1200 4368 αότρῖ.
1237 4303 1310 4355 fldem·
1323 4319 1382 4357 ιαοι
1396 4313 1489 4358 τιλτ-

270 4373 292 4409 a.
311 4363 352 4412 Sic
369 4365 470 4424 Sessuer.
491 4365 546 4427 Res.
566 4366 640 4416 Βαάλ.
661 4368 782 4430 Αυρῖῖιιυ.
803 4375 826 4419 ιι
876 4368 933 4430 alic.
961 4370 1101 4420 Goblerinn.
1125 4371 1231 4422 Felckm.
1253 4373 1275 4424 1.
1294 4372 1362 4423 ιιλ.
1385 4377 1490 4428 addunt

235 4425 341 4476 Felckm.
362 4429 385 4478 5,
427 4431 453 4480 ln
478 4433 578 4492 δερμα.
604 4444 683 4484 {nmen
708 4435 826 4485 υταλιιίιατ
875 4434 966 4484 ποιεῖν
982 4429 1102 4504 ιίρήνην,
1122 4439 1187 4504 quud
1206 4440 1230 4490 in
1249 4441 1303 4492 ιΙίίι
1320 4447 1342 4490 ει
1364 4444 1490 4496 editione

232 4487 352 4551 κτίζεται
370 4503 424 4546 unte
442 4489 467 4546 εί
484 4493 514 4546 δὲ
532 4490 565 4547 οδ
582 4491 616 4548 δι’
635 4494 734 4550 ἑαυτὸν
741 4497 825 4560 κτίζε·
876 4503 995 4554 Commel.
1014 4507 1093 4556 deest.

260 4573 288 4610 ··.
324 4564 380 4626 λιες.
399 4565 436 4614 sic
453 4567 510 4614 item
529 4567 595 4617 initio
618 4571 690 4620 Ιιευει
706 4566 824 4628 κτίζεται
909 4572 933 4622 δ.
952 4569 993 4624 Sic
1010 4573 1111 4637 Seguer.
1128 4571 1186 4638 Res.
1205 4573 1304 4626 Gobler.
1320 4549 1449 4634 felda.
1466 4585 1490 4634 1.
