3158 5050
510 339 618 384 omrro
634 339 671 382 ιν.
688 340 804 387 consus
818 340 954 384 somnos.
1260 325 1320 388 tot

77 493 205 572 ficium
224 509 285 574 pro
305 501 428 573 peccato
452 502 514 562 too,
538 499 567 553 ot
590 491 669 573 offer
691 490 900 554 holocaustum
923 503 1015 562 tuum,
1038 501 1067 555 ot
1089 493 1250 573 deprecere
1261 507 1406 575 prono-11.

87 607 120 658 te
147 605 180 658 ot
199 613 260 676 pro
284 596 369 656 domo
392 603 454 664 tuo,
478 604 505 656 et
526 593 577 672 foc
601 594 679 656 dono
697 594 814 674 populi,
838 603 866 656 ot
889 595 1050 673 deprecare
1068 613 1129 674 pro
1152 595 1224 666 illis,
1247 600 1325 658 sicut

80 701 257 778 proecepit
277 696 425 758 Dominus
449 693 556 774 Mopsi.
600 694 675 756 Ecce
697 695 745 756 blo
762 694 899 774 quamvis
921 712 997 756 unus
1020 695 1058 756 sit
1078 697 1203 776 Moyses,
1227 705 1323 758 umen

86 799 165 877 ipse
187 799 305 878 Moyses
327 797 407 860 velut
427 797 465 858 do
486 796 543 858 alio
558 797 658 875 hloyse
680 795 765 859 dicit:
787 801 867 860 sicut
884 802 1039 880 proecepit
1053 797 1199 862 Dominus
1215 797 1325 880 Mopsi.

90 900 149 962 Sic
179 917 250 978 ergo
279 898 395 960 etiamsi
423 897 527 960 beatus
549 898 656 960 Petrus
684 898 815 960 moinum
842 898 970 960 Verbum
999 898 1066 960 liliis
1087 899 1179 962 lsrael
1200 919 1254 980 per
1273 900 1322 967 le-.

92 1020 169 1062 sum
192 1001 342 1062 Christum
364 999 492 1062 missum
515 1019 581 1064 esse
603 1000 690 1074 dieat,
713 1019 775 1062 nou
788 1001 903 1064 idcirco
919 1001 1146 1068 existimandum
1168 1011 1224 1074 est,
1247 1001 1324 1064 ahud

93 1121 169 1166 esse
191 1102 319 1165 Verbum
341 1112 370 1165 et
391 1101 480 1164 olium
503 1121 571 1166 esse
586 1101 745 1178 Christum,
767 1103 821 1164 sed
843 1121 933 1166 unum
950 1103 1134 1184 eundemque
1149 1121 1227 1178 esse,
1249 1122 1322 1183 pro-

93 1213 169 1284 pter
191 1223 276 1268 suam
298 1223 405 1286 nempe
426 1223 494 1266 curn
516 1205 642 1266 humana
664 1214 786 1279 notura,
808 1223 895 1284 quem
917 1205 1014 1268 diviua
1034 1207 1122 1286 plane
1143 1204 1323 1284 benignitate

95 1315 131 1367 et
153 1307 308 1370 clementia
330 1307 489 1380 assumsit,
506 1307 772 1382 'coniunctionem
806 1307 856 1388 qui
879 1307 905 1368 si
928 1309 1016 1370 etiam
1038 1306 1192 1388 dupliciter
1213 1305 1323 1368 intelli-

95 1416 203 1486 gatur,
226 1408 349 1470 nonita
371 1415 485 1482 umen,
515 1417 547 1470 ut
569 1408 695 1471 Verbum
719 1419 886 1489 separatum
909 1409 1107 1490 concipiatur,
1131 1408 1217 1481 sicuti
1239 1408 1326 1470 docet

97 1509 219 1574 divinus
242 1509 369 1572 loannes
391 1529 457 1572 oum
480 1509 536 1572 ait:
565 1509 603 1573 lit
628 1509 753 1578 Verbum
776 1530 848 1574 coro
870 1513 1054 1592 factumest
1076 1522 1105 1574 οι
1127 1512 1326 1576 hobitooitin

97 1613 201 1674 nobis.
244 1612 345 1693 ltaque
367 1611 606 1692 quandoquidem
627 1612 668 1687 id,
691 1612 770 1692 quod
792 1613 941 1693 praedare
963 1632 998 1676 ac
1017 1621 1098 1678 recte
1120 1633 1137 1676 u
1158 1613 1245 1676 beato
1265 1613 1324 1676 Pe·

97 1721 150 1775 tro
173 1715 283 1778 dictum
312 1723 374 1788 est,
404 1714 480 1776 male
508 1733 543 1776 ac
568 1733 708 1794 perverso
737 1715 904 1794 intelhgunt
930 1715 1151 1779 samosatensis
1180 1714 1325 1796 discipuli,

98 1823 184 1896 patet
205 1815 272 1878 illos
295 1817 325 1878 in
348 1817 469 1879 veritate
491 1835 551 1878 non
575 1824 664 1878 stare.
709 1817 840 1896 lVamque
862 1817 1000 1881 Christus
1023 1819 1053 1878 in
1075 1817 1224 1900 Scriptura
1242 1833 1326 1878 sacra

96 1925 259 1998 utrumque
281 1937 347 1980 esso
368 1917 558 2000 significatur,
581 1927 614 1982 ut
635 1937 701 1981 oum
724 1918 844 1980 dicitur:
869 1921 1008 1984 Christos
1027 1920 1084 1984 Dei
1104 1925 1203 1983 virtus
1227 1929 1255 1983 et
1268 1919 1328 1982 hot

99 2024 260 2100 supientia.
305 2020 448 2094 Quocirca
470 2039 537 2084 cum
558 2021 665 2084 Petrus
688 2020 729 2084 ait
750 2021 879 2084 Verbum
899 2041 954 2102 per
964 2023 1067 2086 desum
1083 2022 1233 2084 Christum
1247 2021 1324 2084 mis·

101 2137 172 2183 sum
200 2141 267 2184 esse
294 2123 331 2184 ad
360 2122 436 2184 lilios
458 2122 567 2196 Israel,
595 2123 654 2184 hoc
681 2123 811 2186 indicare
838 2123 1033 2203 intelligatur,
1063 2143 1171 2204 nempe
1198 2122 1325 2187 Verbum

101 2239 221 2286 carnem
244 2226 352 2286 lactum
379 2225 447 2286 liliis
468 2224 560 2288 lsrael
582 2224 768 2304 apparuisse,
789 2235 823 2288 ut
843 2226 948 2288 loanni
970 2217 1116 2290 consonet
1138 2225 1260 2288 dicenti:
1288 2223 1327 2287 Et

107 2324 233 2400 Verbum
256 2345 328 2390 coro
349 2327 466 2406 sontum
487 2337 540 2390 ost.
587 2325 619 2388 Si
646 2345 717 2388 vero
739 2327 849 2390 dictum
870 2327 941 2390 illud
964 2329 1049 2392 aliter
1070 2335 1227 2408 exponant,
1250 2326 1325 2388 Ver-

99 2425 231 2506 bumque
253 2427 383 2490 divinum
406 2447 475 2490 esse
497 2429 540 2492 uti
562 2446 664 2490 revera
686 2435 734 2490 ost
754 2429 929 2492 confitentes
952 2437 1118 2494 assumtum
1133 2429 1169 2492 ab
1184 2429 1251 2510 ipso
1267 2428 1324 2488 ho-

102 2527 232 2603 minem,
266 2530 312 2592 cui
334 2530 523 2592 coniunctum
552 2549 619 2592 esse
641 2531 786 2605 creditur,
816 2531 852 2592 ab
874 2550 911 2593 eo
933 2531 1024 2594 velint
1045 2549 1198 2612 separare,
1227 2530 1408 2610 ipsumhoc.

105 2629 216 2692 aientes
236 2647 290 2710 per
310 2630 410 2696 lesum
426 2615 574 2694 Christum
589 2633 714 2694 missum
737 2652 816 2708 esse,
839 2653 910 2696 sano
933 2651 966 2696 se
987 2633 1146 2716 pugnantia
1168 2631 1251 2711 loqui
1265 2649 1325 2692 non

106 2731 266 2794 attendunt.
312 2732 369 2806 Qui
392 2733 471 2796 onim
497 2733 556 2796 hoc
582 2735 612 2796 in
640 2734 707 2796 loco
729 2733 859 2796 divinum
882 2734 1010 2798 Verbum
1033 2753 1050 2794 a
1071 2731 1169 2798 divina
1190 2733 1326 2795 incarna-

106 2829 186 2894 tione
207 2833 376 2913 seiungunt,
397 2835 476 2898 idom
499 2836 598 2916 ipsum
620 2836 807 2898 imminutum
828 2843 953 2918 putant,
975 2855 1041 2900 eum
1064 2835 1187 2898 audiunt
1207 2851 1324 2896 carnem

105 2933 211 2996 lactum
233 2954 316 3010 esse,
338 2937 523 3019 proindeque
545 2939 623 3001 idem
653 2929 775 3000 omnino
803 2939 936 3002 sentiunt
956 2957 990 3001 ao
1012 2937 1158 3012 Gentiles,
1186 2937 1231 3000 uti
1253 2953 1326 2998 sene

106 3035 251 3112 sentiunt,
283 3057 349 3102 oum
376 3040 504 3104 diuinum
531 3041 767 3104 incarnationem
793 3042 988 3104 mutationem
1009 3039 1096 3102 Verbi
1124 3057 1192 3102 esso
1221 3037 1325 3120 suspi-

107 3144 215 3200 cantur.

187 3343 237 3408 ³2.
282 3342 388 3406 Verum
412 3363 472 3406 uon
495 3345 535 3408 ita
557 3353 619 3420 ost;
647 3345 734 3408 absit
780 3345 1036 3419 Quemadmodum
1064 3343 1142 3409 enim
1164 3344 1326 3426 inexplica-

105 3441 190 3506 bilem
214 3444 354 3510 unionetn
376 3445 427 3508 htc
446 3446 597 3527 praedicat
618 3447 756 3523 loannes,
778 3448 919 3529 absorpto
942 3449 1079 3512 videlicet
1098 3447 1216 3510 mortali
1237 3446 1326 3508 avita

108 3553 136 3606 et
155 3544 189 3606 nb
212 3565 258 3619 eo,
282 3547 331 3626 qui
354 3548 418 3628 ipsa
440 3567 494 3628 per
516 3569 549 3612 se
572 3558 618 3612 est
639 3551 714 3626 vito,
732 3559 764 3612 nt
784 3549 849 3630 ipse
871 3551 907 3612 ad
930 3551 1073 3612 llartbam
1096 3550 1152 3612 ait:
1175 3549 1236 3630 llpo
1258 3565 1326 3610 oum

108 3649 184 3732 eito3
206 3646 246 3707 ita
269 3666 334 3710 oum
355 3649 460 3712 beatus
483 3651 589 3712 Petrus
613 3651 739 3714 Verbum
763 3671 817 3730 per
834 3653 931 3714 lesum
947 3649 1095 3714 Christum
1117 3649 1240 3712 missum
1256 3664 1325 3709 esso

110 3744 192 3820 dixit,
222 3748 350 3812 divinam
373 3753 437 3814 eius
461 3752 634 3832 significavit
656 3753 808 3814 ursionem.
851 3739 925 3814 Nam
947 3760 979 3814 ιιι
1000 3752 1037 3826 is,
1060 3749 1109 3832 qui
1131 3748 1227 3811 audit:
1254 3747 1325 3809 Ver·

111 3843 176 3906 bum
203 3867 273 3912 coro
302 3854 417 3933 suctum
445 3868 506 3929 est,
540 3872 600 3914 non
631 3853 740 3916 idcirco
770 3854 928 3917 arbitratur
955 3853 1082 3916 Verbum
1111 3848 1236 3944 amplius
1263 3863 1325 3908 non

110 3963 187 4020 esse,
211 3949 290 4026 quod
313 3963 390 4015 certe
411 3955 627 4035 perabsurdum
649 3965 711 4032 est,
733 3957 777 4019 uti
800 3955 944 4032 diximum
975 3956 1014 4018 ita
1036 3953 1086 4034 qui
1108 3950 1236 4014 Verbum
1258 3967 1325 4010 cum

111 4169 215 4217 omittunt
233 4159 324 4218 αὐτόν.
362 4171 413 4222 Μοι
432 4173 488 4237 lleg.
507 4183 530 4225 et
547 4177 688 4238 Segrterisu.
773 4190 796 4237 p.
814 4176 855 4226 Sic
873 4177 929 4238 lieu.
948 4183 972 4225 et
989 4175 1087 4236 Seouer.
1122 4173 1150 4222 tt
1168 4169 1208 4220 olii
1227 4177 1249 4219 et
1268 4168 1325 4220 editi

111 4230 294 4302 pdeyyo'psvoo
317 4229 348 4286 οὗ
371 4239 490 4292 νοοῦσιν.
521 4235 549 4292 oi
568 4239 624 4309 γάρ
643 4253 688 4294 otc.
739 4239 790 4302 τὴν
799 4233 990 4312 ἀνίκᾳραστον
1002 4237 1131 4308 γέννησιν
1141 4231 1262 4288 ἐνταῦθα
1270 4227 1326 4284 'lco-

111 4303 150 4352 llll
175 4313 196 4354 ot
223 4307 279 4357 editi
306 4298 337 4356 οὗ
362 4311 474 4361 omittunt
496 4319 550 4362 ente
568 4311 687 4362 νοοῦσιν.
740 4307 829 4372 sirone.
1189 4305 1198 4328 ³

111 4371 199 4424 Cohler.
218 4383 297 4424 sotem
317 4385 340 4426 et
358 4377 463 4429 Folclm.
485 4378 506 4428 l.
526 4379 613 4430 liabent
630 4383 687 4430 ibid.
773 4381 797 4428 h.
817 4381 872 4438 ileo.
892 4385 915 4428 et
933 4377 1032 4440 Sepuer.
1049 4367 1119 4443 nobe
1134 4368 1186 4436 τὴν
1202 4365 1325 4440 Μάρθαν

112 4431 136 4484 ol
150 4432 200 4509 γάρ
219 4450 263 4493 otc.
299 4443 370 4494 Besil.
391 4455 414 4494 ot
432 4446 500 4508 topi.
519 4435 552 4494 do
567 4441 622 4514 γάρ
641 4459 686 4500 otc.
739 4437 830 4504 abror,
850 4439 905 4514 ἐγώ
921 4439 977 4514 εἰμι
995 4437 1009 4506 ἦ
1029 4439 1093 4504 ζωὴ,
1112 4435 1206 4509 λέγων.

113 4505 181 4559 Ceteri
199 4517 222 4559 et
240 4511 296 4560 editi
315 4502 347 4558 οὗ
364 4505 419 4579 γάρ
439 4523 483 4566 etc.
773 4517 788 4566 i.
813 4517 884 4568 Gobl.
903 4510 1011 4582 νομίσῃ.
1049 4515 1102 4566 llos
1119 4514 1218 4579 Soguor.
1238 4501 1324 4576 ὥςπερ

142 4575 159 4626 l.
174 4577 243 4628 l'orte
262 4570 291 4627 οἳ
305 4573 368 4650 γάρ.
738 4573 850 4636 ἄτοπον.
1019 4597 1026 4608 ·

143 4661 262 4710 ιιιιιιιοιι
272 4677 325 4712 ons.
335 4680 405 4713 noos.
418 4681 467 4714 nt.
