<?xml version="1.0" encoding="UTF-8"?>
<!DOCTYPE html PUBLIC "-//W3C//DTD XHTML 1.0 Transitional//EN"
    "http://www.w3.org/TR/xhtml1/DTD/xhtml1-transitional.dtd">
<html xmlns="http://www.w3.org/1999/xhtml" xml:lang="en" lang="en">
 <head>
  <title>
</title>
<meta http-equiv="Content-Type" content="text/html;charset=utf-8" />
  <meta name='ocr-system' content='tesseract 3.04.00' />
  <meta name='ocr-capabilities' content='ocr_page ocr_carea ocr_par ocr_line ocrx_word'/>
</head>
<body>
  <div class='ocr_page' id='page_1' title='image "./sanctiathanasii01athagoog_0652.png"; bbox 0 0 3158 5050; ppageno 0'>
   <div class='ocr_carea' id='block_1_1' title="bbox 535 339 1350 401">
    <p class='ocr_par' dir='ltr' id='par_1_1' title="bbox 535 339 1350 401">
     <span class='ocr_line' id='line_1_1' title="bbox 535 339 1350 401; baseline 0.009 -7"><span class='ocrx_word' id='word_1_1' title='bbox 535 349 643 394; x_wconf 82' lang='lat' dir='ltr'>onnrro</span> <span class='ocrx_word' id='word_1_2' title='bbox 660 349 696 393; x_wconf 78' lang='grc' dir='ltr'>ιι.</span> <span class='ocrx_word' id='word_1_3' title='bbox 715 349 829 394; x_wconf 81' lang='lat' dir='ltr'>conrnn</span> <span class='ocrx_word' id='word_1_4' title='bbox 846 350 981 394; x_wconf 77' lang='lat' dir='ltr'>anianus.</span> <span class='ocrx_word' id='word_1_5' title='bbox 1290 339 1350 401; x_wconf 81' lang='lat'>605</span> 
     </span>
    </p>
   </div>
   <div class='ocr_carea' id='block_1_2' title="bbox 56 499 1499 2919">
    <p class='ocr_par' dir='ltr' id='par_1_2' title="bbox 121 499 1499 1702">
     <span class='ocr_line' id='line_1_2' title="bbox 123 499 1440 580; baseline -0.002 -14"><span class='ocrx_word' id='word_1_6' title='bbox 123 500 202 566; x_wconf 88' lang='lat' dir='ltr'>suri:</span> <span class='ocrx_word' id='word_1_7' title='bbox 227 500 300 576; x_wconf 72' lang='lat' dir='ltr'>„lla</span> <span class='ocrx_word' id='word_1_8' title='bbox 324 517 399 580; x_wconf 86' lang='lat' dir='ltr'>quae</span> <span class='ocrx_word' id='word_1_9' title='bbox 421 499 579 580; x_wconf 76' lang='lat' dir='ltr'>gignimus,</span> <span class='ocrx_word' id='word_1_10' title='bbox 602 519 664 562; x_wconf 90' lang='lat' dir='ltr'>non</span> <span class='ocrx_word' id='word_1_11' title='bbox 685 499 844 562; x_wconf 84' lang='lat' dir='ltr'>voluntatis</span> <span class='ocrx_word' id='word_1_12' title='bbox 868 509 947 573; x_wconf 87' lang='lat' dir='ltr'>sunt,</span> <span class='ocrx_word' id='word_1_13' title='bbox 970 499 1132 562; x_wconf 80' lang='lat' dir='ltr'>scdncstri</span> <span class='ocrx_word' id='word_1_14' title='bbox 1150 511 1220 565; x_wconf 90' lang='lat' dir='ltr'>sunt</span> <span class='ocrx_word' id='word_1_15' title='bbox 1235 504 1440 576; x_wconf 69' lang='lat' dir='ltr'>similimum,</span> 
     </span>
     <span class='ocr_line' id='line_1_3' title="bbox 124 593 1499 687; baseline 0.001 -21"><span class='ocrx_word' id='word_1_16' title='bbox 124 623 251 686; x_wconf 76' lang='lat' dir='ltr'>„neque</span> <span class='ocrx_word' id='word_1_17' title='bbox 277 603 361 682; x_wconf 89' lang='lat' dir='ltr'>prius</span> <span class='ocrx_word' id='word_1_18' title='bbox 387 602 580 664; x_wconf 88' lang='lat' dir='ltr'>deliberando</span> <span class='ocrx_word' id='word_1_19' title='bbox 601 610 702 682; x_wconf 89' lang='lat' dir='ltr'>patres</span> <span class='ocrx_word' id='word_1_20' title='bbox 726 602 886 674; x_wconf 80' lang='lat' dir='ltr'>efficimur,</span> <span class='ocrx_word' id='word_1_21' title='bbox 911 603 962 664; x_wconf 91' lang='lat' dir='ltr'>sed</span> <span class='ocrx_word' id='word_1_22' title='bbox 986 603 1107 681; x_wconf 80' lang='lat' dir='ltr'>gignere</span> <span class='ocrx_word' id='word_1_23' title='bbox 1128 605 1284 683; x_wconf 86' lang='lat' dir='ltr'>proprium</span> <span class='ocrx_word' id='word_1_24' title='bbox 1307 593 1354 668; x_wconf 74' lang='lat' dir='ltr'>es&#39;t</span> <span class='ocrx_word' id='word_1_25' title='bbox 1396 675 1403 687; x_wconf 51' lang='grc'><strong>,</strong></span> <span class='ocrx_word' id='word_1_26' title='bbox 1494 665 1499 674; x_wconf 84' lang='grc'><strong>,</strong></span> 
     </span>
     <span class='ocr_line' id='line_1_4' title="bbox 123 701 1406 794; baseline 0 -26"><span class='ocrx_word' id='word_1_27' title='bbox 123 715 284 782; x_wconf 68' lang='lat' dir='ltr'>„naturae</span> <span class='ocrx_word' id='word_1_28' title='bbox 308 701 547 784; x_wconf 76' lang='lat' dir='ltr'>qrrandoquidem</span> <span class='ocrx_word' id='word_1_29' title='bbox 568 722 626 766; x_wconf 90' lang='lat' dir='ltr'>nos</span> <span class='ocrx_word' id='word_1_30' title='bbox 649 721 767 783; x_wconf 83' lang='lat' dir='ltr'>qnoque</span> <span class='ocrx_word' id='word_1_31' title='bbox 790 703 847 784; x_wconf 89' lang='lat' dir='ltr'>ipsi</span> <span class='ocrx_word' id='word_1_32' title='bbox 869 711 1026 783; x_wconf 90' lang='lat' dir='ltr'>parentum</span> <span class='ocrx_word' id='word_1_33' title='bbox 1050 723 1154 766; x_wconf 90' lang='lat' dir='ltr'>sumus</span> <span class='ocrx_word' id='word_1_34' title='bbox 1176 706 1353 786; x_wconf 84' lang='lat' dir='ltr'>imagines.“</span> <span class='ocrx_word' id='word_1_35' title='bbox 1401 782 1406 794; x_wconf 34' lang='lat'>⁸</span> 
     </span>
     <span class='ocr_line' id='line_1_5' title="bbox 123 803 1353 887; baseline -0.001 -17"><span class='ocrx_word' id='word_1_36' title='bbox 123 809 176 870; x_wconf 87' lang='lat' dir='ltr'>Vel</span> <span class='ocrx_word' id='word_1_37' title='bbox 199 826 271 887; x_wconf 87' lang='lat' dir='ltr'>ergo</span> <span class='ocrx_word' id='word_1_38' title='bbox 294 806 414 884; x_wconf 89' lang='lat' dir='ltr'>seipsos</span> <span class='ocrx_word' id='word_1_39' title='bbox 437 805 646 879; x_wconf 79' lang='lat' dir='ltr'>condemnent,</span> <span class='ocrx_word' id='word_1_40' title='bbox 670 813 700 865; x_wconf 89' lang='lat' dir='ltr'>et</span> <span class='ocrx_word' id='word_1_41' title='bbox 721 805 861 868; x_wconf 88' lang='lat' dir='ltr'>mulieres</span> <span class='ocrx_word' id='word_1_42' title='bbox 884 805 921 867; x_wconf 92' lang='lat' dir='ltr'>de</span> <span class='ocrx_word' id='word_1_43' title='bbox 935 803 1010 867; x_wconf 85' lang='lat' dir='ltr'>Filio</span> <span class='ocrx_word' id='word_1_44' title='bbox 1026 805 1078 873; x_wconf 82' lang='lat' dir='ltr'>llei</span> <span class='ocrx_word' id='word_1_45' title='bbox 1102 807 1237 868; x_wconf 81' lang='lat' dir='ltr'>desinant</span> <span class='ocrx_word' id='word_1_46' title='bbox 1258 808 1353 870; x_wconf 90' lang='lat' dir='ltr'>inter-</span> 
     </span>
     <span class='ocr_line' id='line_1_6' title="bbox 121 903 1354 989; baseline 0.002 -17"><span class='ocrx_word' id='word_1_47' title='bbox 121 922 248 989; x_wconf 79' lang='lat' dir='ltr'>rognre3</span> <span class='ocrx_word' id='word_1_48' title='bbox 270 907 316 970; x_wconf 85' lang='lat' dir='ltr'>vel</span> <span class='ocrx_word' id='word_1_49' title='bbox 338 917 420 970; x_wconf 87' lang='lat' dir='ltr'>certo</span> <span class='ocrx_word' id='word_1_50' title='bbox 440 905 477 968; x_wconf 90' lang='lat' dir='ltr'>ab</span> <span class='ocrx_word' id='word_1_51' title='bbox 498 905 573 986; x_wconf 86' lang='lat' dir='ltr'>ipsis</span> <span class='ocrx_word' id='word_1_52' title='bbox 596 903 721 980; x_wconf 83' lang='lat' dir='ltr'>discant,</span> <span class='ocrx_word' id='word_1_53' title='bbox 745 923 807 986; x_wconf 81' lang='lat' dir='ltr'>non</span> <span class='ocrx_word' id='word_1_54' title='bbox 829 907 979 970; x_wconf 85' lang='lat' dir='ltr'>voluntate</span> <span class='ocrx_word' id='word_1_55' title='bbox 1002 907 1055 968; x_wconf 86' lang='lat' dir='ltr'>scd</span> <span class='ocrx_word' id='word_1_56' title='bbox 1078 913 1182 970; x_wconf 76' lang='lat' dir='ltr'>nature</span> <span class='ocrx_word' id='word_1_57' title='bbox 1206 919 1236 969; x_wconf 89' lang='lat' dir='ltr'>et</span> <span class='ocrx_word' id='word_1_58' title='bbox 1249 928 1354 974; x_wconf 84' lang='lat' dir='ltr'>revera</span> 
     </span>
     <span class='ocr_line' id='line_1_7' title="bbox 122 1007 1365 1092; baseline -0.002 -18"><span class='ocrx_word' id='word_1_59' title='bbox 122 1012 217 1076; x_wconf 77' lang='lat' dir='ltr'>utum</span> <span class='ocrx_word' id='word_1_60' title='bbox 242 1010 335 1092; x_wconf 72' lang='lat' dir='ltr'>gigni.</span> <span class='ocrx_word' id='word_1_61' title='bbox 376 1010 509 1088; x_wconf 62' lang='lat' dir='ltr'>Aequum</span> <span class='ocrx_word' id='word_1_62' title='bbox 539 1007 619 1070; x_wconf 89' lang='lat' dir='ltr'>enim</span> <span class='ocrx_word' id='word_1_63' title='bbox 647 1018 694 1070; x_wconf 87' lang='lat' dir='ltr'>est</span> <span class='ocrx_word' id='word_1_64' title='bbox 722 1026 774 1071; x_wconf 86' lang='lat' dir='ltr'>eos</span> <span class='ocrx_word' id='word_1_65' title='bbox 803 1009 985 1090; x_wconf 76' lang='lat' dir='ltr'>argumentis</span> <span class='ocrx_word' id='word_1_66' title='bbox 1016 1029 1049 1070; x_wconf 83' lang='lat' dir='ltr'>ex</span> <span class='ocrx_word' id='word_1_67' title='bbox 1072 1009 1226 1080; x_wconf 83' lang='lat' dir='ltr'>bominum</span> <span class='ocrx_word' id='word_1_68' title='bbox 1249 1019 1365 1085; x_wconf 77' lang='lat' dir='ltr'>natura</span> 
     </span>
     <span class='ocr_line' id='line_1_8' title="bbox 123 1109 1354 1197; baseline 0.001 -23"><span class='ocrx_word' id='word_1_69' title='bbox 123 1115 226 1197; x_wconf 72' lang='lat' dir='ltr'>petitis</span> <span class='ocrx_word' id='word_1_70' title='bbox 248 1111 354 1184; x_wconf 81' lang='lat' dir='ltr'>rotelli,</span> <span class='ocrx_word' id='word_1_71' title='bbox 377 1110 428 1192; x_wconf 91' lang='lat' dir='ltr'>qui</span> <span class='ocrx_word' id='word_1_72' title='bbox 449 1111 578 1172; x_wconf 83' lang='lat' dir='ltr'>numana</span> <span class='ocrx_word' id='word_1_73' title='bbox 600 1111 637 1172; x_wconf 87' lang='lat' dir='ltr'>de</span> <span class='ocrx_word' id='word_1_74' title='bbox 659 1109 812 1172; x_wconf 88' lang='lat' dir='ltr'>divinitate</span> <span class='ocrx_word' id='word_1_75' title='bbox 834 1111 970 1190; x_wconf 87' lang='lat' dir='ltr'>improbe</span> <span class='ocrx_word' id='word_1_76' title='bbox 987 1111 1127 1190; x_wconf 88' lang='lat' dir='ltr'>cogitant.</span> <span class='ocrx_word' id='word_1_77' title='bbox 1172 1113 1250 1186; x_wconf 85' lang='lat' dir='ltr'>Quid</span> <span class='ocrx_word' id='word_1_78' title='bbox 1265 1113 1354 1192; x_wconf 88' lang='lat' dir='ltr'>igitur</span> 
     </span>
     <span class='ocr_line' id='line_1_9' title="bbox 122 1211 1355 1279; baseline -0.002 -1"><span class='ocrx_word' id='word_1_79' title='bbox 122 1217 224 1278; x_wconf 88' lang='lat' dir='ltr'>adbuc</span> <span class='ocrx_word' id='word_1_80' title='bbox 247 1213 402 1276; x_wconf 73' lang='lat' dir='ltr'>insoniunt</span> <span class='ocrx_word' id='word_1_81' title='bbox 428 1212 538 1274; x_wconf 76' lang='lat' dir='ltr'><strong>Christi</strong></span> <span class='ocrx_word' id='word_1_82' title='bbox 567 1211 696 1274; x_wconf 87' lang='lat' dir='ltr'>bostes‘l</span> <span class='ocrx_word' id='word_1_83' title='bbox 739 1212 813 1274; x_wconf 88' lang='lat' dir='ltr'>Nam</span> <span class='ocrx_word' id='word_1_84' title='bbox 841 1212 919 1276; x_wconf 89' lang='lat' dir='ltr'>hanc</span> <span class='ocrx_word' id='word_1_85' title='bbox 948 1213 1065 1275; x_wconf 91' lang='lat' dir='ltr'>illorum</span> <span class='ocrx_word' id='word_1_86' title='bbox 1094 1213 1240 1279; x_wconf 90' lang='lat' dir='ltr'>rationem</span> <span class='ocrx_word' id='word_1_87' title='bbox 1271 1225 1304 1277; x_wconf 90' lang='lat' dir='ltr'>ut</span> <span class='ocrx_word' id='word_1_88' title='bbox 1326 1225 1355 1276; x_wconf 87' lang='lat' dir='ltr'>et</span> 
     </span>
     <span class='ocr_line' id='line_1_10' title="bbox 123 1313 1353 1383; baseline -0.004 0"><span class='ocrx_word' id='word_1_89' title='bbox 123 1318 197 1383; x_wconf 80' lang='lat' dir='ltr'>elios</span> <span class='ocrx_word' id='word_1_90' title='bbox 220 1327 325 1378; x_wconf 86' lang='lat' dir='ltr'>omnes</span> <span class='ocrx_word' id='word_1_91' title='bbox 349 1314 536 1380; x_wconf 76' lang='lat' dir='ltr'>ostendimus</span> <span class='ocrx_word' id='word_1_92' title='bbox 559 1333 593 1376; x_wconf 88' lang='lat' dir='ltr'>ac</span> <span class='ocrx_word' id='word_1_93' title='bbox 614 1313 796 1376; x_wconf 85' lang='lat' dir='ltr'>convicimus</span> <span class='ocrx_word' id='word_1_94' title='bbox 819 1315 892 1376; x_wconf 90' lang='lat' dir='ltr'>nihil</span> <span class='ocrx_word' id='word_1_95' title='bbox 914 1315 973 1378; x_wconf 91' lang='lat' dir='ltr'>uisi</span> <span class='ocrx_word' id='word_1_96' title='bbox 994 1313 1107 1378; x_wconf 84' lang='lat' dir='ltr'>tabulas</span> <span class='ocrx_word' id='word_1_97' title='bbox 1130 1325 1159 1378; x_wconf 88' lang='lat' dir='ltr'>et</span> <span class='ocrx_word' id='word_1_98' title='bbox 1173 1335 1255 1377; x_wconf 91' lang='lat' dir='ltr'>mera</span> <span class='ocrx_word' id='word_1_99' title='bbox 1270 1335 1353 1378; x_wconf 89' lang='lat' dir='ltr'>com-</span> 
     </span>
     <span class='ocr_line' id='line_1_11' title="bbox 123 1416 1354 1498; baseline 0.003 -18"><span class='ocrx_word' id='word_1_100' title='bbox 123 1427 225 1480; x_wconf 84' lang='lat' dir='ltr'>menta</span> <span class='ocrx_word' id='word_1_101' title='bbox 248 1435 326 1479; x_wconf 84' lang='lat' dir='ltr'>esse.</span> <span class='ocrx_word' id='word_1_102' title='bbox 373 1417 449 1478; x_wconf 88' lang='lat' dir='ltr'>Sero</span> <span class='ocrx_word' id='word_1_103' title='bbox 471 1416 563 1494; x_wconf 89' lang='lat' dir='ltr'>igitur</span> <span class='ocrx_word' id='word_1_104' title='bbox 585 1416 691 1478; x_wconf 78' lang='lat' dir='ltr'>saitem</span> <span class='ocrx_word' id='word_1_105' title='bbox 706 1416 948 1490; x_wconf 80' lang='lat' dir='ltr'>animadvertant,</span> <span class='ocrx_word' id='word_1_106' title='bbox 965 1418 996 1478; x_wconf 93' lang='lat' dir='ltr'>in</span> <span class='ocrx_word' id='word_1_107' title='bbox 1011 1427 1152 1496; x_wconf 88' lang='lat' dir='ltr'>quantam</span> <span class='ocrx_word' id='word_1_108' title='bbox 1167 1416 1354 1498; x_wconf 85' lang='lat' dir='ltr'>insipientiae</span> 
     </span>
     <span class='ocr_line' id='line_1_12' title="bbox 122 1517 1437 1599; baseline -0.003 -15"><span class='ocrx_word' id='word_1_109' title='bbox 122 1519 294 1599; x_wconf 77' lang='lat' dir='ltr'>voraginem</span> <span class='ocrx_word' id='word_1_110' title='bbox 316 1537 385 1580; x_wconf 89' lang='lat' dir='ltr'>sese</span> <span class='ocrx_word' id='word_1_111' title='bbox 406 1517 673 1598; x_wconf 85' lang='lat' dir='ltr'>praecipitaverint,</span> <span class='ocrx_word' id='word_1_112' title='bbox 696 1537 731 1582; x_wconf 87' lang='lat' dir='ltr'>eo</span> <span class='ocrx_word' id='word_1_113' title='bbox 743 1519 855 1582; x_wconf 80' lang='lat' dir='ltr'>nostris</span> <span class='ocrx_word' id='word_1_114' title='bbox 869 1519 1086 1582; x_wconf 87' lang='lat' dir='ltr'>monitionibus</span> <span class='ocrx_word' id='word_1_115' title='bbox 1102 1517 1218 1582; x_wconf 79' lang='lat' dir='ltr'>excitati</span> <span class='ocrx_word' id='word_1_116' title='bbox 1235 1521 1437 1585; x_wconf 79' lang='lat' dir='ltr'>tandemnsn.</span> 
     </span>
     <span class='ocr_line' id='line_1_13' title="bbox 122 1619 1365 1702; baseline 0 -18"><span class='ocrx_word' id='word_1_117' title='bbox 122 1621 194 1684; x_wconf 87' lang='lat' dir='ltr'>inde</span> <span class='ocrx_word' id='word_1_118' title='bbox 222 1620 363 1684; x_wconf 79' lang='lat' dir='ltr'>festinent</span> <span class='ocrx_word' id='word_1_119' title='bbox 384 1637 537 1699; x_wconf 81' lang='lat' dir='ltr'>emergere</span> <span class='ocrx_word' id='word_1_120' title='bbox 559 1639 652 1698; x_wconf 86' lang='lat' dir='ltr'>seque</span> <span class='ocrx_word' id='word_1_121' title='bbox 674 1639 710 1682; x_wconf 84' lang='lat' dir='ltr'>ex</span> <span class='ocrx_word' id='word_1_122' title='bbox 732 1619 841 1682; x_wconf 91' lang='lat' dir='ltr'>diaboli</span> <span class='ocrx_word' id='word_1_123' title='bbox 864 1621 978 1700; x_wconf 78' lang='lat' dir='ltr'>laqueis</span> <span class='ocrx_word' id='word_1_124' title='bbox 1002 1619 1150 1702; x_wconf 85' lang='lat' dir='ltr'>expedire.</span> <span class='ocrx_word' id='word_1_125' title='bbox 1196 1621 1365 1701; x_wconf 79' lang='lat' dir='ltr'>Siquidem=</span> 
     </span>
    </p>

    <p class='ocr_par' dir='ltr' id='par_1_3' title="bbox 56 1721 1368 1908">
     <span class='ocr_line' id='line_1_14' title="bbox 56 1721 1353 1808; baseline -0.004 -18"><span class='ocrx_word' id='word_1_126' title='bbox 56 1781 61 1790; x_wconf 91' lang='lat'><em>.</em></span> <span class='ocrx_word' id='word_1_127' title='bbox 121 1723 251 1804; x_wconf 91' lang='lat' dir='ltr'>benigna</span> <span class='ocrx_word' id='word_1_128' title='bbox 274 1730 321 1784; x_wconf 88' lang='lat' dir='ltr'>est</span> <span class='ocrx_word' id='word_1_129' title='bbox 341 1723 462 1796; x_wconf 80' lang='lat' dir='ltr'>veritas,</span> <span class='ocrx_word' id='word_1_130' title='bbox 485 1741 561 1808; x_wconf 88' lang='lat' dir='ltr'>quac</span> <span class='ocrx_word' id='word_1_131' title='bbox 582 1722 703 1786; x_wconf 88' lang='lat' dir='ltr'>assidue</span> <span class='ocrx_word' id='word_1_132' title='bbox 726 1721 846 1784; x_wconf 88' lang='lat' dir='ltr'>clamat:</span> <span class='ocrx_word' id='word_1_133' title='bbox 871 1723 902 1784; x_wconf 90' lang='lat' dir='ltr'>Si</span> <span class='ocrx_word' id='word_1_134' title='bbox 924 1721 995 1784; x_wconf 90' lang='lat' dir='ltr'>mibi</span> <span class='ocrx_word' id='word_1_135' title='bbox 1009 1723 1048 1784; x_wconf 95' lang='lat' dir='ltr'>ob</span> <span class='ocrx_word' id='word_1_136' title='bbox 1064 1724 1199 1803; x_wconf 89' lang='lat' dir='ltr'>corporis</span> <span class='ocrx_word' id='word_1_137' title='bbox 1215 1724 1353 1786; x_wconf 90' lang='lat' dir='ltr'>amictum</span> 
     </span>
     <span class='ocr_line' id='line_1_15' title="bbox 119 1823 1368 1908; baseline 0 -20"><span class='ocrx_word' id='word_1_138' title='bbox 119 1840 185 1888; x_wconf 86' lang='lat' dir='ltr'>uon</span> <span class='ocrx_word' id='word_1_139' title='bbox 206 1824 338 1898; x_wconf 87' lang='lat' dir='ltr'>creditis,</span> <span class='ocrx_word' id='word_1_140' title='bbox 362 1826 505 1908; x_wconf 73' lang='lat' dir='ltr'>opmbus</span> <span class='ocrx_word' id='word_1_141' title='bbox 528 1823 637 1888; x_wconf 74' lang='lat' dir='ltr'>saitem</span> <span class='ocrx_word' id='word_1_142' title='bbox 659 1824 780 1896; x_wconf 79' lang='lat' dir='ltr'>credite,</span> <span class='ocrx_word' id='word_1_143' title='bbox 803 1835 839 1888; x_wconf 85' lang='lat' dir='ltr'>ut</span> <span class='ocrx_word' id='word_1_144' title='bbox 861 1829 1059 1903; x_wconf 74' lang='lat' dir='ltr'>cognoscetis,</span> <span class='ocrx_word' id='word_1_145' title='bbox 1083 1831 1153 1906; x_wconf 80' lang='lat' dir='ltr'>quio</span> <span class='ocrx_word' id='word_1_146' title='bbox 1176 1845 1228 1906; x_wconf 82' lang='lat' dir='ltr'>epo</span> <span class='ocrx_word' id='word_1_147' title='bbox 1244 1829 1277 1895; x_wconf 79' lang='lat' dir='ltr'>in</span> <span class='ocrx_word' id='word_1_148' title='bbox 1293 1825 1368 1888; x_wconf 80' lang='lat' dir='ltr'>Pa·-</span> 
     </span>
    </p>

    <p class='ocr_par' dir='ltr' id='par_1_4' title="bbox 72 1925 1424 2514">
     <span class='ocr_line' id='line_1_16' title="bbox 72 1925 1390 2008; baseline -0.005 -12"><span class='ocrx_word' id='word_1_149' title='bbox 72 1987 75 1996; x_wconf 87' lang='lat'>.</span> <span class='ocrx_word' id='word_1_150' title='bbox 122 1938 172 1994; x_wconf 80' lang='lat' dir='ltr'>tre</span> <span class='ocrx_word' id='word_1_151' title='bbox 201 1939 230 1994; x_wconf 83' lang='grc' dir='ltr'>οι</span> <span class='ocrx_word' id='word_1_152' title='bbox 251 1927 363 1990; x_wconf 77' lang='lat' dir='ltr'>Potor·</span> <span class='ocrx_word' id='word_1_153' title='bbox 377 1930 410 1988; x_wconf 83' lang='lat' dir='ltr'>in</span> <span class='ocrx_word' id='word_1_154' title='bbox 430 1943 477 1988; x_wconf 83' lang='lat' dir='ltr'>me</span> <span class='ocrx_word' id='word_1_155' title='bbox 499 1936 561 2001; x_wconf 84' lang='lat' dir='ltr'>eat,</span> <span class='ocrx_word' id='word_1_156' title='bbox 591 1933 621 1986; x_wconf 89' lang='lat' dir='ltr'>ct</span> <span class='ocrx_word' id='word_1_157' title='bbox 643 1943 696 2004; x_wconf 82' lang='lat' dir='ltr'>epo</span> <span class='ocrx_word' id='word_1_158' title='bbox 712 1937 756 1988; x_wconf 80' lang='lat' dir='ltr'>et.</span> <span class='ocrx_word' id='word_1_159' title='bbox 770 1925 864 1986; x_wconf 81' lang='lat' dir='ltr'>Pater</span> <span class='ocrx_word' id='word_1_160' title='bbox 885 1929 981 1988; x_wconf 81' lang='lat' dir='ltr'>buum</span> <span class='ocrx_word' id='word_1_161' title='bbox 1003 1945 1123 2000; x_wconf 82' lang='lat' dir='ltr'>sumus,</span> <span class='ocrx_word' id='word_1_162' title='bbox 1155 1933 1260 2008; x_wconf 81' lang='lat' dir='ltr'>etqui</span> <span class='ocrx_word' id='word_1_163' title='bbox 1280 1929 1355 1990; x_wconf 78' lang='lat' dir='ltr'>cidit</span> <span class='ocrx_word' id='word_1_164' title='bbox 1386 1959 1390 1968; x_wconf 85' lang='lat'><strong>·</strong></span> 
     </span>
     <span class='ocr_line' id='line_1_17' title="bbox 119 2023 1355 2108; baseline -0.005 -14"><span class='ocrx_word' id='word_1_165' title='bbox 119 2049 177 2102; x_wconf 79' lang='lat' dir='ltr'>me,</span> <span class='ocrx_word' id='word_1_166' title='bbox 200 2031 276 2096; x_wconf 85' lang='lat' dir='ltr'>uidit</span> <span class='ocrx_word' id='word_1_167' title='bbox 297 2023 429 2092; x_wconf 81' lang='lat' dir='ltr'>Patrem.</span> <span class='ocrx_word' id='word_1_168' title='bbox 474 2025 584 2088; x_wconf 88' lang='lat' dir='ltr'>Verum</span> <span class='ocrx_word' id='word_1_169' title='bbox 605 2025 750 2088; x_wconf 83' lang='lat' dir='ltr'>Dominus</span> <span class='ocrx_word' id='word_1_170' title='bbox 780 2025 902 2104; x_wconf 80' lang='lat' dir='ltr'>quidem</span> <span class='ocrx_word' id='word_1_171' title='bbox 928 2043 985 2108; x_wconf 90' lang='lat' dir='ltr'>pro</span> <span class='ocrx_word' id='word_1_172' title='bbox 1007 2045 1091 2088; x_wconf 88' lang='lat' dir='ltr'>more</span> <span class='ocrx_word' id='word_1_173' title='bbox 1115 2045 1170 2090; x_wconf 88' lang='lat' dir='ltr'>suo</span> <span class='ocrx_word' id='word_1_174' title='bbox 1194 2027 1355 2090; x_wconf 85' lang='lat' dir='ltr'>clementer</span> 
     </span>
     <span class='ocr_line' id='line_1_18' title="bbox 120 2119 1424 2214; baseline 0 -22"><span class='ocrx_word' id='word_1_175' title='bbox 120 2131 184 2212; x_wconf 86' lang='lat' dir='ltr'>agit</span> <span class='ocrx_word' id='word_1_176' title='bbox 204 2138 235 2196; x_wconf 90' lang='lat' dir='ltr'>et</span> <span class='ocrx_word' id='word_1_177' title='bbox 254 2147 363 2192; x_wconf 88' lang='lat' dir='ltr'>omues</span> <span class='ocrx_word' id='word_1_178' title='bbox 386 2129 479 2194; x_wconf 86' lang='lat' dir='ltr'>elisus</span> <span class='ocrx_word' id='word_1_179' title='bbox 502 2127 603 2214; x_wconf 76' lang='lat' dir='ltr'>erigit,</span> <span class='ocrx_word' id='word_1_180' title='bbox 633 2135 666 2190; x_wconf 91' lang='grc' dir='ltr'>ιιι</span> <span class='ocrx_word' id='word_1_181' title='bbox 694 2127 736 2190; x_wconf 88' lang='lat' dir='ltr'>ait</span> <span class='ocrx_word' id='word_1_182' title='bbox 752 2123 865 2202; x_wconf 81' lang='lat' dir='ltr'>¹llarid,</span> <span class='ocrx_word' id='word_1_183' title='bbox 893 2127 1028 2210; x_wconf 79' lang='lat' dir='ltr'>olimpii</span> <span class='ocrx_word' id='word_1_184' title='bbox 1051 2129 1228 2192; x_wconf 82' lang='lat' dir='ltr'>dominicam</span> <span class='ocrx_word' id='word_1_185' title='bbox 1251 2148 1354 2194; x_wconf 83' lang='lat' dir='ltr'>vocem</span> <span class='ocrx_word' id='word_1_186' title='bbox 1421 2119 1424 2126; x_wconf 60' lang='grc'><strong>“</strong></span> 
     </span>
     <span class='ocr_line' id='line_1_19' title="bbox 119 2229 1354 2312; baseline -0.002 -16"><span class='ocrx_word' id='word_1_187' title='bbox 119 2234 260 2296; x_wconf 85' lang='lat' dir='ltr'>nolentes</span> <span class='ocrx_word' id='word_1_188' title='bbox 289 2231 392 2296; x_wconf 80' lang='lat' dir='ltr'>audire</span> <span class='ocrx_word' id='word_1_189' title='bbox 415 2249 471 2294; x_wconf 89' lang='lat' dir='ltr'>neo</span> <span class='ocrx_word' id='word_1_190' title='bbox 491 2232 624 2294; x_wconf 84' lang='lat' dir='ltr'>terentes</span> <span class='ocrx_word' id='word_1_191' title='bbox 646 2229 805 2294; x_wconf 82' lang='lat' dir='ltr'>Dnuuuum</span> <span class='ocrx_word' id='word_1_192' title='bbox 827 2229 921 2296; x_wconf 83' lang='lat' dir='ltr'>[teum</span> <span class='ocrx_word' id='word_1_193' title='bbox 944 2239 974 2312; x_wconf 79' lang='lat' dir='ltr'>ot</span> <span class='ocrx_word' id='word_1_194' title='bbox 995 2231 1048 2293; x_wconf 83' lang='lat' dir='ltr'>bei</span> <span class='ocrx_word' id='word_1_195' title='bbox 1069 2229 1177 2294; x_wconf 84' lang='lat' dir='ltr'>Filium</span> <span class='ocrx_word' id='word_1_196' title='bbox 1198 2232 1294 2312; x_wconf 89' lang='lat' dir='ltr'>palam</span> <span class='ocrx_word' id='word_1_197' title='bbox 1318 2232 1354 2294; x_wconf 88' lang='lat' dir='ltr'>ab</span> 
     </span>
     <span class='ocr_line' id='line_1_20' title="bbox 120 2331 1354 2412; baseline -0.005 -12"><span class='ocrx_word' id='word_1_198' title='bbox 120 2335 263 2400; x_wconf 87' lang='lat' dir='ltr'>omuibus</span> <span class='ocrx_word' id='word_1_199' title='bbox 291 2332 415 2412; x_wconf 73' lang='lat' dir='ltr'>agnosci</span> <span class='ocrx_word' id='word_1_200' title='bbox 441 2332 530 2396; x_wconf 88' lang='lat' dir='ltr'>veluti</span> <span class='ocrx_word' id='word_1_201' title='bbox 559 2331 711 2394; x_wconf 77' lang='lat' dir='ltr'>scarabaei</span> <span class='ocrx_word' id='word_1_202' title='bbox 739 2350 806 2394; x_wconf 88' lang='lat' dir='ltr'>cum</span> <span class='ocrx_word' id='word_1_203' title='bbox 835 2349 891 2396; x_wconf 88' lang='lat' dir='ltr'>suo</span> <span class='ocrx_word' id='word_1_204' title='bbox 922 2340 1005 2411; x_wconf 70' lang='lat' dir='ltr'>petre</span> <span class='ocrx_word' id='word_1_205' title='bbox 1028 2332 1146 2394; x_wconf 92' lang='lat' dir='ltr'>diabolo</span> <span class='ocrx_word' id='word_1_206' title='bbox 1168 2333 1271 2396; x_wconf 86' lang='lat' dir='ltr'>miseri</span> <span class='ocrx_word' id='word_1_207' title='bbox 1294 2333 1354 2394; x_wconf 82' lang='lat' dir='ltr'>cir·</span> 
     </span>
     <span class='ocr_line' id='line_1_21' title="bbox 119 2431 1354 2514; baseline -0.006 -12"><span class='ocrx_word' id='word_1_208' title='bbox 119 2445 272 2508; x_wconf 72' lang='lat' dir='ltr'>comeum,</span> <span class='ocrx_word' id='word_1_209' title='bbox 294 2444 328 2497; x_wconf 87' lang='lat' dir='ltr'>ut</span> <span class='ocrx_word' id='word_1_210' title='bbox 348 2451 425 2496; x_wconf 77' lang='lat' dir='ltr'>nora</span> <span class='ocrx_word' id='word_1_211' title='bbox 448 2433 609 2514; x_wconf 86' lang='lat' dir='ltr'>impietatis</span> <span class='ocrx_word' id='word_1_212' title='bbox 632 2431 852 2496; x_wconf 79' lang='lat' dir='ltr'>ecubrmrmdec</span> <span class='ocrx_word' id='word_1_213' title='bbox 875 2433 1026 2512; x_wconf 80' lang='lat' dir='ltr'>reperiant</span> <span class='ocrx_word' id='word_1_214' title='bbox 1046 2443 1229 2512; x_wconf 85' lang='lat' dir='ltr'>argumenta.</span> <span class='ocrx_word' id='word_1_215' title='bbox 1275 2434 1354 2507; x_wconf 82' lang='lat' dir='ltr'>Quid</span> 
     </span>
    </p>

    <p class='ocr_par' dir='ltr' id='par_1_5' title="bbox 87 2529 1354 2816">
     <span class='ocr_line' id='line_1_22' title="bbox 87 2529 1354 2618; baseline -0.005 -16"><span class='ocrx_word' id='word_1_216' title='bbox 87 2540 92 2549; x_wconf 91' lang='lat'>&#39;</span> <span class='ocrx_word' id='word_1_217' title='bbox 119 2539 212 2618; x_wconf 90' lang='lat' dir='ltr'>igitur</span> <span class='ocrx_word' id='word_1_218' title='bbox 234 2537 312 2600; x_wconf 89' lang='lat' dir='ltr'>ultra</span> <span class='ocrx_word' id='word_1_219' title='bbox 334 2537 382 2600; x_wconf 85' lang='lat' dir='ltr'>vel</span> <span class='ocrx_word' id='word_1_220' title='bbox 403 2538 483 2600; x_wconf 91' lang='lat' dir='ltr'>uude</span> <span class='ocrx_word' id='word_1_221' title='bbox 507 2535 640 2600; x_wconf 82' lang='lat' dir='ltr'>invenire</span> <span class='ocrx_word' id='word_1_222' title='bbox 662 2529 883 2614; x_wconf 79' lang='lat' dir='ltr'>possint,·misi</span> <span class='ocrx_word' id='word_1_223' title='bbox 902 2555 919 2596; x_wconf 91' lang='lat' dir='ltr'>a</span> <span class='ocrx_word' id='word_1_224' title='bbox 941 2535 1058 2598; x_wconf 86' lang='lat' dir='ltr'>ludaeis</span> <span class='ocrx_word' id='word_1_225' title='bbox 1080 2539 1110 2598; x_wconf 91' lang='lat' dir='ltr'>et</span> <span class='ocrx_word' id='word_1_226' title='bbox 1132 2536 1240 2616; x_wconf 83' lang='lat' dir='ltr'>Galpba</span> <span class='ocrx_word' id='word_1_227' title='bbox 1263 2535 1354 2616; x_wconf 84' lang='lat' dir='ltr'>impia</span> 
     </span>
     <span class='ocr_line' id='line_1_23' title="bbox 118 2634 1352 2716; baseline -0.006 -13"><span class='ocrx_word' id='word_1_228' title='bbox 118 2645 297 2702; x_wconf 85' lang='lat' dir='ltr'>mutuentur</span> <span class='ocrx_word' id='word_1_229' title='bbox 323 2636 479 2702; x_wconf 83' lang='lat' dir='ltr'>maledicte</span> <span class='ocrx_word' id='word_1_230' title='bbox 507 2648 625 2700; x_wconf 85' lang='lat' dir='ltr'>etcum</span> <span class='ocrx_word' id='word_1_231' title='bbox 647 2634 812 2698; x_wconf 85' lang='lat' dir='ltr'>Gentilibus</span> <span class='ocrx_word' id='word_1_232' title='bbox 835 2653 937 2696; x_wconf 85' lang='lat' dir='ltr'>verum</span> <span class='ocrx_word' id='word_1_233' title='bbox 960 2636 1052 2698; x_wconf 85' lang='lat' dir='ltr'>[teum</span> <span class='ocrx_word' id='word_1_234' title='bbox 1075 2635 1206 2715; x_wconf 81' lang='lat' dir='ltr'>negent?</span> <span class='ocrx_word' id='word_1_235' title='bbox 1250 2637 1352 2716; x_wconf 86' lang='lat' dir='ltr'>Siqui-</span> 
     </span>
     <span class='ocr_line' id='line_1_24' title="bbox 103 2735 1352 2816; baseline -0.002 -14"><span class='ocrx_word' id='word_1_236' title='bbox 103 2740 192 2813; x_wconf 85' lang='lat' dir='ltr'>dem</span> <span class='ocrx_word' id='word_1_237' title='bbox 212 2739 330 2806; x_wconf 85' lang='lat' dir='ltr'>ctausae</span> <span class='ocrx_word' id='word_1_238' title='bbox 352 2738 412 2804; x_wconf 90' lang='lat' dir='ltr'>iltis</span> <span class='ocrx_word' id='word_1_239' title='bbox 435 2745 505 2803; x_wconf 89' lang='lat' dir='ltr'>suut</span> <span class='ocrx_word' id='word_1_240' title='bbox 526 2736 641 2800; x_wconf 71' lang='lat' dir='ltr'>divinae</span> <span class='ocrx_word' id='word_1_241' title='bbox 664 2736 855 2816; x_wconf 74' lang='lat' dir='ltr'>Scripturas,</span> <span class='ocrx_word' id='word_1_242' title='bbox 875 2755 911 2798; x_wconf 86' lang='lat' dir='ltr'>ex</span> <span class='ocrx_word' id='word_1_243' title='bbox 934 2735 1040 2816; x_wconf 86' lang='lat' dir='ltr'>quibus</span> <span class='ocrx_word' id='word_1_244' title='bbox 1061 2735 1198 2800; x_wconf 82' lang='lat' dir='ltr'>videlieet</span> <span class='ocrx_word' id='word_1_245' title='bbox 1219 2747 1249 2800; x_wconf 87' lang='lat' dir='ltr'>et</span> <span class='ocrx_word' id='word_1_246' title='bbox 1270 2735 1352 2800; x_wconf 88' lang='lat' dir='ltr'>stulti</span> 
     </span>
    </p>

    <p class='ocr_par' dir='ltr' id='par_1_6' title="bbox 106 2837 1024 2919">
     <span class='ocr_line' id='line_1_25' title="bbox 106 2837 1024 2919; baseline -0.009 -13"><span class='ocrx_word' id='word_1_247' title='bbox 106 2851 155 2906; x_wconf 44' lang='lat' dir='ltr'>„et</span> <span class='ocrx_word' id='word_1_248' title='bbox 175 2842 287 2906; x_wconf 81' lang='lat' dir='ltr'>Christi</span> <span class='ocrx_word' id='word_1_249' title='bbox 308 2841 412 2906; x_wconf 85' lang='lat' dir='ltr'>hostes</span> <span class='ocrx_word' id='word_1_250' title='bbox 434 2859 503 2904; x_wconf 83' lang='lat' dir='ltr'>esse</span> <span class='ocrx_word' id='word_1_251' title='bbox 525 2839 608 2902; x_wconf 90' lang='lat' dir='ltr'>omni</span> <span class='ocrx_word' id='word_1_252' title='bbox 631 2857 666 2900; x_wconf 84' lang='lat' dir='ltr'>ex</span> <span class='ocrx_word' id='word_1_253' title='bbox 687 2837 772 2919; x_wconf 81' lang='lat' dir='ltr'>parte</span> <span class='ocrx_word' id='word_1_254' title='bbox 794 2847 865 2902; x_wconf 88' lang='lat' dir='ltr'>suut</span> <span class='ocrx_word' id='word_1_255' title='bbox 887 2837 1024 2900; x_wconf 83' lang='lat' dir='ltr'>convicti.</span> 
     </span>
    </p>
   </div>
   <div class='ocr_carea' id='block_1_3' title="bbox 413 3254 1076 3443">
    <p class='ocr_par' dir='ltr' id='par_1_7' title="bbox 413 3254 1076 3443">
     <span class='ocr_line' id='line_1_26' title="bbox 413 3254 1076 3358; baseline 0 -33"><span class='ocrx_word' id='word_1_256' title='bbox 413 3263 615 3327; x_wconf 77' lang='lat' dir='ltr'>btusoutt</span> <span class='ocrx_word' id='word_1_257' title='bbox 643 3263 825 3328; x_wconf 73' lang='lat' dir='ltr'>conten</span> <span class='ocrx_word' id='word_1_258' title='bbox 852 3254 1076 3358; x_wconf 30' lang='lat' dir='ltr'>nntlltos·</span> 
     </span>
     <span class='ocr_line' id='line_1_27' title="bbox 609 3383 867 3443; baseline 0.004 -10"><span class='ocrx_word' id='word_1_259' title='bbox 609 3383 721 3434; x_wconf 82' lang='lat' dir='ltr'>onarro</span> <span class='ocrx_word' id='word_1_260' title='bbox 741 3383 867 3443; x_wconf 81' lang='lat' dir='ltr'>ouanrt.</span> 
     </span>
    </p>
   </div>
   <div class='ocr_carea' id='block_1_4' title="bbox 118 3515 1354 3703">
    <p class='ocr_par' dir='ltr' id='par_1_8' title="bbox 118 3515 1354 3703">
     <span class='ocr_line' id='line_1_28' title="bbox 211 3515 1354 3600; baseline -0.001 -20"><span class='ocrx_word' id='word_1_261' title='bbox 211 3522 240 3580; x_wconf 93' lang='lat' dir='ltr'>t.</span> <span class='ocrx_word' id='word_1_262' title='bbox 283 3517 327 3579; x_wconf 83' lang='lat' dir='ltr'>Ex</span> <span class='ocrx_word' id='word_1_263' title='bbox 353 3517 415 3579; x_wconf 87' lang='lat' dir='ltr'>Dec</span> <span class='ocrx_word' id='word_1_264' title='bbox 437 3515 517 3580; x_wconf 88' lang='lat' dir='ltr'>Deus</span> <span class='ocrx_word' id='word_1_265' title='bbox 546 3527 591 3582; x_wconf 87' lang='lat' dir='ltr'>est</span> <span class='ocrx_word' id='word_1_266' title='bbox 612 3517 757 3592; x_wconf 85' lang='lat' dir='ltr'>Verbum,</span> <span class='ocrx_word' id='word_1_267' title='bbox 784 3536 912 3600; x_wconf 85' lang='lat' dir='ltr'>namque</span> <span class='ocrx_word' id='word_1_268' title='bbox 939 3517 1022 3580; x_wconf 80' lang='lat' dir='ltr'>Beue</span> <span class='ocrx_word' id='word_1_269' title='bbox 1044 3530 1112 3582; x_wconf 82' lang='lat' dir='ltr'>erat</span> <span class='ocrx_word' id='word_1_270' title='bbox 1137 3517 1272 3582; x_wconf 82' lang='lat' dir='ltr'>Verbum.</span> <span class='ocrx_word' id='word_1_271' title='bbox 1316 3519 1354 3580; x_wconf 82' lang='lat' dir='ltr'>m</span> 
     </span>
     <span class='ocr_line' id='line_1_29' title="bbox 118 3619 1354 3703; baseline -0.002 -21"><span class='ocrx_word' id='word_1_272' title='bbox 118 3636 244 3682; x_wconf 88' lang='lat' dir='ltr'>rursus:</span> <span class='ocrx_word' id='word_1_273' title='bbox 271 3619 411 3694; x_wconf 84' lang='lat' dir='ltr'>Quorum</span> <span class='ocrx_word' id='word_1_274' title='bbox 430 3630 553 3702; x_wconf 81' lang='lat' dir='ltr'>potres,</span> <span class='ocrx_word' id='word_1_275' title='bbox 576 3632 605 3684; x_wconf 85' lang='lat' dir='ltr'>et</span> <span class='ocrx_word' id='word_1_276' title='bbox 626 3640 665 3684; x_wconf 79' lang='lat' dir='ltr'>eac</span> <span class='ocrx_word' id='word_1_277' title='bbox 686 3621 793 3703; x_wconf 77' lang='lat' dir='ltr'>quibos</span> <span class='ocrx_word' id='word_1_278' title='bbox 818 3620 974 3692; x_wconf 69' lang='lat' dir='ltr'>cbristus,</span> <span class='ocrx_word' id='word_1_279' title='bbox 997 3624 1051 3702; x_wconf 78' lang='lat' dir='ltr'>qut</span> <span class='ocrx_word' id='word_1_280' title='bbox 1070 3633 1115 3684; x_wconf 80' lang='lat' dir='ltr'>est</span> <span class='ocrx_word' id='word_1_281' title='bbox 1136 3637 1231 3702; x_wconf 79' lang='lat' dir='ltr'>snper</span> <span class='ocrx_word' id='word_1_282' title='bbox 1254 3624 1354 3682; x_wconf 77' lang='lat' dir='ltr'>omnio</span> 
     </span>
    </p>
   </div>
   <div class='ocr_carea' id='block_1_5' title="bbox 121 3764 1353 3908">
    <p class='ocr_par' dir='ltr' id='par_1_9' title="bbox 121 3764 1353 3908">
     <span class='ocr_line' id='line_1_30' title="bbox 155 3764 1353 3839; baseline -0.008 -13"><span class='ocrx_word' id='word_1_283' title='bbox 155 3775 173 3826; x_wconf 85' lang='lat' dir='ltr'>i.</span> <span class='ocrx_word' id='word_1_284' title='bbox 197 3775 254 3835; x_wconf 74' lang='lat' dir='ltr'>neg.</span> <span class='ocrx_word' id='word_1_285' title='bbox 272 3772 295 3824; x_wconf 84' lang='lat' dir='ltr'>t.</span> <span class='ocrx_word' id='word_1_286' title='bbox 318 3781 342 3826; x_wconf 86' lang='lat' dir='ltr'>et</span> <span class='ocrx_word' id='word_1_287' title='bbox 359 3773 460 3836; x_wconf 75' lang='lat' dir='ltr'>segnes.</span> <span class='ocrx_word' id='word_1_288' title='bbox 477 3764 580 3839; x_wconf 75' lang='grc' dir='ltr'>οὔριον.</span> <span class='ocrx_word' id='word_1_289' title='bbox 614 3773 661 3824; x_wconf 79' lang='lat' dir='ltr'>etit</span> <span class='ocrx_word' id='word_1_290' title='bbox 689 3780 714 3822; x_wconf 79' lang='lat' dir='ltr'>et</span> <span class='ocrx_word' id='word_1_291' title='bbox 763 3767 852 3822; x_wconf 56' lang='lat' dir='ltr'>aaran</span> <span class='ocrx_word' id='word_1_292' title='bbox 867 3765 914 3820; x_wconf 78' lang='grc' dir='ltr'>καὶ</span> <span class='ocrx_word' id='word_1_293' title='bbox 930 3769 987 3821; x_wconf 78' lang='grc' dir='ltr'>τοῦ.</span> <span class='ocrx_word' id='word_1_294' title='bbox 1022 3765 1353 3834; x_wconf 61' lang='lat' dir='ltr'>Ibidsegoerdmlcur-</span> 
     </span>
     <span class='ocr_line' id='line_1_31' title="bbox 121 3834 1217 3908; baseline -0.003 -15"><span class='ocrx_word' id='word_1_295' title='bbox 121 3843 181 3893; x_wconf 87' lang='lat' dir='ltr'>editt</span> <span class='ocrx_word' id='word_1_296' title='bbox 198 3835 331 3908; x_wconf 81' lang='grc' dir='ltr'>Χριστόν.</span> <span class='ocrx_word' id='word_1_297' title='bbox 763 3853 818 3888; x_wconf 81' lang='grc' dir='ltr'>τοι.</span> <span class='ocrx_word' id='word_1_298' title='bbox 854 3840 900 3891; x_wconf 79' lang='lat' dir='ltr'>Atti</span> <span class='ocrx_word' id='word_1_299' title='bbox 918 3848 943 3890; x_wconf 85' lang='grc' dir='ltr'>οι</span> <span class='ocrx_word' id='word_1_300' title='bbox 960 3841 1016 3890; x_wconf 85' lang='lat' dir='ltr'>editi</span> <span class='ocrx_word' id='word_1_301' title='bbox 1035 3834 1217 3890; x_wconf 67' lang='lat' dir='ltr'>denotamus.</span> 
     </span>
    </p>
   </div>
   <div class='ocr_carea' id='block_1_6' title="bbox 120 3897 1352 4059">
    <p class='ocr_par' dir='ltr' id='par_1_10' title="bbox 120 3897 1352 4059">
     <span class='ocr_line' id='line_1_32' title="bbox 155 3897 1352 3998; baseline 0.002 -14"><span class='ocrx_word' id='word_1_302' title='bbox 155 3935 178 3984; x_wconf 80' lang='grc' dir='ltr'>ι.</span> <span class='ocrx_word' id='word_1_303' title='bbox 198 3935 306 3998; x_wconf 58' lang='lat' dir='ltr'>stanes.</span> <span class='ocrx_word' id='word_1_304' title='bbox 318 3936 341 3985; x_wconf 87' lang='grc' dir='ltr'>ι.</span> <span class='ocrx_word' id='word_1_305' title='bbox 361 3943 385 3986; x_wconf 79' lang='lat' dir='ltr'>a</span> <span class='ocrx_word' id='word_1_306' title='bbox 402 3935 502 3998; x_wconf 68' lang='lat' dir='ltr'>Segasa.</span> <span class='ocrx_word' id='word_1_307' title='bbox 537 3935 565 3984; x_wconf 80' lang='lat' dir='ltr'>n</span> <span class='ocrx_word' id='word_1_308' title='bbox 579 3935 602 3984; x_wconf 79' lang='grc' dir='ltr'>ιιι</span> <span class='ocrx_word' id='word_1_309' title='bbox 614 3934 712 3984; x_wconf 72' lang='lat' dir='ltr'>noue.</span> <span class='ocrx_word' id='word_1_310' title='bbox 798 3921 822 3986; x_wconf 77' lang='lat' dir='ltr'>t·</span> <span class='ocrx_word' id='word_1_311' title='bbox 840 3909 939 3985; x_wconf 50' lang='lat' dir='ltr'>stem·</span> <span class='ocrx_word' id='word_1_312' title='bbox 958 3908 1022 3958; x_wconf 57' lang='grc' dir='ltr'><strong>Μ</strong></span> <span class='ocrx_word' id='word_1_313' title='bbox 1035 3909 1106 3986; x_wconf 72' lang='lat' dir='ltr'>l⁸¹³⁰¹</span> <span class='ocrx_word' id='word_1_314' title='bbox 1121 3909 1229 3986; x_wconf 65' lang='lat' dir='ltr'>¹¹l¹¹¹¹¹fl²</span> <span class='ocrx_word' id='word_1_315' title='bbox 1247 3897 1352 3955; x_wconf 61' lang='lat'>&#39;⁰⁶²⁶&#39;</span> 
     </span>
     <span class='ocr_line' id='line_1_33' title="bbox 120 3970 1351 4059; baseline 0.001 -7"><span class='ocrx_word' id='word_1_316' title='bbox 120 4010 145 4052; x_wconf 85' lang='lat' dir='ltr'>et</span> <span class='ocrx_word' id='word_1_317' title='bbox 163 4003 269 4052; x_wconf 80' lang='lat' dir='ltr'>Fclclrm.</span> <span class='ocrx_word' id='word_1_318' title='bbox 290 4003 311 4052; x_wconf 89' lang='lat' dir='ltr'>l.</span> <span class='ocrx_word' id='word_1_319' title='bbox 331 4003 400 4052; x_wconf 82' lang='lat' dir='ltr'>deest</span> <span class='ocrx_word' id='word_1_320' title='bbox 417 3997 462 4059; x_wconf 72' lang='lat' dir='ltr'>dc,</span> <span class='ocrx_word' id='word_1_321' title='bbox 482 4003 506 4052; x_wconf 88' lang='lat' dir='ltr'>in</span> <span class='ocrx_word' id='word_1_322' title='bbox 519 4003 573 4053; x_wconf 80' lang='lat' dir='ltr'>aliis</span> <span class='ocrx_word' id='word_1_323' title='bbox 591 4011 670 4051; x_wconf 81' lang='lat' dir='ltr'>sutem</span> <span class='ocrx_word' id='word_1_324' title='bbox 690 4009 713 4050; x_wconf 87' lang='lat' dir='ltr'>et</span> <span class='ocrx_word' id='word_1_325' title='bbox 764 3970 951 4053; x_wconf 56' lang='grc' dir='ltr'>ἶθυλονοςέ·</span> <span class='ocrx_word' id='word_1_326' title='bbox 986 3977 1279 4041; x_wconf 60' lang='lat' dir='ltr'>R⁶⁸¹⁰⁵q¹¹⁰m¹³f¹m⁰m</span> <span class='ocrx_word' id='word_1_327' title='bbox 1290 3975 1351 4024; x_wconf 55' lang='grc' dir='ltr'>(Μ’</span> 
     </span>
    </p>
   </div>
   <div class='ocr_carea' id='block_1_7' title="bbox 119 4033 1351 4134">
    <p class='ocr_par' dir='ltr' id='par_1_11' title="bbox 119 4033 1351 4134">
     <span class='ocr_line' id='line_1_34' title="bbox 119 4033 1351 4134; baseline -0.014 -25"><span class='ocrx_word' id='word_1_328' title='bbox 119 4071 193 4122; x_wconf 59' lang='grc' dir='ltr'>«ιω,</span> <span class='ocrx_word' id='word_1_329' title='bbox 212 4063 246 4120; x_wconf 64' lang='lat'>01,</span> <span class='ocrx_word' id='word_1_330' title='bbox 282 4071 373 4122; x_wconf 48' lang='grc' dir='ltr'>ΜΕΝ</span> <span class='ocrx_word' id='word_1_331' title='bbox 393 4072 449 4134; x_wconf 46' lang='lat'>393·</span> <span class='ocrx_word' id='word_1_332' title='bbox 463 4072 484 4122; x_wconf 42' lang='grc' dir='ltr'>ι,</span> <span class='ocrx_word' id='word_1_333' title='bbox 504 4078 528 4121; x_wconf 56' lang='grc' dir='ltr'>,ι</span> <span class='ocrx_word' id='word_1_334' title='bbox 544 4071 645 4132; x_wconf 47' lang='lat' dir='ltr'>sem·</span> <span class='ocrx_word' id='word_1_335' title='bbox 662 4081 714 4120; x_wconf 62' lang='grc' dir='ltr'>πα,</span> <span class='ocrx_word' id='word_1_336' title='bbox 764 4052 830 4094; x_wconf 86' lang='lat' dir='ltr'>boue</span> <span class='ocrx_word' id='word_1_337' title='bbox 847 4044 973 4109; x_wconf 82' lang='lat' dir='ltr'>superiore</span> <span class='ocrx_word' id='word_1_338' title='bbox 992 4045 1175 4110; x_wconf 77' lang='lat' dir='ltr'>appellabamus</span> <span class='ocrx_word' id='word_1_339' title='bbox 1199 4041 1248 4090; x_wconf 78' lang='grc' dir='ltr'>τοῦ</span> <span class='ocrx_word' id='word_1_340' title='bbox 1268 4033 1351 4092; x_wconf 71' lang='grc' dir='ltr'><strong><em>αὐτοῦ</em></strong></span> 
     </span>
    </p>
   </div>
   <div class='ocr_carea' id='block_1_8' title="bbox 118 4102 1352 4245">
    <p class='ocr_par' dir='ltr' id='par_1_12' title="bbox 118 4102 1352 4245">
     <span class='ocr_line' id='line_1_35' title="bbox 118 4102 1352 4206; baseline 0.003 -20"><span class='ocrx_word' id='word_1_341' title='bbox 118 4129 187 4202; x_wconf 68' lang='grc' dir='ltr'>πρὸς</span> <span class='ocrx_word' id='word_1_342' title='bbox 213 4131 327 4189; x_wconf 70' lang='grc' dir='ltr'><em>ἑαυτῶν.</em></span> <span class='ocrx_word' id='word_1_343' title='bbox 374 4139 453 4190; x_wconf 84' lang='lat' dir='ltr'>Ceteri</span> <span class='ocrx_word' id='word_1_344' title='bbox 478 4146 501 4187; x_wconf 90' lang='lat' dir='ltr'>ct</span> <span class='ocrx_word' id='word_1_345' title='bbox 525 4139 581 4190; x_wconf 86' lang='lat' dir='ltr'>editi</span> <span class='ocrx_word' id='word_1_346' title='bbox 607 4133 714 4206; x_wconf 76' lang='grc' dir='ltr'><em>πατρὸς</em></span> <span class='ocrx_word' id='word_1_347' title='bbox 763 4119 871 4172; x_wconf 57' lang='lat' dir='ltr'>‘mmm’</span> <span class='ocrx_word' id='word_1_348' title='bbox 895 4112 938 4162; x_wconf 68' lang='lat'>⁵²⁴¹</span> <span class='ocrx_word' id='word_1_349' title='bbox 962 4112 1024 4161; x_wconf 58' lang='lat' dir='ltr'>idm</span> <span class='ocrx_word' id='word_1_350' title='bbox 1049 4114 1073 4162; x_wconf 58' lang='lat'>⁵¹¹</span> <span class='ocrx_word' id='word_1_351' title='bbox 1092 4113 1173 4161; x_wconf 57' lang='lat' dir='ltr'>Indice</span> <span class='ocrx_word' id='word_1_352' title='bbox 1191 4111 1257 4190; x_wconf 51' lang='lat' dir='ltr'>iddd‘</span> <span class='ocrx_word' id='word_1_353' title='bbox 1272 4102 1352 4175; x_wconf 58' lang='grc' dir='ltr'><strong><em>λόγος</em></strong></span> 
     </span>
     <span class='ocr_line' id='line_1_36' title="bbox 764 4173 1350 4245; baseline 0.002 -18"><span class='ocrx_word' id='word_1_354' title='bbox 764 4173 903 4245; x_wconf 72' lang='grc' dir='ltr'><strong><em>τέταρτος.</em></strong></span> <span class='ocrx_word' id='word_1_355' title='bbox 941 4179 1005 4229; x_wconf 78' lang='lat' dir='ltr'>llaec</span> <span class='ocrx_word' id='word_1_356' title='bbox 1029 4187 1107 4230; x_wconf 77' lang='lat' dir='ltr'>autom</span> <span class='ocrx_word' id='word_1_357' title='bbox 1132 4179 1215 4228; x_wconf 82' lang='lat' dir='ltr'>Orstro</span> <span class='ocrx_word' id='word_1_358' title='bbox 1233 4193 1257 4228; x_wconf 83' lang='lat' dir='ltr'>tn</span> <span class='ocrx_word' id='word_1_359' title='bbox 1275 4178 1350 4228; x_wconf 77' lang='lat' dir='ltr'>ultera</span> 
     </span>
    </p>
   </div>
   <div class='ocr_carea' id='block_1_9' title="bbox 120 4219 1351 4654">
    <p class='ocr_par' dir='ltr' id='par_1_13' title="bbox 121 4219 1351 4450">
     <span class='ocr_line' id='line_1_37' title="bbox 121 4219 1351 4312; baseline 0 -16"><span class='ocrx_word' id='word_1_360' title='bbox 121 4219 229 4302; x_wconf 51' lang='lat' dir='ltr'>&#39;&#39;³³⁰’&#39;ss</span> <span class='ocrx_word' id='word_1_361' title='bbox 765 4249 838 4312; x_wconf 80' lang='lat' dir='ltr'>liegio</span> <span class='ocrx_word' id='word_1_362' title='bbox 857 4247 932 4298; x_wconf 88' lang='lat' dir='ltr'>deest.</span> <span class='ocrx_word' id='word_1_363' title='bbox 969 4247 1067 4300; x_wconf 79' lang='lat' dir='ltr'>Gobler.</span> <span class='ocrx_word' id='word_1_364' title='bbox 1085 4247 1264 4300; x_wconf 67' lang='lat' dir='ltr'>eructuet.</span> <span class='ocrx_word' id='word_1_365' title='bbox 1282 4239 1351 4296; x_wconf 73' lang='grc' dir='ltr'>κατὰ</span> 
     </span>
     <span class='ocr_line' id='line_1_38' title="bbox 144 4286 1351 4378; baseline -0.005 -10"><span class='ocrx_word' id='word_1_366' title='bbox 144 4289 173 4348; x_wconf 75' lang='lat'>⁴¹·</span> <span class='ocrx_word' id='word_1_367' title='bbox 189 4286 273 4368; x_wconf 54' lang='lat' dir='ltr'>‘&#39;m&#39;&#39;</span> <span class='ocrx_word' id='word_1_368' title='bbox 290 4291 360 4342; x_wconf 55' lang='grc' dir='ltr'>’Μ</span> <span class='ocrx_word' id='word_1_369' title='bbox 377 4306 390 4342; x_wconf 75' lang='lat'>⁸</span> <span class='ocrx_word' id='word_1_370' title='bbox 409 4291 467 4353; x_wconf 50' lang='grc' dir='ltr'>ΒΨ·</span> <span class='ocrx_word' id='word_1_371' title='bbox 488 4291 509 4342; x_wconf 83' lang='lat'>¹·</span> <span class='ocrx_word' id='word_1_372' title='bbox 528 4297 552 4340; x_wconf 71' lang='lat'>⁰²</span> <span class='ocrx_word' id='word_1_373' title='bbox 569 4290 670 4353; x_wconf 53' lang='grc' dir='ltr'>ΜΨ·</span> <span class='ocrx_word' id='word_1_374' title='bbox 760 4305 787 4362; x_wconf 82' lang='lat' dir='ltr'>’A</span> <span class='ocrx_word' id='word_1_375' title='bbox 807 4313 907 4364; x_wconf 78' lang='grc' dir='ltr'>ειανιῢν</span> <span class='ocrx_word' id='word_1_376' title='bbox 927 4308 959 4362; x_wconf 77' lang='lat' dir='ltr'>tt</span> <span class='ocrx_word' id='word_1_377' title='bbox 979 4329 1008 4368; x_wconf 79' lang='lat' dir='ltr'>nc</span> <span class='ocrx_word' id='word_1_378' title='bbox 1024 4311 1044 4364; x_wconf 77' lang='grc' dir='ltr'>ἐ.</span> <span class='ocrx_word' id='word_1_379' title='bbox 1080 4313 1152 4364; x_wconf 83' lang='lat' dir='ltr'>Bastl.</span> <span class='ocrx_word' id='word_1_380' title='bbox 1169 4307 1239 4361; x_wconf 77' lang='grc' dir='ltr'>κατὰ</span> <span class='ocrx_word' id='word_1_381' title='bbox 1254 4305 1351 4378; x_wconf 66' lang='lat' dir='ltr'>&#39;adpeta-</span> 
     </span>
     <span class='ocr_line' id='line_1_39' title="bbox 155 4377 1350 4450; baseline -0.001 -17"><span class='ocrx_word' id='word_1_382' title='bbox 155 4384 247 4434; x_wconf 65' lang='lat' dir='ltr'>maSic</span> <span class='ocrx_word' id='word_1_383' title='bbox 265 4385 364 4436; x_wconf 83' lang='lat' dir='ltr'>Goblar.</span> <span class='ocrx_word' id='word_1_384' title='bbox 384 4382 529 4432; x_wconf 75' lang='lat' dir='ltr'>etlelclm.</span> <span class='ocrx_word' id='word_1_385' title='bbox 550 4383 572 4434; x_wconf 88' lang='lat' dir='ltr'>l.</span> <span class='ocrx_word' id='word_1_386' title='bbox 607 4382 636 4432; x_wconf 80' lang='lat' dir='ltr'>bt</span> <span class='ocrx_word' id='word_1_387' title='bbox 654 4384 711 4450; x_wconf 84' lang='lat' dir='ltr'>lteg.</span> <span class='ocrx_word' id='word_1_388' title='bbox 763 4397 821 4431; x_wconf 80' lang='grc' dir='ltr'>νων</span> <span class='ocrx_word' id='word_1_389' title='bbox 843 4377 925 4448; x_wconf 77' lang='grc' dir='ltr'><strong><em>λόγος</em></strong></span> <span class='ocrx_word' id='word_1_390' title='bbox 960 4395 1030 4438; x_wconf 74' lang='lat' dir='ltr'>attor.</span> <span class='ocrx_word' id='word_1_391' title='bbox 1077 4383 1133 4431; x_wconf 83' lang='lat' dir='ltr'>lide</span> <span class='ocrx_word' id='word_1_392' title='bbox 1158 4382 1350 4434; x_wconf 74' lang='lat' dir='ltr'>Admonitionem</span> 
     </span>
    </p>

    <p class='ocr_par' dir='ltr' id='par_1_14' title="bbox 122 4443 1349 4534">
     <span class='ocr_line' id='line_1_40' title="bbox 122 4443 1349 4534; baseline -0.002 -33"><span class='ocrx_word' id='word_1_393' title='bbox 122 4450 146 4501; x_wconf 90' lang='lat' dir='ltr'>l.</span> <span class='ocrx_word' id='word_1_394' title='bbox 172 4446 248 4518; x_wconf 79' lang='grc' dir='ltr'><strong><em>παρὰ</em></strong></span> <span class='ocrx_word' id='word_1_395' title='bbox 271 4446 324 4518; x_wconf 79' lang='grc' dir='ltr'>μὲν</span> <span class='ocrx_word' id='word_1_396' title='bbox 343 4443 487 4498; x_wconf 77' lang='grc' dir='ltr'>Ἰουδαίων</span> <span class='ocrx_word' id='word_1_397' title='bbox 511 4449 559 4498; x_wconf 82' lang='grc' dir='ltr'>τοῦ</span> <span class='ocrx_word' id='word_1_398' title='bbox 580 4443 710 4517; x_wconf 79' lang='grc' dir='ltr'><strong><em>Καϊάφο.</em></strong></span> <span class='ocrx_word' id='word_1_399' title='bbox 764 4467 818 4517; x_wconf 72' lang='lat' dir='ltr'>pag.</span> <span class='ocrx_word' id='word_1_400' title='bbox 837 4449 895 4502; x_wconf 79' lang='lat' dir='ltr'>tot.</span> <span class='ocrx_word' id='word_1_401' title='bbox 921 4447 987 4534; x_wconf 65' lang='lat' dir='ltr'>[pag.</span> <span class='ocrx_word' id='word_1_402' title='bbox 1007 4451 1064 4501; x_wconf 81' lang='lat'>141.</span> <span class='ocrx_word' id='word_1_403' title='bbox 1089 4451 1138 4500; x_wconf 88' lang='lat' dir='ltr'>boi.</span> <span class='ocrx_word' id='word_1_404' title='bbox 1163 4447 1214 4518; x_wconf 82' lang='lat' dir='ltr'>ed]</span> <span class='ocrx_word' id='word_1_405' title='bbox 1242 4465 1305 4501; x_wconf 90' lang='lat' dir='ltr'>num.</span> <span class='ocrx_word' id='word_1_406' title='bbox 1323 4449 1349 4500; x_wconf 78' lang='lat'>2.</span> 
     </span>
    </p>

    <p class='ocr_par' dir='ltr' id='par_1_15' title="bbox 120 4509 1204 4589">
     <span class='ocr_line' id='line_1_41' title="bbox 120 4509 1204 4589; baseline 0 -21"><span class='ocrx_word' id='word_1_407' title='bbox 120 4518 221 4582; x_wconf 68' lang='lat' dir='ltr'>Segusa.</span> <span class='ocrx_word' id='word_1_408' title='bbox 244 4513 322 4584; x_wconf 80' lang='grc' dir='ltr'>παρὰ</span> <span class='ocrx_word' id='word_1_409' title='bbox 344 4513 398 4585; x_wconf 78' lang='grc' dir='ltr'>μὲν</span> <span class='ocrx_word' id='word_1_410' title='bbox 420 4515 478 4567; x_wconf 75' lang='grc' dir='ltr'>τῶν</span> <span class='ocrx_word' id='word_1_411' title='bbox 496 4509 639 4568; x_wconf 73' lang='grc' dir='ltr'>Ἰουδαίων</span> <span class='ocrx_word' id='word_1_412' title='bbox 657 4519 713 4567; x_wconf 79' lang='grc' dir='ltr'>τοῖν</span> <span class='ocrx_word' id='word_1_413' title='bbox 762 4521 855 4584; x_wconf 76' lang='lat' dir='ltr'>tugtic.</span> <span class='ocrx_word' id='word_1_414' title='bbox 878 4533 949 4570; x_wconf 78' lang='grc' dir='ltr'>κατα</span> <span class='ocrx_word' id='word_1_415' title='bbox 964 4516 1108 4589; x_wconf 66' lang='lat' dir='ltr'>Agenoreis</span> <span class='ocrx_word' id='word_1_416' title='bbox 1124 4513 1204 4584; x_wconf 70' lang='grc' dir='ltr'><strong><em>λόγον</em></strong></span> 
     </span>
    </p>

    <p class='ocr_par' dir='ltr' id='par_1_16' title="bbox 121 4579 941 4654">
     <span class='ocr_line' id='line_1_42' title="bbox 121 4579 941 4654; baseline 0.004 -19"><span class='ocrx_word' id='word_1_417' title='bbox 121 4583 179 4635; x_wconf 78' lang='grc' dir='ltr'><strong><em>τοῦ.</em></strong></span> <span class='ocrx_word' id='word_1_418' title='bbox 216 4588 262 4638; x_wconf 83' lang='lat' dir='ltr'>ato</span> <span class='ocrx_word' id='word_1_419' title='bbox 285 4597 310 4639; x_wconf 84' lang='grc' dir='ltr'>οι</span> <span class='ocrx_word' id='word_1_420' title='bbox 327 4588 400 4638; x_wconf 84' lang='lat' dir='ltr'>editio</span> <span class='ocrx_word' id='word_1_421' title='bbox 420 4587 538 4640; x_wconf 83' lang='lat' dir='ltr'>Commel.</span> <span class='ocrx_word' id='word_1_422' title='bbox 556 4580 633 4654; x_wconf 74' lang='grc' dir='ltr'>παρὰ</span> <span class='ocrx_word' id='word_1_423' title='bbox 647 4579 712 4640; x_wconf 80' lang='lat' dir='ltr'>&#39;lco-</span> <span class='ocrx_word' id='word_1_424' title='bbox 763 4588 813 4640; x_wconf 83' lang='lat' dir='ltr'>dito</span> <span class='ocrx_word' id='word_1_425' title='bbox 832 4603 941 4640; x_wconf 87' lang='lat' dir='ltr'>numero.</span> 
     </span>
    </p>
   </div>
   <div class='ocr_carea' id='block_1_10' title="bbox 0 0 1584 5050">
    <p class='ocr_par' dir='ltr' id='par_1_17' title="bbox 0 0 1584 5050">
     <span class='ocr_line' id='line_1_43' title="bbox 0 0 1584 5050; baseline 0 1"><span class='ocrx_word' id='word_1_426' title='bbox 0 0 1584 5050; x_wconf 95' lang='lat' dir='ltr'> </span> 
     </span>
    </p>
   </div>
  </div>
 </body>
</html>
