3110 5064
128 235 135 250 ·
208 209 253 274 20
742 215 916 264 emensio.

210 372 353 440 homiliae
373 369 489 452 aliaque
510 368 569 432 sub
595 368 660 432 eius
689 369 812 435 nomine
840 369 960 449 scripu.
1003 365 1147 430 Erssehii
1170 363 1268 426 lihras
1287 359 1353 422 illes
1370 375 1440 419 anm

211 476 319 539 doetus
341 472 447 546 nescit,
471 471 586 534 etiamsi
608 490 663 552 per
684 489 718 532 se
742 489 804 532 nan
826 472 923 551 magni
946 470 1006 532 sint
1030 465 1215 538 momenti,
1239 473 1333 526 tamen
1353 459 1443 520 ideirco

211 576 291 642 haud
306 575 444 654 exiguum
459 573 570 636 hahere
590 571 729 650 pretium,
753 572 833 652 quod
855 571 947 634 multa
968 573 1155 651 imgmenta
1171 566 1279 647 operis
1291 558 1446 624 liareellimi

211 671 372 762 περὶτῆς
393 673 452 738 τοῦ
480 668 554 736 υἱοῦ
582 665 751 756 ὑποταγῆς
779 673 969 747 contineant,
996 689 1030 735 ex
1063 669 1193 750 quibua
1226 667 1352 728 obaesus
1378 669 1449 737 aque

212 788 407 842 controversa
429 772 563 856 episcopi
585 775 731 854 Assyrani
759 775 909 836 sententia
937 773 1066 836 maxims
1093 768 1289 834 illustranda
1311 773 1340 826 et
1358 759 1450 823 diiudi-

213 877 306 942 eonda
329 887 386 940 est.
430 877 531 956 ltaque
553 875 692 954 quoniam
707 876 898 956 requiruntur
912 875 949 937 ab
971 873 1137 948 omnibus,
1163 871 1221 952 qui
1237 869 1270 930 in
1286 858 1453 944 disceptanda

212 976 341 1042 llareelli
364 995 451 1040 eausa
474 997 530 1040 suo
553 976 662 1039 iudicio
685 977 729 1040 uti
751 977 868 1050 volunt,
897 977 935 1039 iis
956 977 1040 1038 loeus
1069 977 1108 1038 in
1134 969 1336 1035 Bibliotheca
1357 972 1454 1045 patrum

213 1081 379 1162 dogmatica
399 1080 516 1142 ridetur
538 1078 748 1141 concedendus
764 1097 841 1140 esee.
884 1079 944 1142 Sed
959 1087 1129 1140 uttaceam
1157 1073 1241 1136 olim
1257 1069 1319 1131 iem
1334 1063 1455 1127 neuu-

213 1185 304 1266 ginm,
327 1182 446 1246 scholae
462 1179 706 1242 ilausthaliensis
728 1188 886 1254 rectorem,
909 1179 1129 1251 Marcelliano,
1157 1176 1228 1237 hoe
1251 1179 1304 1234 est
1325 1162 1458 1229 aedecio-

211 1305 280 1350 nem
303 1285 545 1361 fragmentorum,
568 1299 694 1360 quorum
717 1281 807 1344 modo
830 1281 1012 1343 mentionem
1034 1279 1102 1354 lesi,
1132 1275 1315 1352 Gottingae
1338 1289 1364 1330 a.
1382 1265 1457 1328 1794.

210 1385 361 1456 edidisse,
384 1381 554 1462 nuperrime
576 1383 700 1446 uacent
719 1382 870 1464 Pamphili
891 1393 1000 1446 rantra
1021 1379 1213 1444 Hieroclem
1237 1386 1273 1438 et
1297 1363 1460 1434 Norant·

213 1487 290 1550 ir'dri
309 1502 399 1564 opera
422 1492 451 1546 et
473 1483 572 1547 studio
596 1484 703 1546 Thom.
727 1483 1166 1547 GaislordiOxon.a.1852.
1192 1475 1397 1561 prodierunt,
1416 1481 1459 1524 Μ’

214 1605 272 1668 que
293 1586 384 1667 igitur
405 1605 481 1667 opus
504 1593 598 1648 estut
619 1583 717 1647 denuo
739 1585 817 1666 typis
841 1585 1055 1648 exscribantur.
1099 1579 1356 1663 Disputationae
1378 1573 1460 1676 culed

210 1689 327 1771 Didymi
355 1690 393 1752 de
415 1688 555 1761 trinitate,
585 1686 732 1765 siquidem
760 1687 826 1750 eius
855 1695 940 1758 sunt,
969 1686 1080 1747 oriris
1109 1684 1223 1748 doctis
1256 1675 1460 1773 plssrss‘lffl

211 1790 366 1854 tractando
389 1789 447 1850 hoe
469 1789 607 1868 dogmate
634 1805 760 1868 prorsus
789 1788 980 1868 negliguntur
1001 1788 1047 1848 uel
1074 1788 1291 1867 ignorantur:
1323 1773 1409 1838 euius
1426 1781 1460 1826 Μ

213 1909 301 1954 causa
322 1889 424 1952 nescio
447 1898 545 1954 utrum
568 1889 609 1952 sit
624 1888 728 1952 unicae
750 1889 890 1952 editionis
905 1889 1142 1970 hlingarellianae
1165 1887 1308 1954 raritas,
1333 1894 1372 1940 an
1394 1864 1460 1951 (ΨΜ

211 1993 310 2072 ipsum
340 2009 416 2071 opus
446 1991 662 2054 infructuosum
691 1999 721 2053 et
748 1991 857 2054 nullius
884 1991 1027 2053 momenti
1056 2007 1123 2053 asse
1150 1989 1267 2050 risum
1300 1982 1354 2045 sit.
1398 1969 1459 2033 Ntffl

211 2093 291 2174 quod
320 2092 461 2173 Didymus
487 2100 613 2172 propter
648 2092 810 2156 sententias
839 2092 1034 2172 origenianas
1063 2110 1079 2153 a
1107 2091 1237 2171 syuodo
1277 2067 1460 2166 ἒνδημῠῦθῃ

209 2193 372 2256 iustiniani
394 2191 479 2256 iussu
501 2199 660 2256 convocata
682 2202 822 2274 tanquam
843 2194 1012 2256 haereticus
1035 2193 1192 2254 damnatus
1221 2197 1258 2253 et
1283 2207 1301 2248 a
1327 2175 1458 2245 lienium

210 2295 352 2376 pontilice
375 2313 511 2368 rumano,
534 2295 720 2359 anathemato
742 2295 897 2376 perculsus
920 2302 977 2370 est,
999 2295 1028 2356 id
1051 2293 1222 2368 neminem,
1251 2285 1367 2358 credo,
1388 2289 1460 2385 ΜΨ

212 2396 400 2470 deterruerit,
424 2394 582 2475 quominus
610 2394 704 2460 libros
733 2396 811 2476 legat
832 2404 862 2458 et
883 2396 919 2458 ad
943 2397 1089 2476 dogmatis
1112 2394 1355 2474 expositionem
1378 2377 1456 2442 edil·
1518 2462 1519 2499 1

211 2499 297 2574 heat,
331 2496 509 2582 praesertim
545 2514 635 2577 quum
663 2505 783 2560 constet
809 2497 892 2560 illum
921 2504 1007 2559 antea
1034 2514 1169 2575 magnam
1198 2493 1290 2576 apud
1322 2489 1460 2550 doctores

211 2603 354 2668 ecciesiae
382 2599 526 2666 hahuisse
550 2601 668 2674 lamam,
698 2617 794 2679 neque
817 2599 854 2660 de
883 2617 1033 2661 consensu
1061 2596 1196 2659 eiusdem
1219 2613 1296 2659 cum
1322 2588 1386 2678 lide
1406 2573 1455 2641 Nl·

210 2721 300 2768 caena
323 2722 393 2768 essa
415 2703 589 2766 dubitsmm.
635 2699 790 2780 Utcunque
812 2718 862 2762 res
886 2717 954 2762 sese
976 2699 1074 2772 hahet,
1097 2707 1210 2761 certum
1227 2705 1283 2761 est
1299 2689 1457 2770 [didymum
1518 2649 1519 2720 i

187 2835 192 2848 ·
211 2803 322 2884 ingenii
344 2802 479 2864 acumine
495 2811 525 2863 et
540 2800 709 2879 disputandi
731 2799 836 2879 peritia
860 2810 948 2880 atqua
963 2799 1130 2880 eloquentia
1153 2800 1342 2862 inferiorem
1366 2785 1456 2852 fuisse

211 2901 384 2974 Athanasio,
406 2900 529 2972 Basilio,
554 2899 698 2980 Gregorio
722 2908 865 2979 utroque,
888 2911 919 2962 ut
941 2903 968 2965 si
990 2920 1055 2964 cum
1080 2901 1126 2962 his
1148 2878 1362 2980 comparetur,
1386 2877 1457 2950 nihil
1518 2848 1519 2927 i

210 3000 370 3065 admodum
398 3000 435 3062 ad
465 2999 670 3080 expoliandam
699 3000 846 3080 dogmatis
878 3003 1035 3065 formulam
1065 3011 1094 3062 et
1122 3001 1288 3064 acuendam
1321 2998 1453 3058 demon·

211 3101 386 3166 strationem
410 3101 544 3165 rideatur
566 3101 741 3164 contulisse.
787 3101 869 3164 Sicut
888 3121 943 3182 per
969 3115 1063 3166 totam
1084 3103 1173 3164 vitam
1203 3117 1366 3166 summum
1389 3096 1453 3153 stu·

211 3204 291 3267 dium
314 3203 417 3284 posuit
438 3203 467 3264 in
491 3203 636 3283 scriptura
659 3221 742 3266 saera
766 3221 801 3264 ex
822 3203 1008 3284 praescripto
1031 3213 1061 3266 et
1082 3205 1119 3266 ad
1142 3186 1313 3284 exemplum
1340 3194 1450 3271 orige-

210 3303 259 3368 nis
281 3301 513 3382 interpretenda,
535 3304 607 3366 item
630 3305 665 3366 ad
688 3303 902 3385 profligandam
925 3304 1062 3367 haeresin
1086 3305 1222 3369 Arianam
1245 3324 1281 3368 ae
1301 3295 1451 3368 nando·
1518 3264 1519 3343 i

210 3403 329 3468 nlauam
351 3403 380 3463 id
396 3404 554 3484 praecipue
577 3405 644 3485 egit,
668 3415 702 3468 ut
723 3406 889 3487 scripturae
905 3425 1006 3468 sacrae
1028 3406 1207 3469 testimoniis
1223 3425 1314 3486 saepe
1339 3395 1447 3482 cop1'0‘

211 3505 275 3568 sius
298 3503 443 3582 expositis
466 3504 619 3570 veritatem
642 3507 816 3570 catholicam
839 3507 968 3570 muniret
989 3518 1019 3569 et
1040 3508 1311 3587 argumentationes
1333 3508 1448 3569 haere·
1518 3478 1519 3549 i

212 3605 341 3669 tieorum
364 3603 401 3665 ab
424 3605 529 3667 sudem
545 3607 628 3669 tonte
643 3607 746 3670 ductos
762 3609 937 3671 confutaret.
983 3609 1085 3688 ltaque
1100 3609 1130 3669 in
1145 3609 1230 3672 libris
1245 3609 1282 3670 de
1297 3607 1444 3672 trininno,

210 3725 286 3788 quos
307 3712 379 3787 pust
391 3704 542 3771 Athanasii
565 3715 595 3769 et
607 3707 709 3772 Basilii
724 3709 762 3772 il.
777 3717 904 3772 mortem
918 3719 1060 3789 proveeta
1081 3717 1177 3774 aetate
1196 3719 1300 3773 eontra
1315 3706 1445 3772 Lucium
1518 3736 1519 3745 ¹

210 3807 294 3872 illum
315 3805 506 3870 Alexandrini
534 3807 711 3872 Arianorum
740 3819 844 3873 coetus
873 3810 1037 3874 antistitem
1067 3811 1229 3891 scripsisse
1256 3810 1446 3892 perhibeturr

208 3907 338 3972 lectores
366 3907 444 3972 sacri
475 3907 586 3972 codicis
618 3909 746 3974 oraculis
775 3927 871 3990 paene
901 3909 1015 3984 obmit,
1049 3911 1148 3972 minus
1170 3930 1242 3974 vero
1273 3910 1444 3975 rationibus

210 4007 381 4085 dogmatum
415 4008 569 4086 subtilius,
604 4029 691 4092 quom
714 4009 750 4074 ah
778 4011 843 4074 aliis
875 4013 983 4074 iactum
1015 4019 1094 4083 erat,
1126 4012 1288 4075 reddendis
1319 4010 1442 4076 adiuvit.

208 4105 341 4172 Laudem
370 4109 557 4190 eloquentiae
584 4113 647 4177 sive
673 4112 797 4192 peritiae
826 4113 975 4174 sermonis
1002 4113 1061 4175 iam
1088 4111 1286 4194 Hieronymus
1315 4113 1440 4195 Didymo

209 4208 374 4288 derogarit,
396 4227 453 4272 nec
474 4212 540 4290 ipse
562 4213 618 4276 sibi
641 4231 706 4278 eam
729 4213 898 4302 amogavit,
929 4213 982 4276 llle
1009 4216 1040 4276 in
1068 4215 1250 4295 praelatione
1278 4217 1309 4277 in
1330 4216 1437 4279 librum

209 4309 248 4373 da
270 4309 377 4390 spiritu
405 4319 508 4372 sanata
535 4313 625 4378 latine
651 4315 800 4380 redditum
832 4315 904 4380 dicit
933 4325 1085 4380 auctorem
1107 4319 1281 4396 imperitum
1302 4331 1440 4381 sermone

205 4429 274 4476 esar
294 4422 323 4475 et
344 4409 395 4489 (al.
417 4413 489 4504 aad)¹
514 4432 576 4477 nan
603 4422 739 4484 sar'eann.
782 4415 839 4481 ilio
860 4418 892 4480 in
913 4418 973 4481 ilua
993 4419 1062 4484 libri
1093 4415 1210 4480 scribit:
1246 4415 1334 4479 Sicut
1360 4421 1435 4481 enirn¹
