3022 5056
458 369 567 415 enarro
584 371 605 414 r.
621 369 736 420 cosme
750 369 885 416 munos.
970 316 981 337 ⁹
1222 357 1284 423 act

78 521 146 606 pu?
184 521 260 584 Nam
280 519 445 596 serebatur,
467 541 506 586 ne
528 523 612 586 altori
633 541 784 603 personae
803 523 894 590 rerba
910 523 1078 604 Scripturae
1100 525 1287 588 attribuendo
1298 541 1374 586 nasa

76 631 182 688 arado
204 641 297 686 sensu
319 623 497 685 dedeceret
542 623 684 686 Similiter
704 622 846 705 Discipuli
868 633 985 706 tempus
1008 643 1119 701 rerum,
1142 645 1216 707 quas
1237 629 1287 690 lu-

76 735 143 790 teres
161 725 351 808 praedicebat
370 725 527 802 Dominus,
550 725 666 790 discere
688 727 854 808 cupientes,
877 745 945 792 eum
966 729 1025 791 hoc
1044 727 1135 790 modo
1156 726 1287 791 interro-

74 829 184 908 palam:
205 829 264 892 llic
284 828 371 892 uobis
394 829 516 911 pseudo
540 830 612 892 dccc
633 839 736 901 crunt,
757 843 786 893 ct
807 831 886 911 qood
908 835 1027 911 siphum
1048 831 1195 894 edocatus
1217 827 1289 894 tui?

75 929 152 992 Iidem
173 947 293 1010 meque
314 947 381 992 uum
403 949 452 1004 ca,
476 949 551 1011 quae
572 931 662 992 linem
684 931 786 993 mundi
808 929 996 1010 spectabant,
1018 949 1035 992 a
1058 929 1210 994 Salvatore
1233 949 1287 994 au-

72 1030 167 1106 dirent,
190 1032 255 1094 eius
275 1039 430 1111 praeterea
453 1039 570 1112 tempus
592 1033 707 1096 discere
724 1031 933 1112 peroptabant,
955 1041 990 1096 ut
1005 1051 1061 1095 nec
1074 1021 1133 1112 ipsi
1155 1037 1289 1096 errarent

76 1141 101 1194 et
118 1134 187 1196 alios
208 1140 336 1213 possent
357 1133 474 1196 docere.
519 1135 607 1207 Quod
622 1153 689 1198 cum
711 1133 894 1209 didicissent,
917 1133 1214 1207 Thessalonicenses,
1238 1133 1290 1213 qui

74 1235 249 1315 inproximo
273 1235 388 1297 emonis
409 1245 494 1298 erant
515 1237 662 1316 periculo,
692 1243 895 1300 correxerunt.
940 1235 994 1298 Ubi
1022 1235 1111 1316 igitur
1138 1236 1195 1298 ista
1223 1235 1289 1316 quis

71 1336 156 1414 'probe
175 1337 302 1410 noverit,
324 1345 404 1398 recta
426 1355 460 1400 ac
482 1357 554 1402 sana
576 1339 634 1401 tide
657 1358 706 1400 res
729 1348 774 1400 est
795 1338 1007 1402 intellecturus.
1045 1337 1100 1399 Sin
1117 1347 1215 1400 autem
1231 1337 1289 1400 alio
1341 1385 1346 1392 .

75 1437 154 1499 medo
174 1438 282 1500 horum
303 1438 411 1518 aliquid
434 1441 631 1520 explicaverit,
654 1441 754 1502 statim
776 1441 886 1503 incidet
901 1428 1103 1504 in'haeresim.
1136 1441 1213 1503 ilinc
1226 1441 1289 1522 lly-

74 1557 202 1602 menaeas
223 1547 256 1602 et
275 1541 449 1615 Alexander,
471 1543 521 1622 qui
544 1541 794 1604 resurrectionem
818 1541 875 1604 iam
891 1543 995 1604 iactam
1011 1561 1080 1604 esse
1095 1525 1292 1618 affirmabant,

72 1647 176 1721 tempus
200 1641 420 1722 praeveniendo
443 1652 632 1718 erraverunt,
667 1643 785 1706 Galatae
806 1663 878 1706 vero
899 1653 970 1724 post
991 1652 1109 1725 tempus
1132 1644 1288 1707 circumci-⁴

71 1740 176 1804 sionem
199 1761 281 1806 nuuc
301 1743 515 1823 amplectendo.
559 1745 738 1807 duraverunt
753 1746 893 1808 similiter
911 1746 942 1808 iu
956 1763 1087 1825 persona
1101 1746 1291 1826 intelligenda

69 1851 95 1906 et
113 1845 274 1907 chamoam
303 1855 404 1907 errant
425 1846 541 1922 ludaei,
574 1849 624 1927 qui
654 1848 822 1910 existimant
850 1847 887 1910 de
915 1847 1014 1928 aliquo
1043 1864 1078 1910 ex
1107 1848 1181 1927 ipsis
1209 1848 1289 1912 istud

69 1942 131 2005 dici:
157 1945 236 2008 decc
261 1947 348 2026 Virpo
371 1952 518 2028 concipiet
540 1959 570 2010 et
587 1954 693 2030 portet
712 1949 825 2031 pisum,
854 1959 884 2012 ct
911 1951 1062 2012 uocabant
1088 1965 1197 2012 comesa
1226 1953 1289 2012 cius

69 2043 254 2123 haemi,
274 2049 362 2130 ,cuod
380 2059 429 2112 cst
449 2053 700 2131 interpretatum,
728 2051 1007 2123 uobiscumlieus,
1035 2069 1101 2112 cum
1124 2051 1195 2112 item
1217 2051 1291 2113 haec

69 2146 160 2209 rerba:
187 2149 382 2256 Propheturg
405 2151 489 2214 uobis
512 2154 670 2216 suscitabit
690 2154 788 2226 Deus,
817 2154 854 2215 de
872 2153 980 2233 -aiiquc
1002 2153 1219 2233 Prophetarum
1240 2154 1289 2214 in-

68 2249 147 2329 telligi
166 2251 362 2327 arbitrantur,
385 2263 414 2314 et
435 2252 593 2316 verborum
616 2255 758 2317 istorum:
781 2253 866 2318 Sicut
888 2260 952 2318 ocis
975 2258 1015 2318 cd
1037 2250 1212 2318 occisionem
1231 2256 1375 2318 decue

70 2359 126 2413 ctas
147 2367 192 2420 cst
216 2353 493 2434 interpretationem
514 2373 614 2417 non-a
636 2355 772 2436 Philippo
796 2357 924 2430 discunt,
954 2357 1008 2419 sed
1030 2356 1088 2419 illis
1110 2357 1217 2419 isaiam
1239 2366 1290 2419 aut

68 2451 146 2516 alem
167 2455 300 2534 aliquem
321 2454 502 2536 Prophetam
524 2455 675 2538 designari
698 2457 866 2538 opinantur.

141 2765 193 2824 55.
243 2759 324 2820 idem
345 2760 480 2839 proiecto
503 2759 571 2821 istis
594 2755 704 2819 Christi
727 2755 865 2819 hostibus
887 2757 1002 2832 accidit,
1032 2757 1160 2837 indeque
1182 2758 1214 2820 iu
1235 2775 1291 2820 ne·

66 2859 172 2924 landam
195 2861 276 2941 lapsi
297 2869 367 2924 sunt
387 2861 547 2924 haeresim.
590 2860 664 2923 Nam
687 2860 713 2922 ai
735 2877 912 2940 personam,
945 2877 1009 2920 rem
1032 2867 1062 2920 et
1082 2867 1200 2940 tempus
1223 2877 1291 2921 rer-

63 2959 163 3024 borom
184 2963 326 3043 Apostoli
348 2963 574 3042 cognovissent,
607 2981 668 3024 non
698 2981 747 3035 ea,
782 2979 857 3041 quae
888 2961 924 3023 ad
952 2961 1109 3022 humanam
1142 2959 1294 3039 pertinent

64 3071 213 3138 naturam,
238 3063 462 3126 transtulissent
484 3066 516 3126 in
537 3064 738 3138 divinitatem,
761 3081 818 3126 nec
839 3083 875 3125 eo
899 3063 1058 3142 impietatis
1081 3061 1178 3124 insani
1200 3062 1291 3124 deve-

63 3161 184 3227 nissent.
232 3163 266 3225 ld
289 3173 386 3227 autem
408 3165 435 3228 is
457 3165 540 3228 tacite
554 3167 726 3247 perspiciet,
748 3165 799 3246 qui
822 3165 938 3227 initium
960 3163 1049 3226 huius
1064 3163 1122 3226 loci
1140 3171 1220 3226 recta
1241 3163 1291 3226 in·-

64 3263 213 3329 tctlexerit
260 3265 305 3327 En
328 3263 407 3328 enim
428 3267 563 3347 Apostoli
584 3251 688 3330 verba:
712 3265 918 3347 Multisorium
934 3264 1095 3347 multisque
1108 3265 1205 3328 modia
1222 3263 1293 3327 olim

39 3365 140 3454 'Dm
164 3368 293 3458 locutus
311 3367 456 3432 Patribus
476 3387 535 3450 per
553 3370 732 3450 propbetas,
756 3369 835 3430 bisce
856 3367 971 3430 ultimis
995 3367 1097 3429 diebus
1113 3365 1232 3429 locutus
1249 3371 1294 3432 cst

63 3467 143 3530 cabis
164 3473 201 3532 ic
224 3467 317 3532 Folio.
360 3469 474 3532 Deinde
494 3469 582 3549 paulo
604 3477 674 3550 post
696 3469 750 3532 ait:
774 3489 834 3551 per
861 3472 992 3550 capsum
1017 3471 1202 3552 purpotiooc
1221 3485 1294 3546 pec*

65 3577 196 3632 urmes
220 3581 404 3634 nostrorum
425 3573 525 3651 fecte,
559 3573 639 3634 sedet
668 3572 707 3634 cd
736 3572 892 3658 deuterum
912 3571 1079 3632 maiestmt's
1101 3571 1134 3630 in
1155 3566 1292 3637 eccelsia,
1357 3645 1359 3650 ,

65 3676 147 3731 testo
162 3671 384 3754 praetentior
406 3674 508 3753 [octus
523 3671 655 3752 Aupclic,
679 3683 791 3753 punam
808 3671 1002 3734 accedentius
1014 3687 1092 3751 proc
1106 3659 1170 3730 iliis
1185 3683 1295 3728 nomeu

62 3767 249 3836 haereditate
277 3777 400 3854 occepit.
443 3773 546 3852 ltaque
573 3772 707 3853 Apostoli
718 3802 732 3830 ·.
741 3772 850 3834 dictum
877 3771 1021 3850 temporis
1053 3766 1203 3840 meminit,
1235 3783 1294 3844 quo

89 3991 106 4040 l.
124 3993 233 4054 Segeer.
245 3983 396 4058 ἀναστήσῃ,
415 3987 565 4060 capaicores.
591 3994 656 4044 Goh-
708 3991 748 4042 aiii
773 3999 796 4042 et
820 3991 876 4042 editi
906 3991 1026 4041 omittunt.
1067 3986 1128 4036 ibid.
1155 3982 1296 4046 Segoerirn.

60 4057 140 4110 tedae.
165 4063 230 4112 item
253 4069 279 4112 et
296 4061 401 4112 uuum.
418 4061 441 4110 1.
466 4063 555 4112 habent
569 4055 657 4127 ,νομί-
707 4059 781 4110 Arsit.
799 4059 890 4118 Aneiic.
909 4059 966 4120 Aac.
982 4046 1027 4105 ἐπ’
1047 4045 1173 4119 ἐσχάτου.
1226 4119 1240 4130 .,

60 4121 141 4180 iuvat·
742 4129 763 4177 t.
781 4127 822 4176 Sic
840 4127 940 4188 chaer.
959 4121 1120 4184 etAnpitcaa.
1155 4119 1182 4169 ln
1200 4119 1255 4169 ains
1273 4125 1297 4170 ct

89 4243 109 4290 γ
398 4203 540 4286 γεγω
576 4228 655 4284 ω
705 4179 1299 4322 aa·‚cccccccccccm

59 4309 109 4345 roro
128 4307 153 4348 et
173 4297 237 4348 editi
254 4287 331 4361 παρὰ
350 4295 398 4346 rori
412 4289 533 4348 Ἡσαΐου.
707 4343 771 4381 Μ.
786 4329 808 4378 ¹·

88 4398 111 4448 h.
130 4401 175 4450 Sic
195 4399 301 4461 Segasa.
327 4399 451 4462 Angiiccu.
469 4399 606 4451 Gobleriau.
633 4407 657 4450 ct
741 4398 758 4446 Ι.
781 4397 822 4447 Sic
839 4395 939 4459 stauai.
958 4393 1056 4445 Gobicr.
1075 4399 1099 4444 et
1115 4391 1253 4444 i'siclrresn.
1272 4389 1295 4439 1.

60 4463 162 4518 leichru.
176 4467 200 4516 l.
242 4469 271 4516 lt
293 4467 335 4518 alii
359 4476 383 4518 et
406 4468 463 4519 editi
480 4462 568 4521 cetae
584 4469 656 4518 omit·
706 4466 736 4516 At
753 4465 810 4515 editi
828 4464 922 4546 aliique,
935 4465 1048 4540 omittunt
1072 4452 1144 4540 ὅσῳ,
1155 4447 1297 4552 deecclesi-

60 4537 114 4586 taur.
708 4544 791 4603 τερον
801 4543 990 4612 παρἀυτους
1000 4526 1229 4597 zulemam

88 4602 104 4652 i·
128 4601 246 4668 Senatu
268 4602 334 4654 addit
355 4595 386 4654 iv
408 4601 466 4658 sois
488 4595 656 4671 προφήταις,
707 4615 756 4670 μα.
792 4601 844 4653 llos
862 4613 917 4668 upa
935 4600 1003 4652 abest
1021 4600 1099 4662 alteg.
1119 4603 1143 4646 cc
1160 4591 1200 4642 ret
