3158 5050
533 371 643 425 enarro
659 373 697 416 rt.
714 373 831 418 conone
845 375 979 424 munos.
1287 375 1346 440 611

113 523 175 586 sed
203 521 278 585 lineo
306 523 344 585 de
372 520 478 584 eodem
507 520 657 597 dieantur,
691 522 771 588 idem
791 525 883 605 igitur
905 529 953 594 eni
974 549 1061 596 conss
1084 542 1115 596 ει
1137 537 1259 602 effectus
1283 543 1435 618 oritano.

117 625 205 688 idem
237 624 478 726 quod'gignitur
510 631 540 686 et
571 625 679 705 gignit3
711 628 793 706 quod
821 628 940 708 quidem
971 633 1134 699 absurdum
1164 657 1200 700 ex
1229 641 1349 707 Seltellii

112 745 226 790 errore
245 743 372 790 manare
393 735 548 790 ostensmn
571 733 627 788 εει
673 727 762 800 Quod
783 729 810 794 si
832 751 869 794 ex
890 732 956 812 ipso
979 736 1098 814 quidem
1121 747 1168 802 est
1181 759 1237 805 neo
1250 752 1349 810 tomen

111 829 199 892 aliud
221 828 258 891 ab
280 847 328 904 eo,
351 829 487 909 seqnitur
507 837 541 890 nt
561 827 640 891 idern
662 829 703 892 sit
724 839 754 892 ot
775 831 900 912 gignens
922 843 953 906 et
974 852 1035 898 non
1054 839 1188 920 gignens,
1211 845 1375 926 gignens,-

114 931 190 1010 qtu'e
212 949 246 992 ex
269 949 303 994 se
323 929 396 993 illud
417 931 540 1010 profert,
563 949 625 992 non
647 931 784 1010 gignens,
808 935 876 1014 quie
898 935 978 998 aliud
999 938 1035 1000 ab
1051 959 1087 1002 eo
1102 961 1164 1004 non
1179 954 1235 1008 est.
1260 948 1348 1021 Quod

114 1041 307 1112 postremam
330 1033 355 1093 si
378 1032 558 1108 admittatur,
582 1031 729 1113 colligitur
751 1034 879 1098 eundem
902 1038 1081 1118 cogitatione
1102 1051 1215 1108 tentum
1230 1048 1348 1114 Patrem

114 1143 149 1194 ot
170 1133 278 1198 Filium
309 1133 376 1196 diei.
422 1135 481 1196 Sed
510 1134 536 1196 si
566 1135 595 1196 id
622 1133 785 1200 absurdum
815 1147 877 1210 est,
905 1139 996 1219 igitur
1017 1143 1076 1206 duo
1100 1157 1187 1210 erunt
1207 1147 1296 1212 Potor
1317 1158 1349 1213 et

115 1233 223 1298 Filius.
267 1235 364 1298 Unum
393 1238 463 1300 item
490 1235 580 1300 iidem
609 1245 713 1314 erunt,
742 1239 812 1318 qrria
831 1239 924 1303 Filius
945 1261 1007 1306 non
1028 1247 1214 1311 extrinsecus
1236 1251 1289 1313 sed
1311 1251 1358 1314 ex'

115 1335 184 1397 lleo
211 1337 330 1415 genitus
359 1347 414 1399 est.
459 1337 492 1399 Si
521 1339 589 1418 quis
620 1347 719 1402 entem
741 1339 870 1404 Verbum
898 1343 990 1408 letum
1011 1347 1074 1408 sire
1096 1349 1226 1428 genitum
1249 1349 1348 1415 dioere

116 1437 308 1512 reformidat,
335 1437 494 1520 ipsumque
521 1459 588 1504 oum
609 1439 672 1504 lleo
696 1442 823 1504 existere
844 1450 929 1524 putet
949 1451 1155 1512 tantummodo
1178 1452 1347 1532 dicendum,

115 1547 220 1600 cavent
252 1537 300 1600 ille
333 1529 372 1600 ne'
404 1539 526 1605 nomine
549 1542 719 1620 Scriptores
749 1544 859 1606 usitato
888 1544 931 1606 uti
959 1549 1110 1630 refugiens
1133 1553 1164 1614 in
1188 1553 1347 1620 absurdam

116 1639 231 1702 ineidat
253 1641 442 1720 opinionem,
465 1662 521 1722 qna
542 1643 637 1706 llenm
660 1645 786 1724 duplicis
809 1655 934 1709 netnree
954 1647 1085 1714 inducet.
1129 1654 1162 1716 Si
1183 1657 1264 1718 enim
1284 1677 1347 1720 non

112 1743 263 1816 coneedit,
286 1741 415 1806 Verbum
438 1764 474 1804 ex
496 1745 607 1808 unitate
630 1763 711 1820 esse,
726 1747 779 1810 sed
803 1755 915 1812 unum
937 1769 1003 1814 mim
1024 1752 1112 1816 Petro
1133 1755 1229 1820 fuisso
1250 1777 1346 1840 oopu-

111 1845 224 1918 lntnm,
258 1845 331 1906 duas
364 1855 444 1908 oerte
471 1845 600 1912 admittit
621 1847 784 1922 essentiae,
817 1869 941 1928 qnorum
963 1861 1069 1916 neuun
1092 1855 1213 1920 alterins
1235 1877 1345 1939 parone
1416 1889 1421 1896 ·
1449 1928 1453 1936 ,

117 1955 178 2009 εει.
221 1945 304 2010 ldem
333 1947 421 2012 etiem
451 1947 489 2012 de
517 1947 626 2012 virtute
657 1949 720 2011 sive
748 1952 882 2030 potentie
911 1953 1069 2034 dicendum
1091 1965 1149 2020 est.
1192 1959 1226 2020 ld
1248 1967 1346 2024 sutem

114 2047 233 2110 laellins
254 2050 366 2130 poterit
387 2049 526 2130 intelligi,
554 2052 581 2114 si
604 2051 633 2113 in
656 2051 743 2114 Patre
766 2061 927 2130 spectetur.
972 2055 1054 2118 Unus
1077 2059 1156 2120 enim
1179 2069 1226 2122 ost
1245 2061 1344 2136 Pater,
1421 2055 1424 2060 ’

111 2168 177 2210 uon
199 2150 276 2224 duo,
306 2151 359 2212 sed
382 2171 418 2213 ex
440 2169 501 2214 nno
524 2161 571 2214 ost
590 2151 692 2216 Filius.
739 2151 778 2214 Ut
799 2171 870 2232 ergo
892 2173 954 2218 non
976 2166 1047 2220 sunt
1067 2158 1127 2221 duo
1149 2169 1268 2240 potres,
1290 2161 1345 2224 sed

112 2270 210 2326 unus,
243 2252 284 2314 ito
311 2271 373 2314 non
395 2253 454 2315 duo
476 2253 621 2334 principia
642 2262 728 2328 sunt,
763 2255 816 2316 sed
844 2274 953 2331 unum,
982 2267 1013 2319 et
1033 2277 1069 2320 ex
1090 2279 1150 2322 nno
1174 2262 1343 2324 essentielis

112 2351 217 2418 existit
237 2353 341 2416 Filius.
384 2353 499 2418 Rursus
520 2373 591 2416 vero
613 2354 739 2418 Arianos
761 2355 989 2436 interrogemus.
1032 2359 1107 2422 Nun
1128 2362 1208 2440 quod
1230 2363 1267 2425 ad
1284 2362 1431 2426 Ser-rem.

113 2454 198 2518 loellii
221 2463 383 2518 senatores
406 2455 520 2530 attinet,
542 2455 583 2518 illi
606 2473 640 2516 ex
656 2455 722 2518 Filii
744 2455 850 2520 nolitis
871 2457 1026 2520 refellendi
1048 2467 1127 2534 sunt,
1149 2461 1250 2524 Ariani
1271 2481 1343 2526 vero

111 2576 150 2619 ox
172 2557 269 2620 Patris
292 2557 425 2619 notione.
960 2629 962 2637 ,

122 2643 132 2664 ⁰
200 2663 232 2724 4.
276 2659 327 2721 Sio
354 2658 443 2739 igilur
471 2659 680 2720 disserendum
702 2667 765 2719 est:
788 2658 842 2721 Vel
862 2659 942 2736 Deus
966 2665 1015 2722 est
1035 2655 1172 2740 sopiens,
1200 2683 1257 2726 nee
1278 2665 1344 2728 sine

114 2761 215 2824 verno
243 2761 306 2824 sive
328 2759 470 2835 lletione,
497 2761 544 2822 vel
565 2759 756 2822 contrasine
778 2760 921 2839 sapientia
945 2769 992 2824 est
1013 2770 1044 2822 et
1065 2762 1161 2825 Verbo
1184 2783 1237 2828 seu
1257 2765 1343 2826 Rati·

114 2861 200 2926 one?
244 2863 276 2924 Si
305 2862 468 2925 seeundum
497 2862 675 2934 admittitur,
709 2861 738 2922 id
767 2879 822 2940 per
843 2879 877 2924 se
899 2863 1062 2930 absurdum
1084 2883 1154 2926 esse
1173 2865 1282 2946 liquet,
1315 2867 1343 2929 si

111 2965 242 3046 primum
266 2964 448 3038 eonoedltnr,
470 2981 575 3025 rursus
598 2963 808 3026 suadendum
831 2969 886 3039 est,
910 2981 1039 3044 quonam
1061 2965 1151 3034 mono
1167 2966 1207 3029 sit
1221 2968 1342 3048 sapiens

113 3085 174 3130 neo
194 3066 260 3130 sine
282 3065 379 3130 terno
402 3084 455 3129 sen
477 3063 619 3137 lletione,
643 3065 875 3128 extrinseensne'
888 3065 1116 3150 sepientiamnt
1138 3067 1281 3143 Verbum,
1304 3087 1343 3131 an

114 3186 190 3230 vero
213 3187 249 3230 ex
270 3168 370 3247 seipso
393 3167 509 3229 lrabeat.
555 3167 585 3227 Si
610 3167 794 3228 exuinsoeus
817 3165 923 3241 hebet,
953 3167 1061 3247 aliquia
1083 3169 1173 3248 igitur
1193 3171 1278 3250 prins
1299 3170 1343 3234 illi

111 3249 207 3343 dedis,
229 3269 353 3349 ipseque
374 3277 532 3348 numquam
552 3268 708 3347 soniperet,
729 3268 800 3331 uns
819 3267 963 3348 sapientie
981 3275 1013 3330 et
1027 3269 1123 3332 Verbo
1138 3271 1201 3332 sire
1215 3271 1343 3335 Ratione

112 3377 189 3434 eret
235 3369 322 3442 Quod
353 3369 379 3430 si
408 3387 444 3430 ex
472 3369 573 3448 seipso
595 3368 686 3430 lrabet
706 3368 846 3444 Verbum,
864 3368 960 3449 pelam
983 3370 1157 3450 igiturest,
1186 3373 1285 3453 ipsum
1307 3393 1344 3436 ex

114 3470 211 3534 nihilo
241 3489 302 3532 non
331 3489 416 3545 esse,
447 3489 542 3550 neque
569 3470 665 3532 luisse
692 3469 850 3550 aliquando
879 3489 946 3534 oum
969 3489 1032 3533 non
1054 3481 1145 3534 esset.
1189 3473 1342 3554 Siquidem

9 3635 15 3646 ,
114 3589 238 3654 semper
258 3573 322 3649 luit,
346 3573 454 3653 qnippe
476 3591 542 3634 oum
564 3571 624 3646 ille,
645 3571 731 3634 orius
753 3571 850 3652 imago
873 3581 930 3646 εει,
954 3591 1074 3652 sempor
1095 3573 1211 3636 existat.
1254 3576 1293 3636 tt
1313 3575 1342 3638 si

112 3673 341 3755 responderint,
369 3675 463 3737 lleum
493 3672 658 3753 sapientem
679 3672 798 3752 quidem
822 3690 891 3736 asse
912 3691 968 3736 neo
989 3674 1056 3736 sine
1076 3674 1173 3736 Verbo
1196 3675 1259 3737 sire
1280 3677 1341 3737 lle·

112 3777 208 3851 tione,
232 3778 287 3839 sed
308 3777 461 3857 propriam
483 3776 514 3838 in
537 3775 638 3854 seipso
660 3773 771 3836 hebere
785 3772 959 3854 sapientiam
973 3776 1188 3856 propriumque
1202 3775 1341 3850 Verbum,

113 3895 177 3939 non
200 3885 299 3938 nutem
315 3878 476 3950 Christum,
498 3877 553 3940 sed
575 3877 606 3937 in
628 3893 687 3955 qno
709 3875 809 3954 ipsum
824 3875 912 3937 etiem
928 3876 1079 3939 Christum
1095 3877 1215 3951 lecerit3
1237 3877 1341 3938 dioen-

95 3977 197 4062 ¹dum,
221 3979 299 4060 qnod
322 3979 349 4040 si
364 3978 501 4042 Christus
522 3980 554 4040 in
576 3977 626 4038 illo
643 3975 739 4038 Verbo
760 3977 856 4038 lentus
878 3977 927 4066 sit,
950 3976 1015 4040 sino
1038 3976 1127 4040 dubio
1150 3979 1250 4040 omnia
1263 3995 1340 4056 quo-

116 4095 176 4160 qne
198 4080 230 4140 in
252 4081 357 4142 eodem
379 4083 454 4142 leole
475 4088 556 4156 sont,
578 4081 735 4160 ipsumque
756 4077 828 4140 illud
851 4085 898 4139 est
918 4077 1058 4152 Verbum,
1080 4078 1117 4140 de
1140 4097 1199 4158 qno
1214 4079 1342 4140 loannes

109 4181 200 4243 dicit:
226 4181 333 4245 Omnia
351 4201 411 4263 per
432 4187 533 4264 ipsunt
554 4184 640 4262 [orto
660 4189 742 4252 eunt,
765 4189 799 4244 et
814 4179 985 4242 Psalmista:
1010 4181 1119 4242 Ornata
1139 4183 1172 4240 in
1194 4181 1344 4259 sapientia

114 4283 229 4364 sertui.
275 4283 353 4356 Quin
376 4291 406 4347 ει
427 4284 493 4364 ipse
516 4283 650 4346 Christus
672 4281 814 4351 mentitus
836 4299 905 4343 esse
930 4281 1104 4362 reperietur,
1128 4297 1193 4342 oum
1210 4281 1263 4342 eit:
1279 4279 1341 4360 ligo

111 4388 147 4446 ln
167 4383 278 4458 Patre,
307 4385 544 4466 qnandoquidem
574 4385 649 4448 alius
672 4392 719 4447 est
739 4384 770 4446 in
791 4383 888 4446 Petne.
931 4381 1049 4444 Falsum
1071 4383 1143 4444 ilem
1165 4402 1201 4445 ox
1221 4381 1342 4446 illorum

111 4486 264 4548 sententie
292 4486 363 4580 erit,
393 4485 474 4566 quod
503 4485 624 4550 dieitur:
660 4485 786 4550 Vtrdom
815 4503 886 4550 coro
913 4486 1033 4564 [notum
1061 4495 1116 4547 εει.
1160 4484 1293 4566 Namque
1313 4483 1344 4545 si

1083 4685 1138 4739 39*
