3118 5052
503 383 611 430 omrro
628 383 660 428 ιι.
677 381 796 427 comas
810 378 944 426 manos.
1269 365 1331 432 379
1436 359 1446 368 “

17 556 89 610 aaa
114 557 162 599 nec
180 554 243 600 mm
264 534 441 608 Dominum,
475 553 564 616 mem
586 543 783 615 negaverunt,
805 533 837 596 in
859 533 966 596 throno
988 533 1085 598 Patris
1108 533 1154 597 eui
1177 535 1415 608 sedentemnsn.

17 671 24 722 ,·
45 643 85 704 ta
112 639 229 701 viderint
242 633 385 719 uvasque
399 656 434 701 ac
447 645 584 700 mortuos
601 635 790 710 iudicantem,
814 634 940 714 aliquem
963 635 1091 708 illorum,
1115 638 1255 718 aquibus
1269 642 1416 710 cir-rme.

17 771 95 810 χιιι,
112 740 248 802 eumventi
271 747 351 814 sunt,
374 739 405 802 in
428 739 475 802 sui
497 737 638 801 auxilium
660 736 760 800 licebit
781 735 826 799 eis
848 735 1003 800 advocare.
1039 738 1113 800 Nam
1128 739 1196 802 illos
1211 759 1330 822 quoque

17 879 28 938 ς
53 845 62 916 ’,
112 841 223 904 iudicari
246 850 276 904 et
296 839 447 914 omnium,
468 859 545 920 quae
566 837 667 919 inique
679 825 719 901 'et
740 837 830 919 impie
852 837 982 918 egerint,
1004 838 1146 903 ridebunt
1166 842 1331 922 poenitere.

186 946 237 1008 tt.
281 943 361 1006 Haec
391 959 483 1023 porro
515 941 573 1004 loci
605 939 836 1002 Proverbiorum
870 939 1033 1021 explicandi
1065 943 1156 1022 pratia
1187 945 1331 1010 hactenus

17 1023 85 1126 „sp-1
109 1044 324 1126 praemisimus,
347 1043 545 1124 absurdisque
567 1042 686 1106 illorum
696 1041 876 1105 refellendis
899 1043 1076 1105 commentis
1098 1045 1276 1122 institimus,
1299 1057 1332 1112 ut

16 1129 74 1230 {ao
110 1155 290 1226 perspectum
311 1145 466 1218 babentes,
490 1143 596 1208 Filium
611 1144 665 1206 Dei
679 1143 738 1206 diei
752 1151 888 1206 creatum
909 1161 970 1206 non
993 1144 1112 1218 debere,
1135 1155 1216 1210 recte
1230 1148 1330 1228 legere

26 1299 39 1331 ‚,
52 1273 76 1328 a:
111 1248 215 1311 vibrant
248 1247 330 1310 ilium
359 1245 591 1309 Proverbiorum
624 1246 740 1320 locum,
773 1246 857 1309 cuius
887 1239 958 1308 sana
980 1246 1082 1328 utique
1104 1257 1150 1310 est
1172 1251 1330 1312 sententie.

111 1347 202 1430 itaque
234 1349 380 1430 scriptum
410 1348 531 1429 quidem
564 1357 626 1411 cst:
671 1347 820 1411 Dominus
853 1350 969 1412 crearit
994 1367 1042 1411 me
1068 1352 1189 1412 initium
1210 1355 1332 1416 ciorum

72 1520 80 1528 ,
112 1469 229 1514 ruem
257 1456 291 1514 ira
322 1467 417 1531 opero
439 1469 513 1524 auc3
543 1467 647 1512 verum
670 1449 739 1530 quia
760 1449 917 1530 proverbia
939 1449 988 1512 illa
1010 1457 1096 1525 sunt,
1125 1451 1214 1532 idque
1235 1451 1331 1516 instar

108 1552 249 1631 proverbii
278 1559 326 1614 est
356 1551 483 1626 dictum,
516 1551 591 1630 baec
610 1550 722 1613 idcirco
744 1550 835 1612 verba
856 1569 934 1626 non,
963 1561 997 1615 ιιι
1018 1552 1097 1615 nude
1118 1553 1231 1630 iacent,
1260 1563 1331 1618 sunt

51 1653 286 1734 ¹explicanda,
321 1653 375 1715 scd
408 1653 620 1716 attendendum
650 1651 761 1714 estad
790 1670 968 1732 personam,
1001 1654 1100 1734 itique
1133 1665 1331 1736 congruenter

27 1741 41 1827 ’,
66 1826 74 1838 ¹
103 1755 199 1832 pietati
221 1773 258 1818 ea
280 1773 334 1836 par
356 1765 403 1818 est
424 1755 599 1834 intelligere.
633 1753 707 1818 Nam
730 1771 805 1834 quae
827 1755 1054 1834 proverbiorum
1072 1755 1167 1818 instar
1181 1757 1329 1832 dicuntur,

101 1873 159 1917 non
186 1857 266 1918 dare
296 1865 326 1919 et
353 1865 470 1938 aperte,
504 1855 559 1919 sed
592 1855 722 1919 obscure
747 1857 959 1932 enuncientur,
992 1866 1025 1918 ut
1045 1857 1110 1938 ipse
1132 1857 1277 1921 Dominus
1299 1859 1329 1922 in

101 1955 256 2038 Evangelio
289 1958 452 2020 secundum
483 1957 623 2020 ioannem
652 1957 701 2019 bis
729 1957 828 2020 verbis
849 1957 951 2020 docet:
996 1957 1077 2021 Hoec
1100 1963 1132 2022 irs
1154 1957 1330 2025 Proverbiis

28 2132 31 2145 ³
57 2131 65 2144 ..
102 2057 217 2123 locetur
253 2079 322 2122 sum
354 2060 448 2123 cobis.
493 2059 554 2123 Sed
585 2064 669 2123 uenit
702 2059 796 2132 bore,
831 2077 898 2122 cum
925 2065 985 2123 icm
1014 2078 1076 2123 scas
1102 2064 1135 2124 iu
1154 2064 1330 2144 proverbiis

100 2158 207 2242 quuur
228 2161 318 2224 cobis
341 2163 393 2224 aeci
411 2161 524 2242 petum.
567 2161 671 2242 itaque
699 2179 776 2243 opus
805 2169 868 2236 est,
897 2169 929 2223 ιιι
957 2161 1029 2224 dicti
1058 2161 1136 2225 illius
1159 2163 1329 2226 evolvamus

16 2259 21 2286 ²
98 2280 217 2325 sensum
240 2271 271 2325 et
293 2270 433 2342 tauquam
455 2263 588 2326 abditum
614 2263 845 2348 investigemus,
878 2281 935 2326 nec
963 2263 1052 2326 verba
1080 2265 1128 2326 iila
1152 2265 1237 2346 quasi
1258 2283 1327 2346 per·

16 2361 22 2428 '.
97 2363 197 2442 spicue
229 2363 404 2439 enunciata,
439 2365 481 2428 uti
510 2365 621 2440 iacent,
655 2365 799 2428 debemus
832 2365 983 2446 excipere,
1014 2385 1052 2428 nc
1074 2385 1091 2428 a
1113 2367 1236 2430 veritate
1258 2367 1330 2430 iaisa

97 2465 344 2548 interpretatione
377 2466 560 2530 aberremus.
602 2467 696 2548 igitur
724 2467 751 2530 si
780 2465 817 2528 de
839 2467 951 2546 bugeio
974 2467 1020 2530 vel
1042 2468 1079 2529 dc
1101 2467 1197 2550 aliqua
1220 2469 1330 2532 aliare
1375 2455 1380 2468 ⁸

94 2567 184 2640 iacta,
215 2570 262 2632 uti
287 2586 343 2631 nos
366 2587 488 2644 sumus,
521 2569 631 2650 scripta
660 2577 744 2643 suot,
773 2569 847 2630 beec
869 2567 958 2630 dictio
982 2573 1096 2632 creauit
1117 2586 1172 2649 pcr
1193 2589 1241 2633 me
1262 2569 1332 2632 licet

17 2656 36 2752 ³..
94 2673 216 2749 proprie
250 2679 425 2752 usurpetur.
470 2671 530 2734 Sed
562 2671 590 2732 si
618 2670 763 2750 sapientia
789 2669 861 2742 Dei,
894 2669 925 2730 in
957 2688 1014 2750 qua
1036 2687 1086 2732 res
1108 2671 1201 2731 iactae
1223 2687 1329 2732 omnes

90 2773 257 2850 productae
288 2782 373 2846 sunt,
407 2773 456 2835 bic
484 2773 521 2836 de
543 2771 643 2852 seipsa
664 2769 812 2851 loquitur,
841 2769 911 2850 quid
934 2770 1062 2850 cogitare
1084 2771 1221 2834 convenit
1243 2789 1330 2852 quam

92 2892 170 2948 cam,
207 2893 282 2937 cuna
313 2875 405 2936 verbo
439 2879 555 2939 creceii
581 2893 634 2937 usa
662 2882 726 2950 est,
759 2871 831 2935 nibil
860 2872 1041 2934 contrarium
1063 2871 1205 2934 vocabulo
1226 2876 1332 2952 peracit

21 3049 25 3056 Δ
89 2975 205 3051 dicere,
230 2994 334 3056 nequo
356 2976 477 3040 oblitam
500 2995 534 3038 se
556 2977 727 3040 creatricem
751 2984 781 3038 et
803 2974 983 3038 effectricem
1005 2993 1091 3049 esse,
1116 2982 1166 3037 aut
1188 2975 1330 3054 ignaram,

88 3077 158 3155 quaid
180 3079 266 3142 intes·
290 3087 439 3140 creantem
462 3087 492 3140 et
513 3087 610 3142 creata
632 3078 774 3152 intersit,
808 3077 940 3164 seipsam
967 3077 1046 3140 inter
1067 3094 1116 3139 res
1139 3085 1252 3139 meatus
1274 3093 1329 3138 an-

21 3180 24 3190 '
86 3197 291 3254 numerasse,
322 3179 376 3242 sed
398 3197 519 3242 sensum
543 3180 670 3261 aliquem
693 3197 754 3241 non
777 3187 913 3260 apertum
936 3178 989 3242 sed
1011 3177 1182 3241 abstrusum
1204 3197 1330 3259 prover-

86 3281 209 3344 biorum
244 3299 335 3344 inore
368 3281 552 3362 significare,
586 3281 750 3345 secundum
781 3301 868 3362 quem
899 3281 1024 3344 Sanctus
1053 3281 1090 3343 ad
1112 3281 1330 3344 vaticinandum

16 3447 18 3466 ,
45 3458 55 3477 θ
85 3385 242 3458 excitarit,
270 3383 396 3462 ipsaque
418 3383 507 3463 paulo
530 3391 601 3463 post
623 3383 726 3448 eadem
749 3383 965 3464 significatione
988 3389 1090 3446 votem
1114 3388 1229 3449 creceii
1250 3383 1331 3446 bisce
1435 3437 1437 3446 .

84 3475 161 3546 aliis
174 3485 337 3547 denotarit
356 3485 472 3547 verbis:
502 3485 661 3566 Sopieatio
683 3485 855 3567 aedificavit
876 3486 936 3548 aibi
953 3489 1017 3566 ipsi
1037 3483 1180 3548 domum?
1211 3485 1331 3548 Certum

83 3597 128 3647 est
157 3597 287 3660 autem,
323 3585 493 3667 Sapientiae
522 3587 642 3649 domum
676 3595 813 3649 nostrum
843 3605 912 3648 esse
934 3605 1060 3666 corpus,
1093 3605 1152 3668 quo
1175 3593 1330 3666 assumpto

83 3688 178 3752 iactus
209 3689 312 3751 homo
342 3695 406 3762 est,
437 3685 519 3749 unde
545 3687 610 3757 iure
638 3687 745 3750 merito
768 3707 785 3748 a
807 3685 1062 3749 loannedicitur:
1110 3687 1236 3750 Verbum
1259 3703 1330 3748 coro

80 3793 201 3868 suetam
233 3802 303 3860 ear,
336 3787 366 3852 ei
393 3789 544 3870 Sapientia
572 3789 637 3869 ipsa
659 3789 696 3851 dc
718 3807 752 3851 se
773 3807 829 3868 per
850 3788 1039 3852 Salomonem
1060 3787 1141 3916 baud
1163 3785 1330 3848 inconsulte

76 4007 236 4080 adamitae
257 4003 356 4074 tepor.
393 4009 454 4061 Editi
473 4019 498 4061 et
514 4009 555 4060 aiii
573 4011 688 4060 omittunt
773 4025 796 4072 g.
815 4009 914 4072 Sepuer.
939 4008 1012 4086 Bssii.
1033 4016 1056 4058 et
1081 4005 1171 4070 duplic.
1197 3995 1264 4063 αὐτὴ
1290 3999 1327 4054 δέ.

75 4077 173 4146 λέγων.
217 4079 280 4129 bion
299 4079 400 4140 Scpoer.
418 4086 443 4128 et
460 4069 687 4129 retromissi-
737 4077 816 4128 Editio
830 4077 948 4128 Commei.
963 4068 1049 4135 αυτὴν
1060 4071 1104 4124 ct·
1124 4073 1248 4124 mendose.
1279 4073 1330 4123 ttox

73 4145 141 4210 ineo
161 4137 295 4216 ὑμῖνέ
329 4157 397 4196 meat.
738 4147 838 4208 Saguer.
862 4136 892 4194 dr
909 4145 999 4194 omittit
1016 4151 1072 4193 ante
1089 4111 1201 4208 dripere.
1238 4139 1329 4191 ibidem

106 4235 130 4266 e.
151 4217 275 4280 Fatetur.
316 4211 485 4278 ,γεννηιοῖκ
514 4211 565 4264 stes
584 4213 685 4276 Sepner.
738 4212 844 4263 Saltim.
863 4211 887 4262 5.
905 4203 1082 4277 ᾠκοδόμησεν
1099 4201 1167 4276 αὐτῇ
1186 4195 1270 4260 editor.

74 4285 130 4350 dep.
150 4283 257 4346 sugite.
282 4279 356 4331 Baeii.
369 4281 467 4333 Gcbier.
479 4281 583 4332 Seiebm.
598 4282 618 4332 Ι.
629 4280 687 4331 eti.
773 4281 797 4330 b.
814 4279 955 4341 Sapueriao.
980 4279 1079 4331 Gobier.
1097 4277 1203 4328 Seiebm.
1224 4278 1246 4328 ι,
1264 4285 1289 4327 et
1304 4277 1330 4328 d.

72 4347 154 4420 ἡμῶν
171 4349 239 4418 tais*
252 4341 430 4414 acceptricem.
449 4349 493 4399 titt
508 4341 688 4416 steditiv‘rptoiv
737 4341 911 4414 Σολομῶνος.
936 4347 1015 4398 Ceteri
1032 4353 1057 4396 et
1073 4345 1130 4396 editi
1139 4339 1328 4412 Σολομῶντος.
1377 4401 1380 4407 ἱ

70 4415 262 4488 ποιημάτων.
307 4417 397 4468 ibidem
422 4419 445 4468 in
470 4417 569 4480 Ssguer.
588 4425 613 4468 et
630 4419 686 4480 fleg.
740 4417 814 4468 Paulo
833 4423 889 4479 post
907 4415 1047 4478 Segceriau.
1066 4413 1123 4477 liep.
1140 4422 1164 4464 et
1182 4413 1287 4464 isicium.
1305 4413 1329 4463 t.

73 4489 143 4542 deest
157 4501 201 4558 με
222 4492 291 4554 post
309 4475 404 4536 derret.
738 4479 841 4552 κτίσμα
859 4475 923 4551 εἶμί.
959 4481 1020 4533 ibid.
1039 4484 1140 4546 Seguer.
1157 4471 1224 4530 dut
1240 4473 1331 4548 μόνὸν

104 4562 121 4609 ι.
148 4557 265 4610 Gobier.
288 4552 394 4603 Feleiro.
410 4551 497 4604 bati.
516 4545 580 4669 7²⁸3:
596 4543 687 4608 erdr‘r.
741 4544 785 4602 dvc
801 4544 901 4620 κύριος.
937 4551 1077 4602 retient.
1096 4538 1331 4616 imperastis

71 4626 150 4678 Paulo
169 4631 237 4692 post
258 4623 365 4684 sepner.
384 4611 448 4671 ebat
464 4612 524 4671 inti
580 4615 658 4690 piru.
740 4612 868 4688 deuictos.
907 4620 963 4686 iiep.
985 4610 1039 4670 ἀλλ’
1060 4611 1104 4669 dre
1120 4609 1221 4688 eripior.

691 4769 694 4776 ι
