3022 5056
449 380 605 428 osorton.
622 381 739 428 conrnr
752 379 886 426 manos.
1209 365 1271 432 301

76 533 192 598 murm?
231 533 303 610 Quis
325 541 424 600 autem
445 535 486 596 ita
508 535 708 615 iuterrogatus
729 551 792 595 non
813 531 1025 612 responderet,
1055 533 1172 596 Putrem
1195 533 1365 597 illumatio.

74 638 166 704 lesisse
185 636 329 700 hominem
345 638 503 718 ipsumque
517 637 689 718 pontilieem
703 634 793 697 nobis
808 632 955 696 misisse?
988 635 1075 715 Atqui
1090 635 1166 698 banc
1180 637 1276 715 ipsam

75 739 229 801 molentium
250 749 427 820 tempusque
448 747 479 802 et
499 755 659 819 personam
683 757 718 800 ex
739 737 807 818 ipso
823 736 978 818 Apostolo,
1001 737 1051 817 qui
1070 738 1204 818 scripsit:
1228 741 1280 820 qui

73 841 155 921 fidelis
175 853 217 905 est
237 845 279 915 ei,
311 844 364 923 qui
382 841 456 920 [ecit
479 839 579 912 iliram,
609 841 717 904 melius
740 839 809 901 lieet
829 838 960 912 discere,
990 839 1016 900 si
1045 857 1152 919 nempe
1174 841 1210 902 ad
1233 859 1277 914 ea,

74 960 135 1020 quac
154 941 341 1015 antecedunt,
368 943 595 1006 attenderimus.
638 941 702 1004 Una
725 941 804 1003 enim
838 939 933 1002 series
956 949 1017 1010 est,
1045 959 1079 1002 ao
1095 940 1143 1040 ‚de
1172 942 1277 1004 eodem

73 1043 153 1121 eqitur
175 1043 231 1105 boe
257 1043 287 1104 iu
317 1043 487 1124 Scripturas
515 1044 593 1107 loco.
638 1043 718 1108 llaec
745 1044 845 1123 itaque
878 1041 981 1104 scribit
1002 1041 1135 1122 Epistola
1157 1043 1193 1104 ad
1214 1043 1277 1105 lie·

72 1143 176 1206 bracos:
209 1145 288 1219 Qaio
320 1163 392 1228 erpo
418 1152 512 1226 pueri
539 1150 641 1210 corais
669 1157 698 1209 et
729 1149 886 1227 scombris
906 1149 1075 1227 participes
1098 1147 1176 1225 sacti
1195 1157 1277 1218 sont,

72 1250 124 1326 ipse
142 1265 248 1328 quoque
270 1247 413 1310 abailiter
434 1247 598 1310 eorundem
616 1251 772 1328 particeps
800 1249 887 1328 (nrt,
911 1259 946 1311 ut
970 1265 1029 1327 per
1056 1257 1186 1326 mortem
1214 1267 1279 1310 eum

73 1347 236 1421 destrueret,
259 1354 315 1432 qui
332 1351 442 1412 arortis
465 1353 625 1430 imperium
647 1348 752 1420 babet,
777 1349 808 1410 id
829 1359 875 1410 est
897 1349 1058 1420 dobbolum,
1082 1357 1111 1409 et
1134 1347 1280 1410 liberaret

73 1466 123 1520 eor,
142 1455 187 1532 qui
206 1453 316 1514 trirrore
337 1455 446 1514 mortis
466 1469 526 1531 per
548 1457 644 1513 totam
659 1453 752 1512 eitum
768 1450 893 1512 obnosr'i
905 1459 994 1512 eram
1009 1453 1161 1512 servituti.
1196 1449 1279 1512 Nus-

71 1569 144 1630 qoaer
172 1557 246 1614 esebo
273 1552 403 1632 Aspelos
435 1552 650 1634 apprehendit,
685 1551 738 1613 sed
774 1569 873 1614 semen
901 1551 1038 1614 Abrabae
1070 1551 1280 1631 apprehendit.

72 1649 141 1714 llnde
159 1655 255 1718 deberit
273 1672 336 1736 per
357 1658 457 1716 omnio
477 1653 633 1735 fratribus
656 1651 764 1715 similis
785 1653 864 1734 fieri,
887 1664 922 1715 ut
943 1656 1117 1716 misericors
1138 1653 1229 1734 lieret
1250 1663 1279 1716 et

66 1751 150 1832 fidelis
165 1756 310 1836 pontifex
331 1757 364 1817 in
386 1755 448 1828 bis,
477 1773 553 1838 quae
573 1756 614 1817 od
635 1753 731 1816 Deum
752 1763 905 1834 spectant,
933 1765 968 1816 ut
996 1758 1136 1835 expiaret
1154 1767 1363 1834 peecatorem.

63 1854 162 1934 populi.
204 1855 241 1918 ln
271 1875 307 1919 eo
329 1859 423 1932 euim,
456 1860 490 1918 itt
512 1875 571 1938 quo
592 1860 692 1936 ipsum
713 1859 829 1918 tentori
850 1859 987 1934 contipr't,
1012 1867 1115 1936 potest
1136 1857 1198 1930 bis,
1228 1862 1281 1938 qui

66 1965 214 2029 testastur,
236 1957 400 2022 auriliaci
450 1957 547 2029 Unde,
569 1959 827 2037 franemundi,
851 1961 1019 2021 vocationis
1042 1958 1179 2021 caelestis
1197 1977 1277 2039 par-

66 2061 167 2138 ticiper,
195 2061 388 2122 considerate
415 2057 589 2140 apostolum
610 2069 638 2120 et
657 2059 833 2140 pontificem
856 2060 1057 2140 consessionis
1080 2055 1205 2123 nostroe
1228 2059 1277 2123 la-

64 2175 126 2231 ssos
147 2165 196 2242 qui
213 2161 318 2242 fidelis
340 2171 387 2224 est
408 2164 446 2236 ei,
469 2165 522 2241 qui
540 2161 613 2240 {ecit
635 2159 730 2223 iilum.
801 2227 803 2241 ,

132 2265 160 2324 9.
203 2263 282 2336 Quis
303 2261 376 2324 baec
397 2261 486 2334 rerba
508 2261 606 2342 possit
626 2260 742 2340 lepore,
766 2261 838 2341 quin
859 2261 986 2323 Arianos
1009 2263 1109 2325 statim
1132 2263 1275 2326 conlisur-

62 2369 102 2422 net
119 2361 295 2444 beatumque
323 2363 485 2426 admiretur
505 2363 697 2443 Apostolum,
728 2362 779 2443 qui
808 2371 866 2424 tam
895 2363 1045 2443 praeclare
1067 2373 1114 2426 est
1134 2363 1277 2429 locutus?

62 2461 169 2534 Quando
191 2466 272 2528 eninr
296 2467 391 2528 iactus
415 2465 596 2544 effectusque
618 2475 664 2528 est
686 2464 857 2546 apostolus,
892 2465 951 2526 nisi
979 2483 1046 2528 curn
1077 2466 1142 2545 ipse
1164 2473 1275 2528 utros

61 2565 142 2628 carnis
162 2576 191 2630 et
211 2567 368 2646 sauguinis
387 2567 443 2630 tuit
463 2564 635 2646 particeps?
679 2565 805 2638 Quando
835 2583 907 2627 vero
935 2566 1106 2628 misericors
1128 2574 1158 2627 et
1179 2566 1276 2626 tidelis

61 2669 173 2742 pontifex
195 2671 383 2743 estractus,
406 2667 465 2733 uisi
487 2686 553 2730 cum
575 2686 631 2748 per
653 2668 752 2730 omuia
774 2665 915 2730 iratribus
938 2667 1043 2729 similis
1065 2668 1276 2740 intellectus,

58 2769 125 2845 qnod
145 2771 243 2852 utiquo
269 2777 343 2832 tunc
364 2769 479 2843 accidit,
502 2787 569 2832 eum
590 2776 695 2830 nostra
717 2785 805 2830 carue
821 2775 973 2848 assumpta
989 2769 1082 2830 lactus
1098 2769 1189 2830 bomo
1205 2765 1277 2830 est?

58 2866 143 2949 itaque
162 2874 198 2936 de
220 2874 354 2936 bumana
375 2871 463 2934 Verbi
484 2870 719 2952 dispensatione,
742 2888 803 2932 non
826 2869 863 2932 de
885 2877 990 2932 natura
1006 2869 1093 2932 Verbi
1110 2869 1185 2932 baec
1198 2869 1276 2932 sori-

56 2971 107 3048 psit
125 2974 245 3039 Paulus:
283 2973 346 3048 Qui
371 2973 470 3057 fidelis
493 2987 538 3038 est
560 2977 602 3044 ei,
633 2976 686 3054 qui
710 2975 783 3054 {ecit
810 2972 908 3035 illum.
951 2972 1014 3032 lam
1043 2989 1113 3052 erqo
1145 2971 1278 3035 insanire

56 3071 165 3138 desinite
186 3095 242 3139 nec
264 3075 395 3156 amplius
418 3076 588 3138 coutendite
610 3074 663 3138 llei
685 3074 813 3137 Verbum
836 3093 900 3136 rem
921 3075 1026 3136 laetam
1049 3093 1129 3136 esse.
1174 3074 1275 3155 Siqui-

54 3171 110 3236 dem
137 3177 199 3257 ipse
225 3187 276 3242 est
306 3177 475 3258 rmiqeuitus
505 3181 609 3240 natura
638 3176 738 3240 Filius.
783 3177 867 3238 Tunc
894 3184 994 3238 autem
1022 3175 1125 3238 babuit
1156 3177 1275 3256 iratres,

56 3291 112 3337 conr
131 3297 246 3342 carnem
271 3279 368 3342 nostri
390 3279 517 3342 similem
539 3279 650 3354 induit,
680 3297 768 3360 quam
790 3297 845 3359 per
866 3279 967 3360 seipso
990 3279 1119 3340 olierens
1142 3279 1276 3359 pontifex

55 3379 200 3456 appellatus
230 3391 281 3446 est
308 3384 464 3464 lectusque
494 3390 541 3444 est
559 3381 732 3444 misericors
754 3389 784 3442 et
805 3381 917 3455 fidelis,
945 3381 1117 3444 misericors
1145 3381 1276 3460 quidem,

55 3477 194 3554 quiscum
217 3485 356 3565 seipsum
377 3503 433 3564 pru
455 3482 544 3545 nobis
568 3483 685 3557 obtulit,
707 3483 805 3545 nostri
828 3491 875 3545 est
896 3482 1054 3556 misertus,
1076 3481 1170 3543 tidelis
1193 3501 1274 3557 voro,

55 3585 187 3664 nunquia
211 3587 284 3649 bdoi
308 3585 457 3666 particeps
480 3594 527 3649 est
548 3594 598 3650 aut
619 3586 649 3648 in
673 3585 799 3666 aliquem
822 3583 918 3646 credit
947 3584 990 3646 uti
1018 3603 1092 3658 nos,
1125 3583 1178 3645 sed
1206 3584 1276 3662 quia

55 3676 80 3738 io
99 3681 147 3759 bis,
170 3706 249 3768 quae
273 3687 320 3748 vel
343 3686 450 3750 dixerit
470 3687 515 3750 vel
538 3689 656 3763 lecerit,
680 3688 761 3751 credi
783 3685 889 3761 debet,
912 3705 946 3748 ao
966 3685 1053 3748 fidele
1075 3691 1274 3763 constansque

50 3863 148 3936 Ρῑῐὲϋιε
162 3867 210 3922 καὶ
228 3864 324 3928 «cittis.
361 3875 440 3926 Ceteri
465 3884 488 3925 et
512 3875 569 3926 editi
585 3889 632 3942 με·
717 3873 742 3925 b.
759 3874 801 3924 Sic
817 3873 918 3936 Sequor.
936 3871 991 3934 neg.
1011 3869 1084 3920 iissil.
1103 3867 1173 3922 Gobl.
1191 3869 1276 3920 Felsi-

51 3931 130 4002 ιὲσχεν
146 3931 240 3996 αὐτός.
684 3957 747 3993 man.
770 3943 792 3991 l.
804 3943 860 3992 etl.
896 3939 958 3989 Editi
977 3953 1032 3987 nero
1051 3946 1074 3988 et
1093 3937 1133 3988 alii
1152 3953 1190 3997 ης.
1225 3939 1275 3987 ibi-

51 4006 90 4076 l.
107 4010 205 4071 ευμεν.
224 4001 545 4078 mdrbdrdqoinrror.
580 4011 633 4062 llox
684 4011 738 4061 dero
749 3997 1179 4074 nissomnesnporptporsninrie.
1212 4005 1275 4058 sold

51 4069 102 4122 riam
124 4085 147 4125 et
163 4079 260 4136 inette
282 4077 381 4129 Gobler.
401 4079 505 4128 l'elctm.
526 4081 547 4128 l.
567 4087 590 4128 et
608 4079 631 4129 4.
683 4073 851 4145 προςφὲρων
868 4065 961 4123 αὐτόν.

49 4137 630 4210 babeotnwrbvb'rrerrqineerioarreor'rro'v,
719 4181 733 4228 ἰ.
767 4179 807 4228 Sic
830 4179 930 4240 seem
959 4173 1152 4224 anteierint.
1188 4173 1214 4224 qq
1234 4175 1275 4225 am

49 4203 131 4332 :m
147 4209 212 4294 περᾷ
231 4213 285 4275 τῆς
303 4203 398 4310 οὗῗιας
414 4207 507 4279 λόγον’
527 4215 631 4296 q⁰³⁰.i⁰
684 4253 708 4297 et
726 4245 781 4296 editi
799 4237 862 4311 napi
880 4237 965 4310 ἡμῶν.
994 4237 1084 4292 ibidem
1095 4245 1193 4306 Sequar.
1205 4243 1274 4294 Gobi.

149 4284 224 4334 edrtrs
247 4285 353 4346 desunt,
377 4283 420 4333 sod
439 4291 463 4334 et
480 4297 508 4333 es
526 4283 633 4334 Nenurus
684 4313 789 4365 ΝΜ.
817 4313 838 4361 ι,
857 4319 881 4362 a
898 4313 922 4361 4·
957 4304 1136 4376 ”pompm
1168 4303 1275 4364 qma

49 4340 141 4470 1‘332'0
151 4419 217 4481 &8⁰
220 4419 258 4468 eri
261 4431 331 4468 'nm'
351 4419 489 4469 Gobmm
501 4419 631 4470 Momm
685 4383 711 4434 ln
730 4382 784 4432 aliis
810 4388 834 4431 st
856 4379 928 4430 editis
946 4379 1015 4430 deest
1031 4371 1137 4430 iocaris.

49 4479 496 4552 erilebeotsbrroddroriio'yov.
527 4488 631 4538 Felrim.
719 4485 741 4535 l.
758 4477 821 4551 περὶ
839 4463 880 4530 dv
896 4482 967 4532 abest
984 4481 1150 4533 aFelclruub.
1180 4481 1273 4533 lbiderrr

49 4545 67 4592 5·
86 4549 189 4620 ποίημα
216 4541 295 4604 εἶναι
322 4549 445 4620 λέγοντες
467 4548 518 4602 τὸν
540 4548 632 4620 λόγον,
684 4555 784 4616 Sequer.
809 4560 832 4602 et
855 4550 1002 4602 salcime.
1028 4541 1063 4599 lv
1079 4545 1150 4618 tem.
1187 4551 1231 4600 ‚ilii
1250 4555 1273 4597 et

49 4615 84 4665 ilii
96 4624 185 4674 crediti
203 4617 318 4689 ποίημα
334 4619 457 4692 iiyesrec
473 4617 524 4673 τὸν
540 4615 631 4690 λόγον.
684 4622 742 4673 editi
758 4613 807 4670 lte
823 4613 895 4687 llyp.
