3062 5044
431 345 575 388 sursrota
590 345 629 386 iv.
646 343 895 390 amasnarronarr.
910 325 916 338 ’
1205 331 1266 396 795

44 495 210 576 „bapt'nati
224 487 356 577 peccant,
380 497 455 558 hano
477 495 660 575 iniquitatem
682 495 712 558 in
736 495 887 576 Spiritum
896 507 1030 559 sanctum
1047 517 1201 562 recurrere
1215 501 1265 572 ait,
1276 515 1351 561 racc
1369 549 1372 554 .

43 599 139 679 „quia
160 606 223 660 tum
244 598 373 678 peccavit
394 598 495 672 homo,
518 615 583 658 curn
606 597 636 658 in
658 597 707 658 illo
722 606 814 660 esset
827 599 965 678 Spiritus.
1011 599 1140 681 Ideoque
1155 603 1264 664 remitti

43 719 132 774 „non
153 719 245 780 posse
268 699 444 780 supplicium
465 697 523 778 ipsi
545 697 708 760 debitum.“

131 807 177 866 tt.
222 793 432 882 Theognustus
456 813 553 862 autem
575 801 648 862 naec
670 801 784 864 adiicit:
819 801 877 875 Qui
898 803 1026 883 primum
1050 813 1080 865 et
1102 806 1265 868 secundum

42 905 200 966 terminum
222 914 426 983 transgressus
450 885 643 976 estsminori
668 904 812 984 supplicio
835 904 941 983 dignus
964 905 1057 967 videri
1079 907 1265 988 possit„qui
1368 947 1371 956 ,

40 1015 139 1068 autem
162 1007 281 1069 tertium
304 1005 506 1076 contemserit,
530 1022 589 1066 non
609 1005 734 1067 ulterius
749 1007 865 1068 reniam
881 1015 1089 1086 consequetur.
1133 1007 1265 1072 Primum

40 1117 138 1170 autem
159 1109 318 1170 terminum
341 1117 370 1170 et
392 1107 554 1170 secundum
579 1107 736 1170 terminum
758 1107 797 1169 ait
819 1108 985 1170 doctrinam
1006 1109 1043 1170 de
1058 1109 1144 1170 Patro
1169 1118 1199 1172 et
1214 1111 1264 1172 ni·
1301 1155 1302 1162 ,

40 1209 78 1270 iio
103 1209 266 1290 acceptam,
296 1211 414 1273 tertium
435 1227 507 1270 rero
530 1209 658 1270 Verbum
686 1209 718 1272 in
738 1209 903 1272 initiatione
932 1222 961 1272 et
987 1211 1018 1272 in
1041 1211 1266 1292 participatione
1356 1253 1358 1260 -

40 1313 170 1392 Spiritus
199 1311 354 1385 traditnm3
382 1311 459 1390 quod
491 1313 665 1372 confirmare
693 1309 797 1372 iniens
826 1311 944 1374 adducit
974 1313 1044 1374 ittud
1066 1312 1266 1394 Discipuiisa

40 1415 191 1476 salvatore
215 1413 340 1476 dictum:
369 1414 473 1476 Adduo
499 1413 596 1474 mutto
618 1413 709 1476 dobeo
733 1415 817 1476 codic
841 1416 954 1487 dicere,
984 1417 1036 1477 ced
1057 1435 1119 1478 aon
1136 1423 1266 1499 potestis

34 1527 167 1595 portare
187 1517 284 1578 modo.
330 1515 403 1578 Com
424 1526 526 1578 nutem
547 1519 665 1577 uenerit
681 1515 815 1595 Spiritus
831 1527 956 1580 coactas
973 1517 1087 1581 docebit
1108 1537 1171 1582 uos.
1205 1519 1265 1580 De-

38 1617 107 1680 inde
131 1618 184 1680 ait:
215 1617 320 1690 „Sicut
342 1635 412 1690 cos,
435 1617 485 1696 qui
507 1617 637 1697 perfecta
659 1619 790 1679 nondum
814 1637 919 1699 capere
940 1629 1084 1699 possunt,
1109 1619 1267 1699 alloquitur

38 1766 56 1792 ,‚
66 1720 201 1782 Salvator
222 1718 258 1780 ad
281 1718 399 1783 illorum
422 1737 490 1780 sese
512 1717 684 1798 parvitatem
707 1719 882 1794 demittens,
912 1733 978 1784 cum
1007 1721 1145 1801 perfectis
1168 1730 1265 1782 autem

38 1820 197 1902 „Spiritus
227 1828 347 1883 sanctus
375 1828 525 1892 versatur,
555 1837 650 1900 neque
678 1829 777 1882 tamen
800 1823 867 1900 quis
889 1821 956 1884 ideo
980 1823 1102 1895 dixerit,
1134 1821 1264 1902 Spiritus

36 1922 166 1996 „sancti
187 1921 350 1984 doctrinam
371 1921 437 1983 Filii
460 1921 624 1984 doctrinam
647 1939 804 2002 superare,
833 1923 886 1985 sed
915 1924 994 2003 quod
1023 1923 1115 1986 Filius
1147 1924 1264 2004 quidem

36 2041 138 2098 „sese
160 2021 291 2086 demittat
313 2024 348 2085 ad
371 2023 574 2104 imperfectos,
598 2023 726 2102 Spiritus
748 2042 820 2086 vero
843 2035 962 2088 sanctus
985 2025 1114 2105 sigillum
1137 2027 1177 2088 sit
1193 2045 1264 2106 pcr-

35 2127 228 2200 „iectorum3
250 2127 294 2188 sic
316 2143 377 2187 non
398 2135 522 2206 propter
544 2125 744 2188 excellentiam
767 2126 896 2206 Spiritus
919 2127 1011 2189 senon
1035 2147 1105 2208 prae
1120 2127 1196 2189 liiiio
1216 2129 1265 2189 in-

38 2227 220 2308 „expiabiiis
242 2238 271 2288 et
293 2226 363 2288 citra
382 2227 501 2310 *veniam
524 2235 572 2288 est
592 2227 774 2308 blasphemia
797 2229 827 2290 in
851 2229 1016 2310 Spiritum,
1040 2230 1093 2294 scd
1116 2230 1183 2310 quia
1207 2231 1264 2292 im-

36 2329 205 2409 „perfectis
228 2328 314 2390 datur
335 2330 436 2402 venia,
469 2329 506 2392 iis
534 2349 621 2403 vero,
654 2329 704 2410 qui
731 2331 844 2396 donurn
873 2331 998 2393 caeleate
1021 2342 1215 2411 gustaverunt
1236 2340 1266 2393 et

37 2431 174 2504 „initiati
190 2438 269 2504 sunt,
289 2432 366 2494 nulla
390 2431 492 2494 reniae
512 2431 690 2512 relinquitur
711 2431 868 2494 excusatio
878 2433 921 2495 vet
942 2433 1143 2513 deprecatiu.“
1186 2435 1266 2495 iiaec

35 2535 135 2613 itaque
159 2533 211 2594 ilii.

124 2739 174 2800 12.
218 2737 282 2816 Ego
304 2745 402 2800 autem
424 2755 460 2800 ex
483 2737 532 2810 iis,
556 2753 630 2816 quae
653 2735 751 2824 didici,
775 2734 904 2798 arbitror
917 2735 1072 2816 utriusque
1088 2723 1264 2798 sententiam

32 2837 182 2900 mediocri
204 2839 328 2919 quadam
349 2839 543 2919 inquisitione
566 2847 596 2900 et
617 2837 823 2900 observatione
845 2837 995 2918 indigere,
1024 2855 1063 2898 ne
1090 2838 1167 2900 torte
1189 2855 1262 2918 pro-

30 2939 156 3002 fundior
179 2941 322 3019 quaedam
343 2941 373 3003 in
396 2941 470 3022 ipsis
493 2941 610 3002 illorum
633 2939 719 3002 dictis
741 2959 826 3002 mens
841 2939 938 3002 lateat.
982 2939 1168 3004 Manifestum
1184 2939 1262 3002 enim

31 3049 89 3114 cst,
114 3040 233 3132 Filium,
257 3061 323 3104 cunr
344 3043 384 3104 sit
404 3043 434 3106 in
458 3043 555 3114 Patre,
578 3042 609 3104 in
631 3041 691 3105 iltis
713 3041 800 3116 etiam
824 3060 900 3116 esse,
922 3041 954 3104 in
976 3041 1083 3122 quihus
1105 3051 1153 3104 est
1166 3041 1263 3114 Pater,

30 3163 91 3205 nec
114 3143 221 3207 abesse
244 3145 397 3226 Spiritum.
440 3145 569 3207 indivisa
598 3162 725 3225 namque
753 3155 798 3206 est
825 3153 941 3219 sancta,
970 3145 1100 3225 perfecta
1129 3142 1264 3204 etbeata

30 3243 180 3309 Trinitas.
222 3247 350 3327 Insuper
371 3246 397 3308 si
420 3247 518 3309 omnia
541 3265 596 3326 per
615 3246 721 3311 Filium
751 3249 825 3309 iacta
853 3255 933 3310 sunt·
951 3255 980 3308 et
1009 3245 1039 3308 in
1068 3245 1136 3326 ipso
1165 3245 1264 3308 omnia

28 3347 214 3423 consistunt,
239 3349 389 3428 quomodo
411 3357 492 3412 extra
515 3349 563 3410 iila
585 3349 651 3429 ipse
673 3349 770 3420 inerit,
793 3365 868 3428 quae
891 3366 944 3428 por
965 3349 1061 3428 ipsum
1078 3349 1152 3410 iacta
1172 3345 1265 3410 aunt?

28 3447 81 3511 Sin
108 3458 211 3512 autem
236 3451 284 3513 iila
305 3450 341 3513 ab
363 3452 429 3532 ipso
453 3469 512 3514 non
543 3453 630 3531 longe
652 3451 776 3523 tuerint,
805 3452 836 3512 in
866 3450 1004 3512 omnihus
1032 3449 1121 3530 igitur
1148 3449 1264 3528 etipse

29 3553 139 3624 tuerit,
172 3561 208 3613 nt
230 3555 398 3614 necessario
422 3555 472 3633 qui
495 3553 524 3614 in
547 3554 652 3616 Filium
674 3561 775 3634 peccat
803 3562 833 3614 ct
861 3551 1059 3630 blasphemat,
1093 3551 1263 3614 iniPatrem

27 3671 155 3733 quoque
184 3661 215 3714 et
240 3654 271 3714 in
293 3653 432 3734 Spiritum
452 3663 597 3717 ,sanctum
625 3665 736 3735 peccet.
783 3653 871 3726 Quod
901 3653 926 3712 si
959 3661 1092 3742 sanctum
1116 3651 1261 3712 lavacrum
1303 3687 1309 3698 ·

28 3753 55 3814 in
77 3755 210 3816 nomine
232 3753 359 3834 Spiritus
383 3757 475 3818 sancti
497 3765 612 3819 tantum
634 3756 764 3830 daretur,
787 3757 853 3816 iure
875 3753 1023 3816 diceretur
1043 3752 1208 3834 baptizatos
1231 3753 1262 3814 in

26 3855 180 3935 Spiritum
205 3864 340 3918 sanctum
361 3857 501 3920 duntaxat
521 3875 653 3938 peccare.
699 3857 771 3918 Cum
793 3863 891 3918 autem
919 3855 949 3916 in
972 3853 1092 3916 nomine
1114 3855 1209 3916 Patria
1233 3862 1263 3915 et

25 3955 90 4018 iiiii
117 3966 153 4018 et
171 3956 307 4036 Spiritus
330 3961 423 4022 sancti
445 3959 547 4034 detur,
571 3961 672 4040 sicque
695 3959 820 4038 singuli,
843 3958 892 4038 qui
915 3957 1116 4038 baptizantur,
1139 3956 1347 4024 initian-am.

56 4127 76 4162 o.
98 4113 166 4172 itep.
186 4117 211 4160 et
228 4113 326 4174 Sepucr.
344 4104 409 4161 tuat.
446 4113 519 4162 Paulo
532 4122 587 4176 post
599 4115 622 4164 in
709 4129 731 4176 p.
751 4113 806 4174 Rea.
825 4121 849 4162 et
866 4113 965 4174 chuer.
984 4103 1155 4177 ἐπουρανίου.

26 4179 109 4230 iisdem
133 4173 169 4227 δέ
187 4179 256 4230 deest
274 4187 328 4244 post
346 4172 419 4230 ὅταν.
455 4181 546 4230 ibidem
567 4183 623 4244 itep.
711 4185 733 4230 h.
753 4183 808 4244 Rep.
828 4188 851 4230 et
869 4182 969 4244 Seguer.
986 4173 1031 4228 troi
1048 4172 1237 4244 κεκρυμμένος.

26 4249 128 4309 Seouer.
152 4245 254 4297 Gobier.
279 4255 302 4296 et
325 4247 429 4298 ieictm.
451 4242 523 4298 1.τό
542 4241 624 4314 ἅγιον
711 4251 725 4300 i.
745 4251 785 4299 Sic
803 4250 859 4311 dep.
885 4259 909 4300 et
935 4251 1034 4312 Sepoer.
1068 4247 1130 4297 Edrti
1149 4261 1204 4296 aero
1222 4239 1264 4295 ἔτι

26 4315 144 4380 πνεῦμα.
196 4313 258 4364 Editi
285 4307 316 4361 ιό
343 4315 448 4382 πνεῦμα
475 4311 506 4364 τὸ
534 4309 623 4382 ἅγιον.
677 4309 705 4365 d'
727 4303 768 4367 αὖ.

27 4383 68 4432 iiic
85 4381 329 4446 autemScriptnrae
348 4385 415 4442 iocus
433 4387 624 4448 quoudsentun·
712 4389 731 4436 t.
752 4388 808 4448 dep.
833 4387 931 4466 Sequar.
958 4385 1055 4436 Gobier.
1074 4383 1219 4433 erroreum.
1241 4382 1262 4434 l.

27 4454 82 4500 tiam
103 4457 214 4511 uatum,
233 4465 280 4500 nou
297 4451 328 4512 ad
346 4453 442 4502 verbum
456 4455 624 4506 contionario
677 4447 707 4502 cd
726 4453 833 4522 πνεῦμα
851 4467 882 4501 ro
900 4467 988 4518 uycoa.

25 4521 137 4568 otientur.
712 4525 727 4574 1.
747 4525 787 4575 Sia
805 4523 861 4587 disp.
886 4523 986 4586 Segner.
1009 4520 1099 4584 inpiis.
1123 4521 1221 4570 Gobier.
1239 4527 1264 4569 et

61 4589 78 4638 Ι·
99 4587 161 4647 Rtt·
184 4597 207 4636 tt
225 4587 324 4650 Ststtt·
343 4583 524 4653 συγγίγνεται.
678 4593 782 4646 nereum.
797 4595 818 4644 t.
855 4591 881 4644 in
899 4591 969 4644 editio
987 4583 1018 4640 di
1033 4583 1079 4638 xci
1097 4579 1134 4620 ὦ
1150 4583 1262 4636 ⁶⁸5⁶«.
