3158 5050
530 346 676 392 errarent
690 349 709 391 r.
726 351 763 392 au
780 351 975 396 susurrones.
1293 347 1354 411 695

104 494 272 572 auserem
293 513 347 556 cor
368 493 517 578 lapideum
540 501 574 562 de
597 519 689 564 corne
709 513 829 578 oestro,
861 517 889 568 et
918 505 993 568 dabo
1016 509 1099 571 vobis
1124 527 1178 572 eor
1200 531 1353 590 commem,
1363 529 1435 576 near

110 607 148 658 et
175 593 331 675 Spiritum
352 617 448 661 mmm
471 602 545 664 dabo
567 606 601 664 in
622 603 715 666 uobis.
762 605 887 677 Quando
903 625 974 687 ergo
991 608 1020 669 id
1042 609 1194 691 impletum
1216 623 1272 689 est,
1296 617 1355 680 nisi

112 713 192 758 curn
217 696 336 760 advenit
349 698 493 764 Dominus
516 713 546 765 ct
567 723 621 766 sua
644 705 736 785 gratia
752 707 851 769 omnia
865 709 1041 772 renovavit?
1084 713 1178 775 Porro
1195 715 1252 779 boc
1267 705 1369 782 etiam'

113 797 150 859 in
175 798 247 861 loco
270 800 428 879 spirituum
451 803 616 868 differentia
640 809 816 872 ostenditur.
860 809 933 873 Nam
961 813 1087 892 spiritus
1113 825 1218 878 noster
1247 819 1275 880 is'
1297 829 1353 895 est,

116 900 176 979 qui
201 911 380 980 renovatur,
412 908 466 968 sed
493 908 635 988 Spiritum
664 919 796 986 sanctum
825 931 885 974 non
912 915 1087 995 simpliciter
1107 908 1266 1000 spiritum,
1300 921 1353 985 sed
1419 962 1427 986 s

118 1019 214 1066 suum
237 1023 306 1094 esse
328 1007 464 1088 spiritum
486 1009 565 1072 [taos
588 1011 780 1086 declaratio
802 1033 861 1095 quo
880 1015 993 1078 scilicet
1007 1018 1113 1097 spiritu
1134 1027 1239 1082 nostor
1260 1039 1352 1084 reno-

117 1111 221 1179 vatur,
244 1107 285 1170 uti
307 1109 464 1172 Psalmista
480 1111 598 1174 Psalmo
621 1115 783 1177 centesimo
806 1117 894 1180 tertio
917 1118 1080 1182 luculenter
1098 1120 1200 1183 docet:
1223 1123 1352 1204 Anseres

118 1211 271 1287 spiratum
292 1231 396 1275 sorum
419 1225 447 1278 et
469 1215 608 1296 deficient
628 1227 658 1279 et
679 1221 712 1279 in
729 1218 890 1298 pulverem
915 1239 1005 1284 sunm
1019 1233 1223 1288 revertenter.
1257 1223 1353 1288 limit-

120 1317 169 1370 tes
192 1309 344 1392 Spiritum
367 1325 451 1377 tunm
474 1325 503 1378 et
524 1319 721 1390 crecbnntnr,
745 1329 773 1382 et
795 1322 954 1384 renovabis
975 1324 1084 1403 scriem
1106 1335 1219 1387 terroe.
1263 1323 1353 1398 Quod

119 1409 149 1471 si
173 1411 204 1472 lu
227 1413 340 1492 Spiritu
361 1416 414 1478 liei
436 1432 628 1493 renovamur,
660 1438 721 1482 non
749 1440 820 1500 ergo
844 1422 974 1502 Spiritus
1005 1434 1125 1488 sanctus
1154 1427 1181 1487 is
1210 1435 1271 1503 est,
1300 1427 1351 1508 qui

120 1514 219 1575 creari
242 1514 362 1589 dicitur,
391 1519 443 1580 sed
469 1527 573 1582 noster
598 1521 730 1600 spiritus.
776 1523 806 1584 Si
835 1525 907 1587 item
936 1527 1003 1606 quia
1026 1528 1124 1589 omnia
1146 1547 1200 1608 per
1220 1529 1434 1596 Verbumrnse.

119 1610 197 1677 iacta
220 1627 299 1691 sunt,
322 1627 403 1682 recte
426 1622 542 1684 sentitis
565 1623 671 1686 Filium
693 1643 753 1686 non
776 1643 845 1688 esse
866 1645 930 1688 rem
953 1635 1090 1720 creatam,
1113 1647 1150 1691 an
1172 1643 1232 1692 non
1247 1631 1350 1696 itidem

120 1717 247 1797 impium
270 1729 317 1784 est
348 1741 401 1782 ros
425 1724 567 1804 Spiritum
590 1732 741 1801 sanctum,
772 1728 803 1788 in
826 1747 884 1808 quo
906 1729 994 1792 Pater
1022 1749 1077 1811 per
1099 1731 1226 1795 Verbum
1251 1735 1350 1798 omnia

122 1821 238 1900 perlicit
266 1832 295 1884 et
322 1833 461 1900 renovat,
492 1827 671 1890 contendere
699 1848 763 1892 rem
785 1849 852 1908 esse
875 1831 1027 1894 creatam?
1070 1833 1101 1895 si
1131 1833 1235 1914 igitur,
1268 1836 1349 1916 qudd

122 1923 297 2003 simpliciter
319 1927 464 2006 scriptum
486 1929 525 1991 sit
546 1931 683 2010 spiritum
706 1933 810 2006 creari,
833 1932 914 1996 illum
931 1933 1040 2000 idcirco
1056 1935 1198 2014 Spiritum
1214 1945 1348 2000 sanctum

123 2045 191 2088 esse
212 2027 269 2090 silai
290 2030 365 2109 ipsis
386 2031 514 2104 finxere,
543 2033 600 2094 iam
622 2051 800 2113 persuasum
822 2035 879 2096 illis
903 2053 972 2096 esse
995 2035 1098 2110 debat,
1120 2055 1182 2098 nou
1205 2037 1347 2118 Spiritum

122 2131 360 2194 sanctum-illum
382 2151 467 2207 esse,
491 2133 541 2214 qui
564 2143 696 2210 creatur,
720 2137 773 2198 aed
796 2144 933 2198 nostrum
956 2157 1039 2212 esse,
1070 2139 1120 2218 qui
1143 2139 1173 2200 in
1196 2157 1231 2200 eo
1253 2159 1345 2202 reno-

122 2240 221 2304 uatum
249 2253 305 2312 qua
335 2235 372 2297 dc
393 2254 426 2298 re
448 2237 565 2318 etipse
586 2239 676 2300 David
699 2239 756 2300 hoc
778 2239 867 2302 modo
889 2240 1079 2319 precabatur:
1115 2241 1175 2303 Cor
1202 2244 1347 2304 mnndum

122 2355 191 2399 cren
211 2342 245 2399 in
265 2355 319 2410 me,
343 2339 435 2412 Dens,
459 2351 488 2403 et
510 2344 651 2420 spiritam
674 2353 790 2404 rectam
804 2347 917 2404 innouc
932 2347 964 2403 in
981 2344 1146 2406 asserribus
1161 2347 1243 2405 meis.
1272 2343 1345 2406 Eta-

122 2439 183 2501 uim
204 2441 261 2502 hoc
288 2441 318 2502 in
341 2440 406 2502 loco
430 2441 566 2521 spiritum
588 2461 690 2504 creare
712 2442 834 2516 dicitur,
863 2461 950 2523 quem
973 2449 1059 2504 antea
1080 2443 1220 2517 finxerat,
1251 2451 1282 2504 ut
1305 2443 1346 2511 ait

124 2541 290 2604 Zacharias:
319 2544 491 2608 Extendens
520 2543 635 2606 coelom
666 2555 693 2606 et
714 2545 850 2623 [nodone
874 2555 990 2606 terram
1013 2555 1041 2606 et
1062 2543 1179 2626 fingens
1201 2549 1345 2626 spiritum

125 2643 247 2708 bominis
268 2649 301 2708 in
321 2650 398 2728 apso.
445 2645 540 2718 Quem
563 2645 642 2706 enim
665 2653 750 2706 antea
771 2645 911 2718 finxerat,
943 2645 1069 2706 eundern
1097 2653 1200 2724 postea
1229 2644 1344 2730 lapsum

120 2745 216 2808 denuo
237 2748 361 2821 creavit,
389 2747 482 2809 iactus
504 2746 622 2828 ipsein
644 2765 677 2808 re
700 2755 812 2820 creata,
825 2763 943 2825 nempe
965 2763 1031 2807 cum
1053 2745 1183 2806 Verbum
1205 2763 1273 2806 cero
1296 2745 1342 2804 la-

122 2856 197 2911 ctum
219 2859 272 2924 eat,
294 2863 336 2922 nt,
360 2849 608 2931 quemadmodum
629 2847 791 2929 Apostolus
814 2848 865 2920 ait,
888 2851 963 2911 dnos
988 2848 1097 2910 condat
1110 2851 1150 2922 ,in
1172 2864 1268 2908 nnnm
1284 2863 1343 2908 no-
1445 2862 1447 2866 ’

122 2969 190 3014 unm
211 2951 372 3029 bominem,
402 2957 455 3034 pni
475 2952 638 3015 sennodum
658 2951 755 3012 Deum
778 2959 896 3012 creatus
920 2960 963 3012 est
984 2951 1156 3011 iniustitia
1177 2958 1207 3010 et
1227 2951 1343 3011 soncti-

123 3061 181 3116 tcte
202 3059 349 3117 ueritatis.
392 3054 424 3115 ld
448 3053 526 3115 enim
549 3071 610 3114 nou
632 3051 722 3126 dixit,
749 3059 888 3131 tanquam
918 3061 1033 3112 creatus
1064 3049 1104 3112 sit
1133 3049 1209 3112 alius
1231 3047 1268 3111 ab
1289 3047 1340 3110 illo

122 3154 254 3229 bomine,
287 3155 338 3236 qui
360 3154 445 3216 initio
467 3155 502 3217 ad
525 3155 681 3234 imaginem
704 3156 796 3217 lactus
818 3153 889 3229 iuit,
912 3153 965 3214 sed
987 3152 1024 3214 ad
1046 3159 1173 3214 creatam
1196 3159 1226 3213 et
1246 3169 1340 3214 reno-

121 3265 211 3319 vatam
232 3257 263 3318 in
286 3257 403 3320 Christo
426 3265 555 3320 mentem
578 3256 797 3337 suscipiendam
819 3254 921 3317 fideles
943 3253 1136 3328 hortabatur,
1159 3251 1240 3334 quod
1260 3251 1340 3316 idern

114 3337 166 3420 ¹his
187 3359 282 3422 verbis
304 3369 436 3440 praestat
458 3359 607 3421 Ezechiel:
632 3360 730 3422 Facite
751 3359 835 3425 uobis
860 3377 913 3420 cor
935 3376 1046 3420 nouam
1068 3367 1098 3420 et
1118 3360 1261 3438 spiritum
1281 3374 1339 3420 nn·
1410 3441 1415 3446 ι

122 3481 202 3536 onm;
226 3473 254 3524 et
276 3482 371 3544 pnore
392 3467 548 3525 morimini
568 3463 672 3525 damas
696 3457 821 3524 lereti?
867 3461 946 3534 Qnic
968 3459 1040 3522 nolo
1062 3467 1189 3522 mortem
1204 3461 1339 3520 morien-

125 3567 171 3635 tis,
195 3563 263 3626 dicit
284 3565 403 3628 Adonai
425 3565 573 3627 dominns.

203 3768 250 3831 lb.
296 3767 367 3830 Cum
389 3769 478 3847 igitur
505 3767 545 3828 ita
578 3765 764 3828 sentiendum
787 3766 827 3826 ait
848 3764 884 3826 de
906 3763 955 3824 illc
969 3761 1102 3842 spiritu,
1131 3760 1181 3840 qui
1210 3763 1335 3829 creatur,
1434 3829 1441 3837 ι

122 3876 313 3948 congruenter
333 3887 451 3950 quoquc
474 3867 596 3948 intelligi
618 3874 720 3948 potest
741 3865 871 3938 tonitru,
895 3863 974 3944 quod
995 3861 1105 3924 lrrmari
1127 3859 1236 3924 ibidem
1258 3857 1333 3920 dici-

120 4055 142 4106 2.
160 4049 373 4120 etSegocr.oairb
389 4047 466 4107 εἶναι.
504 4057 582 4108 Ceteri
601 4063 624 4105 et
642 4055 699 4106 aditi
750 4043 902 4134 bucmittunt.
938 4050 1034 4101 Gobler.
1052 4045 1227 4099 etbelclrm.l·
1244 4043 1333 4094 ibidem

120 4117 183 4173 abab
200 4126 317 4176 omittunt.
749 4133 845 4188 ηυχετο
862 4116 957 4184 λέγων.
1173 4181 1177 4191 Ι
1210 4151 1216 4176 ,
1274 4133 1278 4143 =

152 4210 170 4244 c.
188 4193 241 4257 lteg.
262 4195 283 4244 l.
303 4203 327 4244 et
345 4195 443 4256 Seguer.
461 4189 636 4256 γεγενῆσθαι.
784 4193 799 4238 t.
826 4191 881 4250 neg.
902 4189 923 4237 l.
942 4195 965 4236 et
984 4185 1006 4235 2.
1024 4190 1055 4262 'et
1079 4182 1218 4261 segnensis.
1243 4179 1334 4230 addunt

151 4261 173 4311 d.
189 4263 228 4310 Sic
242 4261 299 4324 lteg.
311 4263 333 4311 l.
353 4271 376 4311 et
393 4261 461 4324 tagl·
495 4263 523 4310 tt
541 4261 580 4310 olii
601 4269 623 4310 et
641 4259 696 4308 edit.
749 4251 763 4306 b
781 4249 854 4311 baba,
873 4255 913 4306 alii
932 4263 956 4304 et
974 4253 1030 4304 editt
1048 4257 1167 4328 omrtguut.

121 4329 228 4380 Commel.
244 4322 397 4396 γνώτωσαν
415 4321 458 4376 bu
476 4337 520 4378 etc.
556 4328 617 4377 lbid.
636 4341 696 4392 quaa
781 4341 803 4388 g.
823 4327 879 4385 lteg.
899 4324 921 4372 l.
940 4329 963 4371 et
981 4321 1081 4382 Seguer.
1099 4313 1237 4394 ανέστησς.
1308 4383 1331 4394 ,‚

120 4405 243 4462 sequantur
261 4399 291 4447 ita
311 4407 403 4448 exstant
421 4399 444 4448 in
463 4397 535 4459 Regio
556 4395 577 4443 l.
596 4397 696 4458 Segner.
782 4395 804 4443 b.
824 4393 864 4442 Sic
882 4393 936 4453 Reg.
949 4389 970 4438 l.
984 4388 1114 4466 etSeguer.
1149 4385 1263 4444 deterret
1276 4383 1332 4432 edrtr

122 4465 209 4514 Gobler.
233 4475 256 4516 et
280 4467 384 4516 Fetctm.
404 4466 427 4514 1.
463 4469 490 4513 tt
508 4463 581 4513 ceteri
599 4471 622 4512 et
640 4461 697 4512 editi
748 4463 859 4512 omittunt
876 4452 973 4523 ἔλεγεν.
1010 4455 1101 4506 lbtdern
1120 4469 1181 4519 quae
1199 4459 1333 4516 sequuntur

120 4523 441 4654 'tltttatdttdi
454 4523 695 4662 ‘itit‘l'dttt
746 4521 1333 4648 tulit.lotideinteribili}
