3048 5052
439 349 548 394 ιιιιιο
563 349 585 392 ι.
600 347 716 394 conam
729 347 864 394 ιιιιιιι.
1208 333 1273 402 209
1354 401 1356 406 ¹

73 505 174 584 impiet
192 521 207 563 ι
225 501 311 564 Patre
333 507 364 562 et
385 499 517 562 omnium
541 498 677 580 opificem
699 497 776 562 inter
806 515 896 578 opera
918 507 1086 562 numerent.
1129 499 1356 577 sabailliaus.

73 605 144 668 etiam
162 602 263 666 idcirco
286 601 475 664 damnatione
496 601 577 679 digni
599 600 726 674 bieriut,
759 599 838 678 quod
867 618 933 662 mm
961 599 1118 681 Episcopis
1146 603 1271 668 Nicaeae

72 705 228 786 mogreqatis
249 703 368 766 crimini
388 702 459 766 dent
481 701 630 764 vocabulis
652 719 714 762 nou
737 701 857 780 scriptis
881 719 954 762 usos
976 720 1055 777 esse,
1078 707 1273 770 tameteinou

72 808 151 887 impiis
171 806 220 868 sed
241 807 342 887 potius
365 805 401 866 ad
424 805 542 867 illorum
564 802 744 884 impietatem
768 801 956 864 evertendam
978 805 1132 883 aptissime
1153 809 1272 887 positis,

72 911 116 990 ipsi
134 928 180 972 sna
200 917 305 988 sponte
327 906 451 970 eandem
473 924 534 968 nou
556 903 693 967 dubitent
712 903 816 966 subire
831 903 1077 980 criminationem,
1097 907 1168 971 dum
1182 929 1271 974 voces

74 1029 121 1070 nou
137 1011 252 1090 scriptas
275 1015 436 1088 usurpem,
460 1007 645 1089 comitiaque
667 1005 836 1085 excogitant
854 1004 997 1068 adeamus
1019 1007 1195 1086 Dominum,
1217 1031 1275 1076 nec

73 1129 98 1170 ea
116 1119 295 1192 eopiosmnt,
316 1127 390 1189 quae
411 1108 470 1188 ipsi
492 1109 594 1170 dicum
615 1115 646 1170 ιι
659 1116 842 1170 asseverant.
875 1109 1064 1190 interrogent
1077 1109 1177 1190 itaquae
1191 1113 1273 1176 Gen-

71 1212 136 1285 tiles,
161 1211 304 1294 aquibus
325 1209 496 1273 huiusmodi
518 1209 649 1272 didicere
671 1208 833 1272 medonem
861 1213 937 1282 inec·
952 1204 1031 1277 enirn
1055 1211 1273 1292 scripturarum

72 1313 113 1372 sed
132 1313 239 1376 illonmi
261 1330 320 1374 vox
341 1312 398 1374 ista
421 1318 622 1374 commentum
645 1305 720 1388 est),
748 1319 782 1373 ιιι
810 1311 901 1374 variis
922 1313 987 1374 eius
1009 1312 1274 1391 significationibus

69 1413 158 1476 auditis
177 1414 357 1493 intelligant,
383 1433 417 1476 ιι
439 1431 477 1474 ne
500 1413 538 1474 de
558 1412 607 1474 his
629 1411 765 1491 quidem,
795 1413 832 1474 de
860 1413 967 1492 quibus
996 1414 1165 1494 disserunt,
1192 1425 1274 1480 recte

68 1533 141 1575 nosse
165 1515 355 1596 interrogare.
406 1513 470 1594 ligo
499 1513 578 1576 enim
604 1523 729 1594 propter
758 1513 826 1576 illos
856 1514 945 1578 didici
973 1517 1175 1580 uon-lactum
1204 1517 1358 1595 dicium.

67 1615 130 1692 quod
150 1617 276 1678 noudum
299 1617 493 1688 factumest,
521 1614 575 1677 sed
604 1614 669 1676 lieri
692 1624 819 1708 potest..
836 1625 868 1678 ut
895 1617 1023 1696 iignum,
1053 1619 1133 1697 quod
1155 1618 1275 1698 quidem

67 1716 177 1778 nondum
197 1719 307 1798 scapha
329 1718 523 1791 astinetum,
551 1716 606 1780 sed
627 1717 692 1780 lieri
713 1725 823 1797 potest
868 1718 985 1782 Rursus
1008 1721 1197 1784 nou-iactum
1219 1741 1274 1784 ro-

66 1827 127 1892 rant,
146 1819 221 1899 quod
243 1838 341 1899 neque
362 1819 472 1880 iactum
494 1825 542 1879 est
562 1837 658 1898 neque
682 1837 810 1900 unquam
832 1819 896 1913 lieri
918 1828 1028 1900 potest,
1056 1829 1090 1882 ut
1112 1821 1274 1902 triangulus

66 1920 259 2002 quadrangulus
295 1929 324 1984 et
345 1939 489 1984 numerus
510 1937 565 2000 par
584 1920 691 2002 impar.
733 1922 796 1984 Nec
823 1922 902 1984 enim
932 1923 1097 2002 triangidus
1125 1923 1275 2003 quadran-

66 2021 135 2097 gulus
155 2042 282 2104 unquam
303 2023 369 2098 luit,
391 2031 442 2084 aut
464 2041 593 2103 unquam
615 2024 732 2086 iuturus
754 2032 812 2099 est,
833 2043 890 2086 nec
906 2025 978 2086 item
993 2043 1137 2088 numerus
1151 2017 1206 2106 par
1220 2025 1277 2088 luit

66 2122 102 2183 rel
120 2126 170 2186 erit
189 2115 327 2206 unquam'
342 2125 449 2205 impar.
492 2125 648 2188 Praeterea
670 2125 779 2188 elicitur
799 2127 1020 2200 uon-lactum,
1052 2126 1276 2208 quodquidam
1313 2201 1316 2211 ι

66 2225 156 2300 nictit,
176 2227 227 2290 sed
250 2247 289 2290 ex
311 2226 394 2290 nulio
416 2233 463 2288 cst
482 2233 594 2302 natum,
616 2227 826 2307 neminemque
841 2246 968 2308 prorsus
984 2227 1030 2290 sui
1046 2237 1161 2308 patrem
1176 2214 1274 2294 babet

65 2325 176 2390 brunus
196 2348 317 2410 quoque
338 2327 475 2408 sophista
496 2328 672 2396 ralerrimus
701 2337 731 2392 et
758 2329 893 2392 haeresis
919 2339 1065 2412 patruum
1093 2331 1124 2392 in
1151 2331 1275 2411 proprio

67 2429 185 2505 opusculo
198 2431 331 2512 addidit,
356 2431 546 2494 uon-laetum
568 2415 638 2494 esse
658 2431 700 2506 id,
723 2431 804 2511 quod
825 2451 889 2494 non
910 2441 957 2494 ιιι
978 2434 1097 2501 lactum,
1120 2431 1173 2494 sed
1195 2433 1275 2511 quod

65 2544 163 2610 semper
183 2543 238 2596 est.
286 2533 388 2612 itaque
410 2551 539 2612 quonam
561 2551 655 2596 seusu
677 2551 780 2596 vocem
801 2533 969 2596 nou-laeti
991 2531 1198 2612 intelligerent,
1219 2549 1276 2596 ne-

65 2648 133 2693 eesse
153 2644 212 2697 erat
234 2653 291 2706 eos
313 2635 525 2714 interrogando
549 2634 705 2716 explicare,
729 2642 763 2696 ιιι
783 2633 920 2696 videlieet
940 2633 978 2710 is,
1001 2634 1053 2714 qui
1069 2632 1276 2712 interrogaba-

64 2739 110 2809 tur,
129 2737 181 2800 rite
200 2745 311 2819 posset
331 2737 525 2816 respondere.

133 2940 179 3002 31.
225 2938 360 3014 Quodsi
383 2957 416 3000 se
431 2944 511 3000 recte
532 2945 639 3017 putant
660 2935 847 3015 interrogare
869 2951 936 2998 eum
958 2934 1057 2998 aiunt:
1078 2933 1217 2997 Unumne
1232 2942 1280 2998 ιιι

63 3039 231 3113 bondenum
254 3059 295 3104 an
317 3037 400 3102 duoi
422 3031 551 3119 primum
567 3038 686 3118 quidem
703 3045 736 3101 ut
750 3036 880 3118 imperiti
894 3036 1024 3112 audituri
1039 3043 1120 3114 sunt,
1142 3043 1173 3098 et
1185 3034 1278 3098 mulla

63 3144 85 3196 at
102 3141 169 3202 nibil
190 3161 277 3216 esse,
308 3141 434 3222 piurima
458 3141 594 3221 inquam,
623 3159 697 3220 qnae
720 3158 790 3202 esse
811 3147 957 3220 possunt,
985 3137 1059 3200 nibil
1081 3155 1168 3213 vero,
1197 3135 1278 3217 quod

64 3236 115 3299 beri
135 3261 192 3305 uon
214 3251 316 3324 queat,
339 3243 587 3323 quemadmodum
609 3243 719 3304 dictum
742 3250 799 3304 est.
843 3241 902 3304 Sed
925 3241 953 3302 si
975 3249 1008 3303 ut
1026 3239 1148 3304 beterio
1168 3239 1280 3322 placuit

62 3355 111 3400 ιιι
132 3342 168 3418 id,
189 3347 271 3425 quod
295 3345 404 3407 iactum
428 3355 483 3420 est,
507 3344 561 3406 sed
583 3344 663 3425 quod
684 3361 804 3424 semper
825 3349 881 3418 est,
903 3344 1106 3420 non-lactum
1129 3359 1214 3414 esee,
1236 3339 1281 3402 sic

65 3436 97 3500 illi
115 3442 167 3506 boc
187 3465 282 3508 seusu
306 3447 510 3525 interrogant,
533 3445 654 3508 audiant
674 3463 731 3507 uec
753 3443 846 3506 semel
868 3442 923 3506 sed
944 3444 1075 3524 saepius,
1098 3441 1206 3504 Filium
1227 3459 1279 3504 se·

64 3542 174 3608 cundum
195 3547 275 3611 banc
297 3547 542 3628 significationem
563 3547 754 3610 non-lactum
775 3563 866 3626 posse
892 3545 960 3607 dici.
1003 3545 1136 3624 Namque
1157 3561 1214 3606 nec
1235 3551 1283 3606 ιιι

65 3747 178 3836 qt'ufydp
196 3775 243 3818 etc
281 3767 357 3818 Paulo
384 3775 440 3830 post
457 3769 557 3848 Sequar.
576 3759 640 3816 otte
691 3765 754 3818 satu
771 3763 868 3816 νοοῦσι
891 3761 922 3814 τὸ
942 3757 1101 3831 ἀγέννητον.
1138 3760 1246 3812 Felsina.
1255 3757 1282 3810 5.

65 3841 176 3892 οιριιος
182 3871 248 3886 .....
270 3825 333 3884 aidi
349 3825 454 3899 γένοιτ’
475 3851 518 3886 αν.
557 3873 563 3884 ,
691 3835 749 3886 ibid.
770 3827 826 3884 ἔδει
844 3827 1088 3900 προσιοιηθέπιις.
1131 3887 1140 3908 ,
1279 3886 1285 3897 ¹

89 3911 108 3957 s·
124 3902 219 3964 bomar.
237 3905 339 3960 ssobler.
364 3912 387 3952 ιι
405 3904 508 3954 Falcim.
529 3903 550 3954 l.
579 3893 640 3966 dyt-
725 3903 740 3952 i.
759 3903 858 3965 Sequor.
878 3893 1020 3968 ἀγένητον.
1052 3891 1283 3972 Ediiiuylrrufw·

62 3976 132 4038 ιζιιιι
147 3979 169 4018 et
188 3985 243 4022 mox
261 3964 300 4036 ptri
318 3967 443 4036 γενηθίν.
479 3971 542 4022 Editi
558 3978 582 4020 et
599 3970 640 4020 alii
725 3969 748 4019 li.
767 3969 808 4020 Sic
827 3985 884 4022 mss.
903 3977 1000 4036 praeter
1019 3967 1123 4016 i'elcim.
1136 3963 1175 4023 2,
1199 3975 1239 4025 qui
1258 3967 1285 4012 ut

63 4028 197 4094 (ιγίννηιιν
214 4047 239 4088 ιι
256 4030 294 4105 μὴ
313 4035 454 4103 γεννηθέν.
475 4068 480 4076 ι
692 4037 748 4088 editi
768 4038 884 4088 mendose
903 4039 974 4087 babet
992 4027 1083 4103 ἤρισε.
1114 4029 1285 4090 ii⁰¹S²li¹²iio

90 4103 109 4148 b·
125 4105 222 4166 chnur.
242 4107 448 4171 conoypurlp.
482 4105 544 4156 Editi
558 4113 582 4155 et
599 4105 640 4155 alii
691 4104 842 4165 noalliensis,
860 4105 963 4167 anglic..
982 4103 1080 4154 Gobler.
1100 4106 1123 4148 et
1141 4096 1245 4147 lieiclm.
1261 4096 1285 4147 i.

62 4164 226 4237 ῦινιᾶγματι.
267 4174 327 4224 ibid.
353 4176 523 4235 sequerianus,
542 4173 641 4224 Goblcr.
693 4163 828 4238 ἀγένητον
851 4159 929 4222 εἶναι.
972 4170 1034 4219 iidili
1062 4165 1152 4217 etalii
1273 4191 1285 4202 -

1208 4158 1255 4212 llo

62 4237 192 4306 etlielctm.
209 4243 232 4292 1.
257 4235 287 4290 u
306 4256 346 4290 ων
370 4257 387 4288 α
406 4237 504 4301 ivam
521 4228 591 4290 eirca
608 4233 640 4288 τι
693 4254 742 4288 ιον
759 4229 837 4288 abac
874 4237 948 4289 Panlo
971 4243 1028 4302 post
1045 4233 1137 4296 duplic.
1156 4177 1222 4282 dubio
1238 4179 1286 4280 uzi

62 4303 235 4389 uqnctpdir,
274 4298 282 4320 '
317 4256 444 4360 'diluam
481 4310 541 4360 Editi
561 4309 641 4358 etalii
691 4301 827 4360 πολλάκις.
1009 4372 1014 4382 ν
1118 4368 1142 4380 ..
1191 4369 1196 4380 Ι

62 4363 134 4442 {frua
151 4365 393 4441 arimanniam
411 4371 442 4425 τὸ
459 4372 498 4443 μὴ
513 4369 640 4436 ποιηθέν,
728 4376 743 4424 Ι.
766 4375 939 4438 Sequarieuus,
957 4374 1054 4436 ιιιιιιι,
1070 4369 1220 4447 basiliensis,
1237 4367 1286 4418 bu·

65 4431 111 4484 ‘ii'
131 4433 171 4494 riti
189 4436 230 4495 ὄν.
269 4447 328 4498 ibid.
348 4447 448 4510 sepner.
468 4445 557 4506 etiieg.
572 4435 643 4493 κατὰ
693 4443 812 4508 qlleenus,
832 4442 930 4492 Gobler.
949 4449 973 4491 et
991 4439 1096 4490 Falcim.
1109 4437 1131 4488 i.
1148 4429 1286 4512 αγένιτιιε.

63 4506 258 4562 notaverim.
298 4515 360 4566 Editl
383 4505 454 4564 κατὰ
476 4511 558 4562 ποῖον
585 4497 642 4564 οὖν.
692 4511 755 4562 Editi
774 4501 929 4575 ἀγέννητοι.
967 4509 1019 4558 iios
1037 4507 1173 4560 isloimao.
1188 4503 1211 4554 b.
1229 4514 1288 4580 spu·

65 4569 111 4626 item
127 4581 227 4644 Smer.
248 4581 306 4634 ibid.
328 4580 426 4632 νοοῦσι
449 4575 480 4630 τὸ
499 4573 642 4646 ἀγένητον.
691 4577 840 4645 γεννητῶν.
860 4575 1257 4638 ΔΙιιιιιιιιιιιῦιιιιιιιιΙ.γινιιι·

94 4665 217 4712 basianam
230 4679 284 4713 ora.
295 4681 366 4714 ιιιι.
380 4681 430 4716 ιιι.
1054 4661 1085 4710 td
