3118 5052
491 351 601 398 oaanto
617 351 649 396 ιι.
666 331 782 398 eonem
796 351 943 432 ιιιιιιιιιι.Δ
997 421 1000 428 γ
1260 337 1320 406 tot

97 503 228 568 manibus
249 502 325 584 opit,
358 501 427 583 quia
449 502 505 566 hae
526 501 646 583 quidem
669 502 814 578 existunt,
843 511 874 566 at
894 503 1017 568 veebum
1038 498 1157 568 illolum
1180 505 1253 570 nibil
1275 515 1411 568 natanta

96 605 273 672 oonaiatnna.
317 604 446 668 Verbum
473 613 572 668 autum
598 605 667 678 liei,
696 615 730 668 ιιι
757 605 799 667 ιιι
826 605 1001 686 Apostolus,
1033 611 1137 672 oioetta
1159 619 1189 671 et
1210 607 1325 690 esfiona

96 720 137 772 ιιι
164 707 224 770 Dei
253 705 379 770 Verium
406 716 437 768 et
460 706 681 788 penetrabilius
715 710 798 770 omni
812 693 923 786 ‘plodio
952 711 1082 789 anepiti
1100 719 1129 770 et
1147 713 1324 790 pertetapetta

96 827 186 891 eaque
207 793 254 872 ⁴nd
280 811 457 870 diuisionem
485 813 604 870 animae
632 827 668 870 oe
690 811 838 889 spiritua,
871 827 1046 890 eoatpopaat
1067 828 1182 892 quoque
1203 830 1239 873 oe
1260 831 1325 874 ιιιι-

97 910 260 980 daiionun,
284 922 314 974 et
333 912 427 972 iodea
448 921 493 974 eat
513 911 745 972 meditationum
765 920 796 972 et
818 913 1034 989 eopitotiottttat
1055 913 1166 982 eordia,
1188 931 1243 976 neo
1257 911 1325 976 olle

98 1021 278 1098 numento
304 1010 354 1074 iili
382 1011 502 1074 oeealto
528 1021 591 1084 eat,
624 1012 677 1074 aed
704 1015 807 1074 oatttio
833 1011 917 1074 nuda
943 1022 973 1074 et
1000 1022 1111 1094 operto
1132 1023 1206 1075 aunt
1227 1013 1324 1078 otalii

99 1119 168 1184 eiua,
191 1109 233 1173 od
253 1113 334 1194 quod
352 1113 440 1174 nodia
462 1122 509 1176 eet
530 1129 642 1174 aerato.
676 1111 783 1192 Opilen
806 1113 974 1192 igiturest,
996 1121 1027 1176 et
1048 1113 1116 1176 aine
1133 1113 1200 1194 ipso
1217 1115 1325 1180 leolum

98 1211 246 1286 manilii,
269 1230 325 1275 uae
344 1211 454 1294 aliquid
477 1212 590 1291 altaque
611 1213 661 1274 illo
683 1223 785 1294 puteat
805 1215 879 1276 lieri.

183 1419 233 1484 36.
275 1417 337 1479 Nee
358 1434 429 1478 vero
452 1416 621 1496 quaerenda
644 1427 693 1478 eat
713 1415 800 1489 ratio,
823 1433 876 1478 our
895 1415 949 1478 liei
971 1415 1101 1480 Verbum
1123 1437 1184 1480 non
1206 1418 1264 1482 tole
1283 1418 1327 1483 ait

100 1517 190 1599 quale*
204 1529 355 1592 nostrum,
378 1519 617 1598 quandoquidem
639 1536 700 1580 oon
724 1517 791 1578 talia
813 1527 860 1580 eat
881 1518 960 1580 Deua
982 1519 1085 1600 quales
1108 1539 1176 1594 noa,
1199 1521 1242 1582 uti
1264 1520 1325 1583 iam

97 1619 233 1682 diximoa.
277 1619 338 1682 Nee
365 1620 454 1682 aliam
483 1619 662 1699 investigate
690 1619 831 1682 convenit
861 1621 1012 1699 quomodo
1040 1621 1169 1684 Verbum
1197 1641 1233 1684 ex
1262 1623 1325 1686 lleo

97 1730 154 1795 eat.
178 1739 276 1802 quove
298 1721 388 1784 modo
410 1722 554 1812 splendor¹
575 1722 616 1784 alt
635 1720 706 1794 liei,
733 1729 785 1784 aut
806 1721 959 1800 quomodo
982 1721 1076 1802 gignit
1098 1723 1192 1798 Deua,
1222 1725 1326 1805 quiete

95 1821 142 1886 illa
162 1823 205 1886 ait
226 1823 278 1886 llei
300 1823 439 1904 giguendi
469 1823 587 1886 modus.
631 1823 757 1886 lnaooua
787 1823 866 1886 enim
896 1823 922 1886 ia
951 1833 999 1886 est
1027 1825 1245 1900 aestimandus,
1275 1825 1326 1906 qut

95 1923 150 1986 iata
172 1926 384 1988 maurinom
406 1925 570 2006 verebitur,
599 1925 709 2008 quippe
736 1925 787 2006 qui
809 1924 973 2000 existimet,
1002 1945 1068 1988 rem
1090 1927 1413 2008 inexplicabilemnnee.

95 2025 272 2108 divinaeque
293 2029 444 2108 propriam
467 2037 598 2099 naturae,
621 2027 677 2090 soti
700 2026 762 2090 lleo
784 2045 819 2090 aa
839 2027 915 2090 Filio
937 2027 1096 2108 cognitam,
1118 2047 1210 2109 poene
1226 2029 1326 2092 verbio

96 2128 232 2208 exprimi.
275 2128 356 2190 ldem
378 2130 458 2191 euim
481 2137 527 2190 eet
549 2130 682 2208 prolaeta
704 2147 739 2192 aa
760 2129 786 2191 ai
809 2129 866 2209 ipai
884 2139 1072 2210 quaererent,
1095 2131 1213 2194 ubinam
1228 2151 1328 2212 quove

94 2231 184 2292 modo
208 2229 367 2304 altilem,
390 2241 421 2294 et
440 2231 537 2311 qualia
559 2231 598 2292 sit
620 2231 716 2293 Patet.
760 2231 798 2292 Ut
820 2248 900 2312 ergo»
914 2233 952 2294 de
975 2232 1043 2294 latia
1066 2232 1156 2296 rebus
1180 2233 1327 2298 aeieoitari

95 2331 218 2394 nonnisi
247 2331 406 2411 impiorum
435 2343 467 2396 et
493 2333 585 2396 Deum
618 2332 818 2412 ignorantium
848 2341 909 2408 est,
943 2334 984 2396 ita
1016 2334 1084 2396 talia
1112 2335 1149 2396 do
1176 2334 1242 2398 Filii
1275 2335 1328 2397 llei

95 2433 288 2512 generatione
310 2435 420 2497 audere
443 2435 592 2516 indagare,
616 2434 769 2515 Deumque
784 2453 819 2496 ao
833 2435 898 2500 eiua
915 2435 1091 2516 eapientlain
1106 2445 1209 2498 nostra
1225 2444 1332 2500 namn

96 2543 125 2595 et
150 2535 323 2598 infirmitate
352 2519 466 2610 metiri,
500 2525 628 2618 protana
660 2539 747 2598 melae
783 2545 839 2600 eat
883 2535 950 2598 Nou
984 2535 1095 2599 ideireo
1128 2545 1226 2600 tamen
1260 2537 1332 2616 quid

93 2647 215 2716 praeter
236 2638 389 2700 ueritatem
410 2639 540 2718 cogitare
568 2638 652 2709 lieet,
683 2657 739 2700 neo
768 2637 795 2699 ai
824 2637 890 2717 quia
912 2637 944 2700 iu
966 2636 1012 2699 hia
1035 2637 1223 2716 exquirendis
1245 2639 1331 2700 deie-

94 2750 177 2812 oemt,
203 2738 293 2802 debet
315 2741 403 2802 etiam
425 2741 513 2802 fidem
537 2741 709 2820 scripturae
732 2739 885 2818 derogare.
929 2737 1081 2818 Siquidem
1104 2746 1237 2818 praestat
1256 2738 1331 2800 hae·

96 2841 226 2904 ailautea
255 2841 344 2904 allero
372 2850 402 2904 et
429 2843 568 2916 eredere,
600 2859 688 2921 quam
717 2839 796 2902 nolle
817 2840 955 2912 medena,
983 2839 1052 2919 quia
1074 2839 1331 2902 haesitaverimua.

95 2941 168 3006 tiam
193 2943 238 3014 ia,
261 2942 311 3022 qul
332 2942 475 3018 haesitat,
496 2944 612 3006 veniam
634 2942 733 3022 aliquo
756 2941 848 3002 modo
869 2947 971 3020 potest
991 2942 1147 3020 consequi,
1170 2949 1329 3021 propterea

94 3045 193 3123 quod,
223 3045 341 3106 tametsi
363 3045 512 3107 aarumtua
535 3053 597 3116 eet,
628 3053 726 3106 tamen
749 3041 928 3122 conquievit.
974 3041 1030 3115 Qut
1054 3052 1151 3104 autem
1173 3043 1242 3121 quia
1265 3043 1331 3122 ipae

93 3143 235 3218 haesitat,
259 3165 303 3220 ea,
326 3141 400 3226 qu'ae
422 3147 545 3208 minime
566 3147 688 3220 donent,
711 3145 800 3208 audet
821 3143 1006 3206 comminiaoi
1027 3153 1116 3224 atque
1136 3143 1333 3224 indignatae

93 3239 249 3328 loquitur3
272 3248 379 3310 nullam
404 3247 430 3308 lu
445 3252 580 3327 prolecto
600 3247 775 3310 temeritatis
791 3265 864 3308 suae
878 3245 994 3308 veniam
1009 3245 1163 3308 obtinebit.
1198 3243 1331 3328 Namque

78 3346 125 3418 ,in
160 3349 248 3412 hisee
280 3349 501 3412 difficultatibus
537 3358 639 3430 potest
675 3349 812 3412 aulalium
845 3347 964 3428 aliquod
1001 3365 1037 3408 ex
1069 3346 1177 3410 divinia
1207 3347 1331 3412 ltaunine

94 3450 274 3532 Smiptutia,
296 3451 336 3513 lta
358 3459 392 3512 ιιι
412 3469 489 3531 quae
509 3451 620 3530 ecuipta
643 3458 714 3512 aunt
734 3459 816 3511 recte
836 3447 980 3528 intelligat
1000 3455 1195 3529 nostrumque
1210 3450 1334 3512 terbum

95 3549 207 3614 habeat
229 3553 325 3641 instar
346 3552 474 3634 exempli
497 3562 527 3615 et
548 3551 695 3632 imaginis.
741 3551 780 3614 tu
801 3551 882 3614 enlm
903 3551 1025 3614 terbum
1041 3559 1177 3614 noattum
1193 3569 1229 3612 ex
1243 3550 1333 3612 nobie

96 3663 158 3726 eet,
189 3673 249 3716 uec
270 3655 388 3734 aliquod
412 3664 458 3716 est
479 3673 557 3736 opus
579 3663 663 3716 extra
685 3673 742 3715 noa
765 3655 890 3728 inolum3
919 3653 959 3716 ita
981 3661 1011 3714 et
1032 3652 1085 3746 upt
1108 3651 1237 3713 Verbum
1258 3667 1333 3730 pro-
1380 3661 1391 3676 ‘

91 3755 199 3834 prium
228 3774 265 3817 ex
293 3756 343 3819 illo
374 3766 434 3832 est,
463 3775 520 3819 neo
547 3775 624 3836 opus
653 3755 771 3836 aliquod
802 3763 863 3829 eet,
891 3771 947 3817 nee
969 3753 1058 3816 etiam
1079 3753 1159 3814 velut
1180 3749 1335 3812 hominum

92 3857 233 3918 verbum.
277 3857 415 3937 alioquin
444 3859 536 3920 lleum
566 3857 717 3920 hominem
747 3875 817 3920 eaae
844 3857 966 3918 omuino
997 3863 1080 3918 esset
1101 3849 1335 3930 intelligendum.

91 3955 219 4022 Etenim
241 3957 370 4039 plurima
391 3969 422 4020 et
443 3959 560 4022 diventa
582 3959 738 4021 hominum
759 3957 850 4022 verba
871 3955 1002 4039 quotidie
1030 3959 1237 4036 praetereunt,
1266 3951 1337 4032 quia

124 4195 148 4229 e.
169 4179 277 4240 sepner.
293 4170 387 4244 tityon
404 4169 479 4230 nini.
508 4179 695 4232 Gablielclm.
780 4133 930 4229 toldello.
947 4177 971 4226 5.
989 4175 1047 4230 anie
1063 4169 1228 4241 γενομένοις.

93 4247 116 4296 l.
135 4255 162 4296 et
182 4247 202 4296 4
229 4239 323 4311 io'yotc
339 4239 422 4313 diupi.
458 4247 520 4300 utto
544 4257 569 4299 et
593 4249 634 4300 alii
650 4240 695 4296 itl-
779 4247 795 4295 i.
813 4247 914 4306 sepner.
933 4245 989 4307 aeg.
1008 4242 1337 4295 continuandum.

89 4325 133 4380 η
152 4305 243 4379 aeo'nqi.
745 4303 981 4378 detrimeneta.
1009 4311 1072 4362 Edltl
1086 4325 1141 4362 nero
1155 4304 1286 4362 natilitio
1304 4303 1336 4359 nt

121 4417 141 4466 t.
162 4417 312 4470 sonuerim.
336 4417 435 4469 llobler.
458 4416 564 4468 Felelm.
584 4417 606 4466 l.
625 4425 651 4468 et
667 4418 693 4469 4.
743 4371 925 4498 Μκᾶξῖῗῖζ
942 4448 975 4497 Re
992 4483 998 4496 ι
1017 4447 1122 4498 ΝΜ,
1132 4449 1155 4498 4,
1169 4447 1218 4499 ‘¹5
1237 4439 1284 4496 διὰ
1301 4441 1335 4494 ‘3

88 4476 233 4536 ”mh
745 4465 868 4583 dnopatff.
903 4517 947 4566 dlii
961 4462 1053 4566 etgediti
1068 4508 1336 4583 διᾶιὸμιὶᾶιιοριῐν.

124 4601 151 4648 ι.
170 4586 281 4647 Sennea.
300 4575 354 4634 elif
374 4577 472 4636 oi-dtit
490 4585 582 4640 notite.
741 4601 750 4610 ·
779 4587 796 4636 Ι.
815 4585 885 4638 Gall.
896 4585 1065 4638 attatumt.
1081 4577 1187 4642 ἔξωθεν
1203 4577 1233 4640 li
1248 4575 1337 4650 ἧμδν·
