3072 5056
357 377 500 422 errarem
515 377 553 420 na
567 375 712 421 ermrrre
725 374 870 421 urcium
885 376 1004 421 arnone.
1253 361 1295 427 69

80 531 183 604 „ridit,
211 529 354 592 diabolica
377 546 451 591 sane
471 533 535 602 est,
562 545 622 589 nen
652 535 750 589 autem
779 545 913 590 verorum
937 527 1047 589 Christi
1069 526 1379 608 discipulorumeaar.

79 633 145 706 „rel
165 649 284 705 eornm,
316 630 424 710 quibus
447 627 609 692 Salvatoris
632 628 787 709 disciplina
810 629 913 709 placet
957 625 995 690 lli
1018 628 1096 690 enim
1119 627 1294 694 Trinitatem

79 733 212 814 ‚,quidem
234 751 296 794 non
317 733 455 812 ignorant
476 730 506 792 in
529 729 626 793 divina
648 729 800 809 Scriptura
820 729 999 809 praedicari,
1022 737 1084 792 tree
1105 738 1204 794 autem
1227 748 1295 794 eoae

78 833 174 909 „licea
203 851 261 894 nec
287 833 318 896 iu
345 840 445 894 vetere
471 850 528 894 nec
554 831 585 894 in
612 849 691 894 novo
719 829 910 892 Testamenta
941 831 1052 893 doceri.
1102 831 1168 893 Non
1196 831 1294 894 minue

78 934 182 1006 „etiam
204 933 247 995 illi
269 934 405 1014 culpandi
427 942 506 1006 eunt,
529 934 580 1012 qui
595 933 701 996 Filium
716 951 794 1012 epue
816 949 886 994 esee
909 932 1079 994 existimant
1092 939 1122 994 et
1136 933 1296 996 Dominum

78 1037 199 1110 „lactum
222 1053 291 1097 esse
312 1035 460 1108 sentiunt,
488 1035 572 1114 quasi
595 1033 733 1097 videlieet
755 1051 845 1096 unum
869 1041 952 1096 cenet
974 1052 1009 1095 ex
1030 1034 1095 1107 his,
1129 1051 1203 1113 quae
1225 1051 1296 1098 rere

77 1138 169 1208 „tacu
188 1145 273 1210 cunt,
294 1153 361 1197 cum
384 1135 480 1198 divina
504 1136 656 1215 Scriptura
678 1135 760 1198 illum
782 1134 915 1214 genitum
937 1153 1024 1209 esse,
1046 1143 1079 1198 ut
1101 1134 1196 1196 eidem
1219 1149 1378 1198 con-acea

76 1237 172 1310 „renit
193 1237 401 1318 congruitque,
423 1255 485 1299 non
508 1245 606 1299 autem
627 1237 785 1298 lermatum
807 1245 837 1298 et
858 1237 965 1298 lactum
981 1254 1048 1298 asse
1062 1243 1198 1298 teetetun
1229 1235 1296 1299 Nou

77 1338 166 1410 „levis
188 1339 295 1418 igitur,
319 1339 372 1402 aed
394 1356 508 1400 summa
532 1347 578 1402 est
599 1339 752 1419 impietas,
774 1336 932 1400 llominum
954 1337 1052 1416 aliquo
1074 1336 1165 1398 modo
1187 1355 1295 1400 manu·

77 1443 201 1512 „lacem
224 1440 334 1502 dicore.
378 1439 452 1500 Nam
481 1439 507 1501 si
536 1441 630 1502 lactus
660 1448 706 1502 eet
732 1439 841 1512 Filius,
873 1438 928 1500 luit
954 1437 1111 1518 aliquando
1139 1457 1206 1500 eam
1234 1455 1297 1500 non

76 1550 191 1617 „essem
212 1541 296 1622 atqui
318 1542 373 1602 luit
394 1559 523 1621 semper,
546 1540 695 1620 sinuque
717 1541 757 1604 sit
777 1541 808 1602 in
831 1540 928 1611 Patre,
951 1547 985 1600 ut
1006 1539 1072 1619 ipse
1094 1538 1243 1611 declarat,
1266 1545 1296 1600 et

76 1643 122 1714 „si
142 1642 281 1704 Chnslue
310 1643 408 1721 ipsum
438 1643 477 1704 tit
504 1641 648 1716 Verbum,
676 1642 820 1722 sapientia
849 1649 879 1703 et
900 1642 1003 1703 virtus.
1048 1639 1129 1704 llaec
1149 1639 1295 1720 siquidem

76 1743 243 1816 ‚duriatum
268 1761 335 1805 esse
357 1743 473 1805 divinae
496 1743 599 1806 literae
620 1743 748 1817 docent,
770 1751 802 1805 ut
822 1743 906 1804 rolris
929 1751 1009 1804 certe
1031 1759 1092 1804 nou
1115 1743 1201 1815 latet3
1221 1743 1296 1804 lraec

76 1854 190 1917 „autem
213 1845 320 1906 eadem
341 1845 465 1906 virtutes
487 1845 540 1907 llei
563 1855 648 1920 aunt3
676 1863 710 1908 ac
730 1843 857 1925 proinde
878 1844 905 1906 si
927 1845 1021 1906 metue
1044 1851 1090 1906 eat
1110 1843 1217 1916 Filius,
1241 1841 1296 1904 leit

76 1965 163 2025 „ergo
185 1947 355 2026 aliquando,
379 1963 446 2008 com
468 1945 542 2008 haec
562 1965 623 2007 non
645 1955 755 2008 essent.
801 1947 895 2026 lgilur
917 1954 1033 2025 tempus
1055 1945 1120 2020 luit,
1143 1961 1208 2006 cum
1230 1941 1295 2006 aine
1405 2027 1409 2034 ι

75 2046 140 2118 „lis
161 2057 247 2108 esset
269 2047 364 2120 lleue3
394 2047 474 2126 quod
500 2047 717 2127 perabsurdum
745 2055 802 2110 est.
846 2047 906 2109 Sed
934 2046 1003 2126 quid
1029 2045 1166 2126 pluribus
1188 2043 1225 2107 de
1246 2043 1293 2106 laia

75 2148 168 2227 „apud
194 2167 251 2208 rus
285 2147 449 2222 disseram,
481 2147 563 2210 viros
585 2148 698 2229 Spiritu
726 2149 848 2229 plenos,
881 2147 988 2229 quibua
1015 2148 1118 2227 utique
1144 2145 1295 2226 explorata

77 2258 173 2322 „sunt
195 2267 275 2328 quae
296 2231 425 2311 absurda
447 2257 613 2329 sequuntur
631 2268 666 2310 ex
680 2249 798 2311 illorum
814 2250 971 2325 sententia,
993 2247 1043 2328 qui
1057 2247 1163 2310 Filium
1186 2248 1294 2308 lactum

77 2367 162 2422 „ease
183 2350 386 2423 centendunt,
419 2350 454 2412 ad
482 2365 557 2429 quae
586 2367 658 2412 sane
686 2368 747 2412 oen
769 2349 932 2412 attendisse
953 2349 1026 2414 milri
1047 2349 1183 2412 ridentur
1205 2347 1293 2411 huius

78 2452 243 2530 „opinionis
268 2451 369 2523 duces,
392 2458 480 2530 atque
502 2449 612 2513 idcirce
636 2469 653 2511 a
674 2450 796 2514 veriute
817 2465 944 2531 prorsus
966 2450 1132 2525 aberrasse,
1158 2449 1208 2530 qui
1231 2449 1293 2512 sel-

77 2551 160 2622 „licet
179 2561 286 2615 contra
308 2559 437 2614 ruentem
460 2551 576 2614 divinae
598 2559 628 2613 et
648 2550 840 2632 propheticae
854 2552 1024 2630 scripturae
1042 2551 1115 2614 lraec
1136 2549 1225 2611 rerba
1239 2569 1293 2612 ex·
1366 2629 1369 2638 Ι

79 2653 214 2730 „plitantz
239 2653 391 2716 Dominus
414 2656 529 2715 meavit
549 2671 595 2716 mc
612 2655 800 2733 principium
821 2657 944 2714 olerum
963 2669 1100 2714 werona
1129 2651 1190 2712 Nec
1204 2649 1293 2722 enim,

77 2761 129 2824 „ut
147 2753 249 2826 adtie,
275 2771 334 2816 una
356 2763 402 2816 est
422 2753 599 2831 significatio
619 2752 700 2814 verbi
724 2756 848 2816 creauit.
891 2752 965 2813 Nam
986 2751 1045 2812 hoc
1066 2749 1096 2812 in
1117 2748 1184 2811 loco
1207 2767 1294 2812 ereo-

78 2860 141 2925 „oit
160 2856 238 2916 idem
263 2861 311 2916 eet
332 2871 367 2916 ac
387 2855 527 2933 praefecit
547 2853 690 2935 operibus
712 2852 749 2914 ab
766 2852 832 2932 ipso
855 2853 950 2925 lactis,
971 2851 1067 2925 lactis,
1089 2851 1219 2930 inquam,
1240 2867 1296 2930 per

78 2955 190 3034 „ipsum
211 2954 333 3018 Filium.
378 2955 441 3018 lloc
462 2963 559 3018 autem
580 2955 704 3016 verbum
725 2958 842 3016 ereueit
861 2953 911 3016 hic
931 2951 1152 3033 intelligendum
1173 2968 1234 3013 non
1249 2957 1296 3014 eat

79 3073 150 3133 „pro
171 3059 264 3136 [ιαίε
287 3053 435 3135 siquidem
456 3037 605 3118 tacere'et
627 3073 728 3117 creare
751 3055 828 3116 inter
849 3073 882 3116 ee
901 3055 1050 3117 differunt.
1087 3052 1163 3115 llinc
1177 3053 1293 3133 lloyses
1353 3101 1360 3110 .

78 3155 126 3226 „in
145 3173 252 3238 unguo
276 3156 657 3220 Deuteronomii·carmiue
685 3156 740 3217 ait:
770 3154 921 3238 Numquid
947 3173 1011 3218 aaa
1037 3159 1101 3238 ipre
1131 3165 1177 3217 eat
1202 3165 1294 3236 puter

79 3267 174 3330 „tuuc
198 3261 252 3340 pul
268 3257 407 3338 poarrda’t
429 3269 458 3320 te
480 3269 508 3320 ct
529 3259 603 3338 secat
624 3269 653 3321 ta
674 3270 703 3322 ct
726 3259 841 3319 mauolt
862 3255 914 3319 tal
957 3256 1007 3318 Sic
1028 3255 1116 3318 etiam
1131 3255 1198 3318 illue
1213 3263 1293 3317 recte

79 3358 161 3436 „quia
183 3357 286 3439 possit
306 3375 481 3438 coarguere:
517 3359 542 3420 0
565 3357 743 3437 praecipites
771 3356 979 3436 temerariique
999 3355 1154 3430 homines,
1183 3373 1294 3434 ergone

80 3459 169 3528 „lacta
190 3479 241 3521 ree
264 3469 310 3522 eat
331 3459 548 3538 primogenitus
571 3457 668 3518 omme
690 3465 856 3531 creaturae,
889 3457 940 3537 qui
962 3475 997 3520 ex
1017 3465 1104 3520 utero
1127 3466 1195 3518 ante
1215 3457 1292 3519 luci·

80 3559 191 3628 „lerum
214 3560 333 3639 genitus
356 3569 412 3634 eet,
435 3560 484 3640 qui
506 3567 540 3621 ut
561 3558 709 3638 Sapientia
732 3557 817 3620 dicit:
846 3557 922 3621 Ante
943 3553 1044 3621 amaea
1068 3557 1159 3622 calleo
1180 3576 1226 3619 me
1246 3562 1294 3638 pa·-

82 3659 184 3735 „teitl
227 3659 360 3739 Denique
380 3659 550 3740 Scripturae
571 3659 689 3722 divinae
709 3659 810 3721 multis
832 3660 862 3720 in
894 3659 967 3720 locis
995 3658 1126 3740 genitum
1155 3675 1223 3719 euru
1245 3657 1293 3718 dl·

81 3769 180 3837 „ouut,
201 3779 350 3842 nusquam
371 3779 441 3824 vero
464 3763 590 3835 lactum
617 3779 654 3821 ex
675 3759 782 3839 quibus
804 3767 905 3839 aperte
927 3759 1141 3822 convincuntur
1162 3756 1235 3818 lalsa
1256 3755 1294 3818 de

82 3855 212 3929 „llumini
235 3862 428 3943 generatione
450 3861 565 3944 opinari
587 3861 629 3934 hi,
652 3861 702 3940 qui
724 3860 851 3922 divinam
873 3861 938 3923 eius
959 3869 1046 3940 atque
1061 3855 1295 3939 inexplicabilem

81 3963 318 4037 ,‚generationern
345 3963 501 4028 factionem
530 3961 639 4024 audent
659 3961 766 4024 dicere.
810 3961 912 4041 ltaque
934 3960 1115 4024 admirabilia
1138 3955 1294 4036 divinaque

82 4061 196 4132 „unitas
217 4064 246 4125 iu
270 4071 331 4126 lrea
353 4063 519 4127 divinitates
541 4081 602 4160 non
625 4071 671 4125 eat
692 4063 866 4144 separanda,
888 4079 984 4142 neque
1003 4059 1137 4122 laedonis
1151 4055 1294 4120 uocabulo

111 4261 130 4294 c.
147 4247 186 4297 Sic
211 4247 264 4313 dep.
290 4256 316 4301 et
333 4259 357 4302 et
374 4251 446 4315 exigit
463 4265 558 4301 maur.
593 4247 655 4300 Editi
707 4249 851 4300 liriniensis
873 4239 944 4296 dari.
981 4245 1091 4296 Ceterum
1116 4235 1294 4296 deindidem

82 4312 155 4364 etalii
171 4307 196 4364 ei
213 4309 252 4366 tl.
708 4318 747 4367 laic
768 4317 887 4378 signillcat
912 4329 940 4364 ac
964 4303 1036 4363 ἄντί.
1073 4311 1123 4364 llor
1147 4306 1179 4361 τὸ
1202 4307 1295 4361 arione

708 4385 773 4448 quod
791 4383 860 4432 abeat
877 4382 906 4431 ab
925 4380 1090 4432 adcommal.
1108 4383 1256 4432 restituimur
1266 4393 1295 4430 aa

84 4411 191 4540 'ii‘
208 4416 265 4536 “ii
281 4417 341 4550 cl}
358 4417 659 4553 {iiiiii-⁰uuun
710 4465 768 4570 :u
784 4449 1209 4568 tran{alermum

116 4595 135 4631 a.
152 4581 192 4634 sa
215 4597 270 4638 aa.
295 4593 319 4639 a
341 4586 380 4639 aa.
404 4587 523 4640 camma.
557 4584 586 4640 n
603 4588 660 4641 edit.
745 4585 762 4636 r.
781 4585 838 4648 eea·
855 4593 880 4637 οι
896 4584 969 4639 fluit.
986 4577 1083 4648 owe·
