3122 5060
523 373 632 420 coarto
647 374 691 420 111.
707 375 824 422 conara
836 377 972 422 maros.
1290 367 1352 436 581

119 529 234 594 mortui
254 528 436 601 revixerunt,
459 524 489 588 et
509 525 589 606 quod
612 525 749 607 inprimis
772 527 881 590 mirum
904 537 961 604 cst,
983 530 1034 610 qui
1050 540 1114 594 tum
1128 532 1252 598 aderant
1266 554 1438 600 enm-roos

123 651 184 713 que
206 631 290 712 prius
311 635 500 716 negaverant,
521 635 627 708 postea
647 629 695 692 his
719 629 889 710 conspectis
911 649 981 694 vero
1004 651 1072 695 cum
1086 633 1194 698 filium
1208 635 1262 700 lici
1284 657 1353 704 esso

122 741 197 798 sunt
218 731 360 795 confessi.
1380 812 1384 824 ,

208 837 259 899 57.
305 831 394 907 Quod
415 831 572 893 autemad
595 831 624 893 id
647 839 760 912 spectat
775 833 856 912 quod
870 833 955 896 dixit:
980 835 1017 898 Sa·
1030 837 1223 919 fieripotcet
1246 849 1370 905 trono.

123 949 176 1002 eut
204 936 302 1008 colio,
331 934 435 997 discite
462 933 613 1014 quomodo
635 932 755 996 Petrum
789 934 892 996 eadam
921 935 1067 1000 dicentem
1088 939 1137 1002 bis
1158 939 1355 1022 increpaverit
1437 961 1445 974 ·

123 1039 239 1100 verbis:
261 1036 333 1100 Noc
354 1041 437 1118 copto
459 1053 534 1118 qooc
555 1034 615 1098 Dei
635 1045 717 1106 aaut,
741 1036 794 1099 sed
815 1055 891 1118 quoe
915 1037 1077 1102 bominum.
1123 1041 1275 1122 Siquidem
1294 1042 1354 1108 hoc

122 1140 224 1220 ipsum
246 1137 364 1202 volebat
384 1137 450 1211 ille,
473 1135 553 1216 quod
575 1135 790 1215 deprecabatur
811 1145 842 1199 et
862 1139 1044 1219 refugiebat,
1067 1141 1176 1224 quippe
1198 1161 1266 1224 cqm
1287 1163 1354 1208 eom

123 1241 162 1303 ob
192 1259 256 1304 rem
283 1240 431 1313 venisset,
463 1251 567 1299 rerum
590 1237 654 1300 cius
678 1236 798 1318 quidem
819 1246 883 1302 erat
907 1241 936 1303 id
958 1241 1047 1316 velie,
1080 1244 1116 1305 ad
1139 1245 1220 1324 quod
1241 1244 1355 1310 scilicet

122 1343 189 1422 ipso
210 1349 347 1416 venerat,
371 1339 426 1403 sad
448 1340 545 1402 carnis
567 1347 631 1402 erat
652 1357 771 1420 pavere.
814 1341 899 1404 Unde
921 1352 955 1404 ut
976 1344 1066 1406 homo
1088 1347 1144 1408 has
1165 1365 1255 1410 voces
1277 1367 1352 1428 pro-

123 1445 201 1518 tulit,
224 1443 348 1524 ipseque
370 1450 527 1520 utrumque
549 1439 631 1515 dixit,
655 1450 689 1504 ut
710 1460 744 1504 se
766 1443 941 1508 ostenderet
964 1454 995 1507 et
1009 1447 1102 1510 Deum
1125 1465 1195 1510 esse
1216 1449 1267 1529 qui
1287 1448 1353 1511 ref·

122 1546 174 1620 fet,
197 1554 228 1608 et
247 1547 356 1606 factum
378 1544 529 1606 homiuem
552 1561 671 1606 carnem
692 1551 848 1623 parentem
870 1545 1023 1622 habuisse,
1047 1549 1130 1612 onius
1152 1550 1245 1630 gratia
1267 1569 1354 1614 suam

123 1648 190 1727 ipse
217 1646 398 1708 voluntatem
425 1645 571 1707 humanae
599 1643 720 1706 miscuit
740 1645 917 1721 infirmitati,
948 1657 980 1711 ut
1001 1668 1035 1712 ea
1057 1650 1191 1714 absumta
1213 1651 1354 1716 fidentem

123 1754 155 1809 et
175 1746 316 1809 audacem
337 1746 489 1807 bominem
512 1745 655 1808 adversus
679 1753 806 1808 mortem
829 1747 980 1812 redderet.
1025 1751 1070 1813 En
1085 1753 1252 1832 igiturrem
1267 1755 1354 1834 plano
1441 1749 1451 1758 “

124 1849 343 1922 admirabilem
370 1848 419 1910 ille
442 1847 599 1922 nimirum,
628 1866 715 1928 quem
739 1848 848 1910 Christi
870 1850 978 1913 hostes
1000 1872 1071 1933 prae
1093 1855 1250 1917 timiditate
1270 1854 1352 1934 forpri

121 1941 312 2023 arbitrantur,
335 1949 507 2012 huiusmodi
529 1949 593 2028 ipse
615 1949 772 2012 timiditate
791 1951 932 2014 homines
948 1954 1112 2035 intrepidos
1129 1962 1159 2017 et
1173 1957 1265 2018 fortes
1281 1954 1352 2017 red-

121 2053 207 2116 didit.
251 2053 328 2116 ffinc
353 2051 432 2114 beati
453 2050 590 2131 Apostoli
619 2051 702 2112 hisce
729 2060 801 2130 post
827 2071 895 2115 eum
923 2055 1046 2118 animati
1073 2055 1195 2119 vocibus
1224 2063 1353 2119 mortem

121 2165 325 2227 contemscre,
359 2163 393 2216 ut
419 2155 507 2218 etiam
535 2154 608 2216 nibil
636 2153 673 2242 de
694 2153 841 2218 iudicibus
863 2165 1003 2220 curarent
1024 2157 1106 2232 suis,
1137 2157 1191 2220 sed
1213 2157 1353 2220 audacter

121 2255 270 2320 dicerent:
295 2257 423 2319 obedire
446 2264 566 2336 oportet
587 2255 652 2318 Deo
675 2261 768 2335 moqfs
792 2275 880 2337 quom
903 2257 1083 2322 dominibus.
1119 2259 1176 2321 Alii
1191 2259 1263 2322 item
1278 2270 1439 2322 sao-euos.

122 2360 162 2422 oti
183 2358 327 2438 Martyres
354 2364 434 2418 muta
462 2357 545 2418 fuere
566 2357 687 2418 fidentia
710 2366 740 2418 ct
760 2357 950 2433 fortitudine,
978 2369 1011 2422 ut
1033 2377 1068 2420 sc
1089 2361 1188 2439 potius
1210 2360 1241 2422 in
1263 2359 1353 2422 vitam

122 2459 252 2548 migrare
279 2477 366 2546 quam
394 2466 522 2540 mortem
552 2458 613 2537 pati
637 2458 850 2520 existimarent.
895 2459 1002 2522 Nonne
1023 2461 1113 2540 igitur
1133 2479 1276 2540 perquam
1298 2459 1353 2522 ab·

122 2561 249 2640 surdum
268 2569 334 2636 est,
363 2577 518 2622 serrorum
541 2557 629 2620 Verbi
652 2558 848 2622 constantiam
870 2561 1026 2636 admirari,
1055 2561 1113 2640 ipsi
1135 2570 1234 2624 autem
1255 2561 1353 2622 Verbo

122 2658 294 2724 adscribere
323 2660 526 2733 timiditatem,
558 2678 612 2739 per
642 2659 721 2738 quod
743 2669 871 2721 mortem
892 2661 934 2722 iffi
957 2659 1179 2742 despexerunt?
1223 2659 1354 2723 Proinde

121 2783 160 2826 er
181 2763 288 2826 invicta
310 2770 482 2826 sanctorum
503 2761 662 2840 Martyrum
686 2760 775 2822 animi
798 2761 998 2840 maguitudino
1021 2764 1132 2826 clarum
1148 2771 1204 2836 est,
1227 2779 1287 2824 non
1304 2761 1353 2822 di-

26 2892 30 2902 ·
122 2864 274 2933 viritatem
301 2865 396 2944 ipsam
419 2863 572 2936 timuisse,
601 2863 656 2924 eod
677 2869 811 2924 nostram
835 2861 1022 2926 timiditatem
1045 2863 1139 2926 fuisse
1160 2882 1178 2927 a
1201 2862 1356 2926 Salvatoro
1450 2908 1455 2915 ·

121 2964 279 3028 sublatam.
324 2965 362 3026 Ut
391 2964 469 3026 enirn
497 2973 594 3025 morte
622 2973 749 3024 mortem
781 2970 810 3024 et
830 2964 972 3026 humanis
995 2965 1080 3028 factis
1103 2965 1231 3028 humana
1253 2961 1354 3027 omnia

122 3066 247 3141 delerit,
270 3066 311 3128 ita
332 3066 381 3128 iffa
404 3085 457 3128 soa
480 3065 635 3128 timiditate
656 3075 792 3128 nostram
813 3065 978 3145 prostravit
998 3065 1204 3141 timiditatem,
1227 3064 1355 3144 fecitque

122 3176 161 3230 ut
186 3167 323 3230 homines
350 3175 477 3229 mortem
506 3184 566 3229 noo
595 3167 722 3248 amplius
751 3167 991 3230 reformidarent
1046 3168 1148 3247 ltaque
1177 3165 1277 3229 omnia
1304 3164 1354 3228 itta

120 3268 216 3332 simul
237 3276 265 3330 ct
285 3268 382 3331 aiebat
403 3279 433 3332 et
454 3268 609 3332 efficiebat.
654 3269 805 3330 Humanae
828 3268 909 3332 euim
930 3277 1053 3332 naturae
1075 3277 1160 3332 erant
1181 3265 1355 3332 huiusmodi

120 3389 229 3432 roceo:
260 3369 407 3434 frooreot
435 3371 518 3434 coldo
545 3379 575 3432 et
608 3369 646 3432 Ut
667 3371 738 3451 quid
759 3388 805 3432 mo
828 3369 1040 3452 dereliquisti?
1084 3371 1145 3433 Sed
1166 3369 1354 3456 ipse-divino

121 3471 285 3545 efficiebat,
315 3480 348 3533 ut
374 3471 421 3532 sol
442 3470 582 3534 deficeret
603 3479 633 3534 et
655 3471 765 3533 mortui
787 3471 1010 3534 roridscerent
1057 3473 1090 3535 Si
1112 3472 1183 3534 item
1205 3479 1239 3533 ut
1259 3471 1351 3532 bomo

121 3571 239 3635 aiebat:
262 3571 352 3635 Noae
373 3575 475 3636 ocimo
495 3591 562 3635 meo
584 3574 710 3636 tarboto
732 3583 786 3646 est,
810 3573 884 3636 dixit
905 3573 1019 3653 pariter
1038 3581 1072 3636 ut
1093 3572 1189 3650 fferre:¹
1211 3571 1354 3633 Potesta-

123 3687 187 3740 taro
207 3674 300 3736 bobco
326 3673 462 3754 ponendi
489 3675 620 3736 onfmom
647 3691 760 3752 meoet,
789 3683 818 3736 et
842 3685 1027 3754 potestatem
1048 3673 1142 3736 babeo
1163 3676 1277 3735 iterem
1298 3687 1354 3733 ιιι-

121 3860 165 3910 sio
187 3859 289 3920 iegitur:
311 3853 358 3907 aci
380 3852 428 3908 διὰ
451 3857 533 3908 τοῦτο
559 3843 592 3918 ἦν
615 3851 712 3914 trouv,
766 3858 841 3909 Penio
865 3867 923 3926 post
946 3860 1034 3920 negiu·
1053 3858 1076 3909 1.
1094 3867 1120 3908 et
1135 3857 1235 3920 Sequor.
1253 3847 1282 3906 ἐν
1300 3853 1356 3920 τῶν
1408 3837 1412 3846 ’

121 3917 180 3974 ἄλλ’
201 3918 354 3992 circumis
371 3913 405 3986 ἢν
422 3919 454 3975 ελ
473 3921 589 3990 δειλιᾷν·
608 3919 651 3974 διὸ
668 3919 715 3974 καλ
769 3924 875 3992 φωνῶν
892 3919 1006 3976 τούτων.

120 3987 164 4048 uic
180 3983 329 4060 ἅνθρωποι·
345 4003 391 4046 etc.
798 3993 823 4044 b.
842 3995 898 4057 fter.
911 3995 932 4045 f.
951 4003 974 4044 et
983 3993 1084 4055 Sagoer.
1102 3981 1133 4040 ot
1146 4003 1175 4041 τε
1192 3982 1276 4042 ἄλλοι.
1309 3989 1357 4042 diii

160 4061 183 4110 d.
202 4063 244 4111 Sic
253 4063 308 4123 fiee.
321 4061 343 4110 1.
356 4061 456 4125 Sequor.
469 4061 566 4113 Gobfer.
577 4069 601 4112 et
609 4060 714 4112 fefekm.
766 4066 790 4109 et
808 4061 865 4112 editi
883 4054 913 4109 oi
933 4055 964 4110 di
980 4052 1064 4109 ἄλλοι.
1100 4058 1151 4108 11οι
1170 4059 1226 4120 fteq.
1241 4059 1263 4108 f.
1282 4057 1355 4120 Seru.

123 4130 148 4185 t.
185 4128 264 4180 Ceteri
282 4137 361 4180 autem
380 4138 404 4180 ot
421 4129 478 4181 editi
495 4121 628 4194 ἐλέγοντο.
767 4128 864 4178 Gobfar.
890 4137 914 4178 et
934 4129 1038 4190 felciro.
1053 4127 1082 4182 f.
1104 4119 1225 4191 νομίζειν
1248 4115 1356 4179 nitoris.

160 4211 182 4246 e.
200 4187 283 4243 atto
305 4195 374 4247 abest
397 4213 410 4246 o
428 4197 502 4259 fissio
523 4200 545 4248 1.
564 4206 588 4248 ει
605 4199 715 4264 Sequar..
766 4193 812 4245 atti
830 4203 855 4246 et
872 4197 929 4246 editi
946 4188 1068 4260 νομίζειν
1084 4184 1205 4246 ἑαυτούς.

122 4265 166 4328 qni
191 4263 263 4314 iidem
287 4265 360 4328 psufo
384 4274 440 4328 post
464 4265 553 4314 babent
571 4257 631 4312 idcir
647 4249 717 4328 ycdr
804 4264 819 4312 i.
845 4263 943 4315 Gobter.
968 4271 992 4313 et
1008 4261 1114 4312 sercin.
1135 4259 1157 4310 1.
1177 4261 1291 4312 omittunt
1306 4257 1358 4310 τοῦ

121 4327 449 4396 πρᾶγμα,ε1111ϋε1ει1ιίι’
460 4323 668 4400 ἱδιιύγῖιριιρᾱγ
767 4321 900 4382 θανάτου.
1123 4383 1137 4406 0

160 4399 178 4446 f.
197 4399 255 4459 fieq.
268 4398 289 4446 l.
307 4399 440 4462 etSequer.
457 4395 555 4448 λαλεῖν.
581 4399 626 4451 stit
645 4345 715 4452 eiii
801 4398 823 4449 Ιι.
842 4399 899 4459 fter.
912 4397 934 4446 t.
953 4397 1086 4460 etSegoer.
1104 4407 1191 4450 curve
1207 4393 1249 4463 τῇ.
1276 4393 1358 4448 Ceteri

124 4477 174 4528 qne
190 4461 333 4516 λαλοῦντα.
767 4472 792 4516 et
807 4465 864 4516 aditi
882 4455 953 4512 odeo
970 4457 1016 4512 acci
1032 4461 1074 4530 τῇ.

160 4545 184 4592 ε.
203 4533 294 4593 itaut.
312 4535 413 4596 Sequor.
434 4531 714 4584 Gobier.etfefeim.f.
802 4533 819 4582 i.
842 4533 884 4582 Sic
900 4533 957 4594 fies.
979 4532 1002 4582 1.
1020 4540 1044 4581 ot
1061 4531 1162 4595 Sequor.
1203 4529 1232 4582 ln
1255 4527 1310 4582 aliia
1332 4534 1360 4580 ot

122 4594 325 4657 κατεσκεύαζεν.
362 4592 715 4659 Αιίἰειεάιιίκατασιιενᾶξει.
769 4599 840 4651 editis
857 4593 905 4648 aot
921 4600 997 4652 deest.
