3122 5060
507 365 617 410 cmrro
633 365 678 410 ιιι.
695 367 811 410 corrue
825 367 959 413 terinos.
1155 345 1160 350 ’
1270 353 1332 420 585

82 517 237 600 proclive
258 534 311 578 cor
332 515 430 583 babet.
474 515 521 578 En
546 533 673 597 namque
701 517 819 580 tametsi
841 517 908 579 illos
931 521 1033 599 quavis
1056 539 1091 583 er
1113 529 1197 602 parte
1219 522 1418 586 rotelli-nrm.

85 639 191 694 mus,
227 619 474 698 ostendimusque
503 619 585 680 omni
611 637 738 699 prorsus
772 620 964 700 intelligentia
986 641 1094 686 uacuos
1116 643 1200 698 esse,
1235 632 1335 688 tamen

89 721 190 784 nullo
211 720 302 784 modo
325 720 520 794 erubesouut3
547 720 601 782 sed
611 721 872 800 ,quemadmodum
895 722 1002 802 hydra,
1026 723 1205 788 Graecorum
1226 726 1333 790 tabulis

88 823 251 888 celebrata
272 825 345 897 iere,
368 840 464 884 novos
487 821 594 888 dicitur
616 830 773 902 serpentes
789 823 897 886 occisis
911 825 1062 904 prioribus
1077 828 1233 906 peperisse
1247 829 1333 890 aliis·

88 944 165 1004 que
187 943 307 1006 semper
327 924 529 1005 producendis
552 943 619 988 cum
641 925 830 988 interfectore
852 926 1052 1002 contendisse,
1076 927 1116 990 ita
1137 929 1261 992 illi-beo
1283 931 1332 994 in·

97 1027 190 1090 sensi
224 1037 254 1088 et
286 1027 374 1090 invisi
402 1045 464 1090 non
492 1045 581 1090 secus
609 1045 644 1089 ac
670 1027 781 1106 hydrae
808 1027 905 1090 animi
933 1029 1113 1092 emorientes
1135 1031 1166 1092 in
1187 1031 1235 1093 his
1258 1051 1333 1112 quae

93 1129 308 1208 praetendunt
333 1129 515 1209 argumentis
543 1129 676 1198 iudaicae
704 1129 777 1192 alias
805 1130 969 1210 stultasque
995 1131 1054 1193 sibi
1076 1133 1218 1214 effingunt
1240 1153 1333 1214 quas·

95 1233 234 1306 stiones,
257 1249 292 1294 ac
313 1231 403 1294 veluti
424 1229 573 1294 inimicam
593 1231 691 1310 ipsam
712 1231 856 1293 babentes
879 1232 1031 1294 ueritatem
1052 1251 1129 1295 nora
1143 1252 1264 1314 semper
1278 1253 1332 1297 ex·-

23 1343 35 1360 '
93 1332 253 1412 cogitant,
285 1343 319 1395 ut
352 1352 388 1396 eo
419 1333 513 1414 magis
546 1351 579 1396 se
608 1332 717 1396 Christi
744 1334 849 1395 bootes
877 1349 946 1398 esec
972 1333 1064 1398 nullis
1094 1353 1155 1396 non
1184 1337 1334 1400 declarent

94 1434 214 1496 modis.

192 1541 243 1602 59.
288 1538 362 1600 Post
384 1543 430 1598 tot
451 1537 530 1600 enim
553 1545 656 1600 contra
678 1536 762 1617 ipsos
782 1537 866 1600 allata
880 1549 1061 1618 argumenta,
1084 1557 1159 1619 quae
1175 1541 1221 1602 vel
1234 1541 1334 1622 ipsum

100 1634 267 1702 Diabolum
297 1657 401 1700 eorum
430 1649 545 1719 patrem
567 1649 707 1718 cogerent
729 1639 906 1702 erubescere
928 1651 958 1702 et
979 1649 1060 1704 retro
1083 1643 1237 1716 recedere,
1266 1662 1334 1706 ecoe

102 1759 191 1804 nova
220 1729 328 1804 iterum
355 1741 410 1804 alia
432 1751 599 1802 commenta
622 1749 760 1804 tortuoso
783 1760 819 1802 ex
841 1742 931 1804 corde
954 1759 1010 1804 sno
1032 1753 1181 1818 eructant,
1209 1744 1333 1825 aliisque

105 1843 157 1906 illi
178 1842 366 1923 obstrepunt,
388 1843 454 1904 aliis
475 1841 647 1906 huiusmodi
669 1843 759 1904 verbo
780 1843 875 1906 instar
890 1843 1015 1905 culicum
1030 1844 1230 1908 insusurrant.
1255 1847 1334 1922 „Per
1431 1895 1435 1905 .

99 1963 194 2021 „nos
215 1945 294 2016 licet,
317 1946 464 2023 inquiunt,
488 1945 527 2006 ita
549 1945 624 2006 baec
645 1963 678 2006 sc
700 1945 845 2018 babeant,
867 1945 909 2006 uti
931 1964 986 2007 vos
1007 1946 1259 2026 interpretamini,
1281 1967 1333 2010 re·
1415 1973 1420 1988 ι

101 2047 271 2122 „tionibus
299 2055 330 2107 et
355 2047 537 2127 argumentis
565 2047 689 2122 vincite;
722 2046 775 2108 sed
804 2054 904 2110 ‘tamen
925 2047 1076 2110 latendum
1098 2057 1160 2122 est,
1188 2049 1334 2112 Filiuma

102 2149 226 2224 „Patre
247 2148 398 2210 voluntate
421 2157 451 2210 et
472 2148 594 2212 arbitrio
616 2150 725 2212 iactum
749 2154 849 2210 esse.“
897 2148 948 2210 Sic
969 2149 1008 2210 illi
1032 2149 1192 2214 voluntatis
1208 2159 1238 2212 et
1251 2150 1334 2214 arbi·

98 2249 158 2314 trii
190 2250 310 2312 nomine
338 2249 455 2312 obiecto
483 2251 594 2319 murltos
624 2251 787 2324 seducunt3
819 2269 893 2330 quae
922 2251 1041 2330 quidem
1070 2252 1096 2313 si
1122 2251 1191 2331 quis
1214 2271 1231 2314 e
1252 2257 1335 2316 recte

102 2335 300 2416 credentibus
321 2351 409 2431 paulo
432 2351 596 2432 simpb’oius
612 2352 732 2426 diceret,
755 2351 854 2414 nullus
870 2361 952 2414 esset
967 2351 1148 2432 suspicionis
1162 2353 1257 2427 locus,
1280 2353 1335 2416 sed

103 2462 191 2518 recta
212 2463 311 2518 mente
333 2453 556 2532 corrigerentur
574 2453 664 2515 verba
686 2453 850 2532 simplicius
873 2451 997 2532 prolata.
1033 2453 1160 2526 Quando
1176 2473 1246 2516 uero
1262 2455 1336 2516 baec

106 2575 168 2618 vox
190 2556 409 2633 baereticorum
430 2563 486 2628 cst,
510 2571 637 2635 quorum
659 2553 749 2616 verbe
771 2553 878 2616 merito
902 2561 1039 2634 suspecte
1061 2563 1140 2627 sunt,
1164 2565 1193 2616 et
1209 2564 1240 2618 ut
1256 2557 1335 2618 scri·

103 2667 192 2738 ptum
215 2664 277 2718 est:
300 2653 392 2738 impii
411 2675 486 2720 uero
510 2656 595 2720 dolos
617 2657 843 2726 administrant,
868 2664 898 2716 et
919 2654 1081 2716 Sermones
1103 2673 1209 2720 corum
1225 2656 1334 2733 dolosi,

107 2759 228 2820 etiamsi
251 2758 361 2838 aliquid
383 2765 497 2820 tantum
520 2758 681 2831 innuerint,
705 2757 814 2837 quippe
838 2775 905 2818 cum
928 2763 1101 2836 corruptum
1124 2773 1176 2817 cor
1190 2755 1334 2832 habmus,

103 2879 163 2940 ago
191 2859 272 2922 istud
301 2877 436 2939 quoquc,
460 2861 540 2940 quod
562 2861 660 2933 aiunt,
691 2859 901 2938 dispiciamus,
930 2877 969 2919 ne
990 2859 1066 2918 torte
1089 2857 1170 2919 omni
1192 2875 1229 2919 ex
1250 2867 1420 2938 partorum.

104 2959 235 3024 convicti
266 2960 440 3024 vocabulum
472 2961 551 3024 aliud
581 2959 731 3022 recentius
760 2959 840 3022 velut
861 2960 970 3040 bpdrao
991 2959 1268 3032 comminiscentur,
1302 2966 1337 3021 ut

106 3063 214 3126 subtili
244 3061 419 3126 huiusmodi
452 3063 569 3126 dicendi
598 3063 721 3127 artificio
747 3071 780 3124 et
806 3061 875 3123 dolo
905 3079 988 3123 suam
1011 3059 1067 3122 alia
1089 3060 1197 3124 iterum
1218 3060 1337 3126 rationo

105 3163 304 3227 disseminent
324 3165 516 3245 impietatem.
560 3165 713 3244 Siquidem
734 3163 783 3226 ibe
803 3161 883 3226 idem
898 3164 1020 3228 omnino
1036 3163 1190 3243 significat,
1214 3163 1264 3251 qui
1280 3163 1337 3226 ait:

104 3265 265 3329 voluntate
285 3270 379 3330 iactus
403 3273 449 3330 est
469 3267 580 3341 lilino,
603 3285 638 3329 ac
662 3267 713 3348 qui
736 3266 821 3328 dicit:
843 3265 912 3328 Fuit
932 3265 1089 3346 abquando
1112 3283 1179 3328 oum
1200 3281 1263 3328 non
1284 3283 1339 3329 es·

109 3375 169 3441 set,
192 3375 222 3429 et
243 3387 278 3432 er
300 3367 393 3430 nibilo
416 3369 509 3430 iactus
531 3377 576 3431 est
590 3367 695 3442 Filios,
719 3379 749 3431 et
769 3387 819 3430 res
842 3376 939 3432 creato
954 3375 1011 3429 ost
1055 3367 1162 3429 Verum
1178 3368 1248 3448 quia
1263 3367 1338 3432 haee

108 3469 222 3532 dixisse
247 3469 316 3531 illos
345 3470 404 3532 iam
430 3469 537 3550 pudet,
566 3471 632 3534 aliis
655 3471 734 3533 idem
755 3469 854 3532 verbis
877 3469 1044 3548 significare
1066 3469 1193 3531 subdole
1215 3477 1245 3530 et
1266 3486 1335 3529 ver·

110 3579 185 3634 suto
211 3579 373 3646 conantur,
406 3571 553 3652 nobisque
588 3573 745 3636 voluntatis
773 3571 950 3636 uocabulum
978 3589 1039 3632 non
1066 3583 1152 3634 secus
1180 3587 1215 3630 oo
1236 3569 1336 3648 sepiae

141 3793 158 3840 t.
177 3789 250 3841 basil.
268 3789 317 3851 τῆς
332 3782 420 3859 ὀρθῆς
437 3785 569 3845 διανοίας.
748 3792 772 3842 b.
796 3789 879 3840 τοῦτο
903 3783 934 3838 τὸ
957 3777 1105 3868 λῃιόμαὶον
1128 3797 1173 3839 eto
1210 3787 1290 3840 Ceteri
1313 3795 1337 3838 ct

747 3859 804 3910 editi
823 3856 904 3906 τοῦτο
923 3853 1076 3922 λιγαμενον.

107 3906 169 4022 ni.
183 3891 280 4010 libel
294 3893 698 4014 ttrtttttttttttttttt]
751 3921 1343 4044 „gffptp-gsgppgfgggpgfg¹⁰gtp

113 4019 231 4091 tidros
255 4027 312 4076 τῶν
334 4020 447 4094 ἀσεβῶν.
491 4029 570 4080 Ceteri
595 4037 619 4078 et
641 4029 697 4079 editi
748 4063 801 4112 κω
820 4062 876 4122 Μ.
898 4060 920 4108 1,
939 4060 1038 4122 Sem„
1057 4059 1178 4119 pngpcgn,
1198 4056 1296 4108 gomer,
1315 4063 1339 4106 οη

110 4083 188 4158 tt'ym
206 4087 305 4144 “M'’
343 4097 402 4147 ¹¹⁸¹¹¹
421 4097 477 4160 ¹³²⁸·
490 4097 511 4146 ¹·
525 4106 547 4148 ⁰¹
558 4097 698 4160 ³⁰⁸¹¹0¹l⁸ffi
748 4127 889 4180 ueremi.
907 4121 989 4176 neto
1006 4119 1099 4178 ettae.
1136 4125 1162 4174 ιι
1182 4123 1342 4174 uerrucam.

111 4157 219 4211 νεῦωοι.
258 4164 355 4214 Gobler.
375 4172 398 4214 et
416 4165 520 4215 Felcim.
542 4165 563 4216 l.
581 4157 698 4214 νεύουσι.

110 4229 154 4281 tilii
177 4240 201 4280 et
225 4232 281 4282 editi
299 4224 425 4281 νιύσωοι.
461 4233 516 4293 fleg.
528 4233 550 4284 1.
566 4243 590 4283 et
599 4233 699 4294 Segoer.

110 4307 194 4347 rursus
212 4297 300 4349 ibidem
320 4293 530 4366 διεφθαρμένην
546 4293 640 4366 ἔχουσι
650 4293 701 4359 την

113 4357 245 4444 διάνοιαν.
289 4367 336 4445 tilii
362 4369 467 4482 sditipue
492 4361 700 4435 διεφθαρμένην

111 4445 165 4501 γαρ
183 4445 278 4500 egonus
294 4448 345 4495 την
361 4449 413 4504 trop

143 4533 167 4582 b.
186 4536 243 4598 licg.
264 4536 285 4586 l.
304 4537 405 4598 Segner.
423 4536 666 4600 Gcblermti'clclm.
678 4536 700 4586 l.
785 4536 802 4585 l.
820 4535 861 4584 Sic
879 4533 936 4596 lteg.
948 4533 970 4584 i.
989 4535 1089 4594 Seguer.
1107 4531 1244 4584 sotter-u

113 4595 386 4671 τοῦτο-ιεαάιομα.
420 4607 450 4655 ιι
461 4605 518 4669 ιη.
529 4602 553 4655 n.
565 4603 698 4656 eruero.
751 4603 834 4654 manu
854 4602 875 4652 ι.
910 4605 939 4652 ιι
955 4601 996 4652 αι
1015 4609 1039 4652 α
1057 4601 1113 4652 ertu
1132 4591 1161 4648 ιι
1176 4591 1230 4648 me

750 4197 807 4248 mel.
828 4196 919 4246 omisso
937 4189 1020 4244 πάλιν
1036 4195 1108 4244 babet
1124 4182 1221 4244 ἄλλοις.
1247 4191 1340 4242 ibidem

750 4266 807 4327 ttog.
829 4264 850 4313 l.
876 4263 1016 4324 seruerim.
1034 4259 1131 4310 Gobter.
1150 4269 1175 4308 οι
1192 4258 1297 4309 Felclm.
1316 4259 1340 4312 l.

749 4324 852 4380 ταυτὸν
867 4324 922 4395 γὰρ
941 4323 1067 4394 σημαίνει
1085 4319 1099 4374 ὁ
1116 4321 1211 4391 λέγων.
1240 4327 1340 4376 blitru-

751 4409 800 4451 tem
819 4408 842 4450 et
859 4399 917 4448 editi
935 4407 992 4462 post
1009 4386 1338 4461 οημοίνιιιάἀιιιιιιιόλιν.

433 4430 487 4482 ‘'W·
786 4468 808 4518 k.
827 4467 883 4528 ttsg.
897 4466 919 4516 t.
930 4458 1148 4528 etSegn.yr'youe‚
1167 4455 1214 4510 καὶ
1229 4455 1349 4512 αιὶοιιοι.1
