3072 5056
452 1171 495 1262 ε.
527 1173 1244 1316 κτααακοακαοσιαυιοοουι
1515 1209 1519 1291 ³

702 1328 999 1404 oueolouos
1515 1324 1518 1387 t

631 1479 816 1543 CONTRA
842 1479 1058 1544 tutanos,

570 1887 574 1898 ’
666 1870 1024 1930 ΑΒΜΟΝΙΤΙΟ.

144 2046 220 2092 m,
314 2018 337 2080 1.
380 2017 537 2082 Historiae
564 2017 752 2083 Asianorum
783 2022 823 2084 ab
851 2020 1015 2083 Monaobos
1044 2039 1062 2081 a
1089 2019 1123 2081 S.
1152 2019 1321 2082 Atbonasio
1349 2021 1444 2080 nissae

228 2119 409 2199 subiunpere
432 2123 532 2182 uisum
554 2133 600 2184 est
621 2129 755 2202 quatuor
779 2121 940 2185 Orationes
963 2133 1072 2184 contra
1094 2120 1236 2184 Arianos.
1271 2119 1442 2202 Nonquia

227 2229 263 2282 ut
284 2219 507 2284 nonnullorum
527 2231 575 2283 est
595 2227 760 2294 sententia,
795 2222 848 2285 boo
871 2226 969 2304 ipsun
992 2221 1077 2304 Opus
1105 2232 1166 2293 est,
1199 2223 1279 2302 quob
1305 2241 1369 2284 una
1389 2237 1444 2283 sun

228 2319 414 2384 Asianorum
438 2322 568 2385 bistonio
589 2323 630 2385 αό
651 2321 814 2386 Μουσαίου
836 2328 921 2387 nisit
941 2323 974 2385 S.
998 2323 1198 2395 Athanasius,
1224 2327 1378 2404 proprius
1406 2321 1444 2382 bit

227 2427 291 2485 esus
315 2422 398 2486 iosus
427 2433 483 2486 ost.
527 2423 588 2487 Sed
615 2429 645 2488 si
670 2423 727 2486 aiii
748 2424 941 2504 probabilius
969 2427 1157 2497 existiment,
1191 2423 1262 2486 iiias
1293 2425 1444 2486 Orationes
1520 2503 1521 2510 ρ

226 2523 304 2586 aiios
324 2523 417 2605 pians
441 2543 506 2588 asse
528 2526 563 2588 ab
585 2525 684 2607 Opere
705 2527 745 2589 ab
759 2525 922 2589 Monaabos
944 2529 1047 2601 misso,
1069 2543 1123 2588 nes
1144 2526 1257 2588 ideirco
1272 2522 1445 2588 onaannoio
1520 2517 1521 2520 ’

227 2625 274 2688 bia
297 2624 496 2692 collocantur.
543 2627 617 2693 Osos
638 2631 716 2691 non
737 2636 868 2700 constet,
898 2645 949 2690 eas
976 2639 1050 2708 post
1075 2631 1232 2690 intrusum
1254 2626 1412 2707 Oenopion
1431 2639 1447 2682 a

225 2738 332 2790 sanato
354 2727 521 2792 Athanasio
550 2731 583 2790 in
612 2730 777 2793 solitudine
805 2739 869 2792 tum
891 2730 1012 2808 depensa
1034 2747 1098 2791 osse
1126 2731 1324 2808 conpositas,
1356 2731 1447 2808 potest

224 2833 328 2910 utique
355 2830 428 2911 pieri
451 2842 488 2894 ut
514 2829 586 2892 iiias
613 2834 739 2921 nonnisi
755 2840 829 2910 post
850 2829 1020 2909 Epistulam
1046 2839 1201 2910 ceteraque
1229 2829 1269 2890 σί
1290 2826 1446 2891 Μουσαίου

224 2933 318 2990 otissa
344 2929 446 3010 Opera
467 2915 647 3010 saripserit3
679 2950 749 2993 nam
771 2949 828 3012 pua
852 2930 974 3011 definite
1003 2948 1083 2993 anno
1112 2933 1303 3011 oonsasiptos
1323 2931 1445 3009 suerin,

226 3038 308 3090 sarto
343 3029 403 3090 osu
428 3049 492 3093 non
516 3041 628 3110 potest.
673 3030 734 3094 Sed
762 3031 797 3093 ae
826 3030 870 3092 bis
898 3031 1002 3109 fusius
1032 3030 1291 3110 in11’raefotions
1317 3027 1449 3109 pensraii

226 3127 267 3206 [p.
283 3127 428 3206 XXXV.];
458 3140 556 3193 astera
578 3150 674 3203 uuna,
706 3148 781 3212 puae
809 3131 850 3192 aci
870 3135 952 3210 ipsas
975 3133 1112 3195 obtinent
1136 3133 1314 3200 Orationes.
1341 3147 1447 3255 pegas-

224 3245 364 3308 pannus.
1521 3243 1522 3320 ff

309 3328 345 3389 11.
390 3327 494 3410 Supra
513 3335 627 3412 popina
643 3333 715 3396 269.
737 3335 770 3393 in
792 3331 1001 3396 admonitione
1023 3337 1055 3394 in
1076 3333 1243 3414 Epsbtoiasn
1262 3332 1448 3414 iinspsiiaoss
1521 3321 1522 3360 t

223 3430 264 3492 ab
284 3429 452 3512 Episcopus
474 3431 600 3512 Aepypti
620 3445 648 3496 st
668 3433 777 3513 bibyao
798 3439 859 3496 iam
882 3435 1120 3512 observabimus,
1147 3445 1280 3516 quatuor
1301 3435 1449 3498 duntauot

223 3549 289 3594 esse
314 3530 477 3595 Orationes
509 3544 616 3596 contra
638 3533 787 3612 Arianos,
821 3553 883 3598 non
911 3541 1054 3618 quinque,
1087 3546 1124 3598 ut
1151 3535 1207 3597 aiii
1232 3536 1307 3598 editi
1334 3535 1446 3603 babent.

222 3639 376 3720 ipsamque
398 3631 587 3714 Bnayalioans
608 3635 777 3716 Bpistoiam
805 3637 841 3699 ab
864 3636 926 3700 iliis
952 3636 1151 3700 Orationibus
1171 3641 1294 3716 penitus
1317 3655 1383 3699 esse
1403 3637 1449 3697 ii-

155 3792 157 3803 .
215 3739 382 3818 ¹stinotasn3
411 3751 517 3797 oerum
546 3753 656 3814 operae
685 3741 818 3817 pretium
839 3748 886 3801 est
902 3739 1027 3817 plenius
1051 3737 1097 3800 bis
1119 3755 1154 3800 ea
1176 3738 1211 3800 eie
1234 3757 1268 3801 rs
1291 3738 1447 3802 disserere

221 3836 310 3899 Inter
331 3853 363 3898 ss
395 3852 458 3898 non
480 3840 674 3900 consentiunt
695 3842 900 3920 manuscripti
921 3839 1042 3902 Codices
1064 3843 1097 3901 in
1118 3840 1301 3918 ossipuauoio
1323 3853 1448 3900 nunsero

224 3937 406 4000 orationum
430 3948 536 4000 santra
556 3935 700 4000 Arianos.
745 3938 948 4018 Sepusrsanus
971 3941 1101 4019 optimas
1122 3952 1212 4005 notas
1236 3940 1336 4002 casea
1361 3941 1449 4019 pus'ss·

221 4057 277 4118 pus
304 4050 461 4110 suaserat,
496 4056 626 4120 ρυστυαι
649 4043 753 4119 prima
779 4049 825 4102 est
852 4039 992 4122 Epistola
1020 4039 1180 4120 Bnoptiioa
1212 4041 1253 4103 aa
1283 4039 1448 4120 Episcopos

220 4139 349 4219 Aepppti
367 4149 396 4202 st
417 4137 541 4220 libyos,
575 4141 615 4201 aa
642 4143 728 4202 ouius
756 4145 877 4203 initiunt
905 4143 939 4203 in
964 4143 1101 4220 mospius
1129 4141 1201 4204 baso
1231 4152 1307 4205 nota
1328 4139 1448 4222 lepitur.

221 4255 310 4320 quam
331 4239 487 4303 noluimus
510 4245 663 4304 amittere:
687 4225 784 4316 οὗτος
807 4233 825 4305 ό
848 4236 996 4306 ἐνταῦθα
1017 4241 1151 4323 πρῶτος
1165 4237 1263 4323 λόγος
1276 4240 1336 4305 τοῦ
1354 4233 1447 4324 bynu

218 4330 426 4403 Ἀθαυασίσυ
443 4337 477 4404 io
491 4361 562 4406 τισι
576 4342 642 4406 τῶν
665 4333 877 4426 ἀντιγράφων
887 4344 1043 4426 τέταρτος
1059 4344 1204 4428 φέρεται.
1227 4338 1285 4406 καὶ
1304 4342 1449 4426 Σοβῆρος

222 4437 259 4506 bb
280 4431 299 4504 ό
321 4437 478 4526 όυςσεβὴς
499 4439 534 4506 bu
554 4443 602 4528 τῷ
631 4439 769 4526 εἰκοστῷ
790 4445 892 4526 τρίτῳ
920 4441 1090 4529 κεφαλαίῳ
1118 4442 1178 4508 τοῦ
1207 4445 1320 4525 τρίτου
1349 4437 1448 4525 λόγου

221 4541 288 4606 τῶν
315 4536 398 4608 κατὰ
418 4541 479 4606 τοῦ
499 4547 663 4626 μακαρίου
681 4535 832 4611 Ἰιαόυυου
853 4544 914 4608 τοῦ
937 4540 1124 4613 ἐπισκόπου
1146 4547 1352 4628 Καισαρείας
1372 4544 1447 4608 Ha-
