3022 5056
436 357 544 406 curro
559 361 580 404 r.
597 361 716 406 carena
726 361 863 406 mamus.
1194 347 1257 411 257

72 514 116 576 cdi.
151 509 195 574 tat
213 529 276 591 ergo
305 510 355 574 illa
381 510 471 574 rerba
504 511 628 590 perinde
649 529 684 574 ae
704 511 760 574 ista
782 511 961 592 intelligerit,
993 531 1062 576 uam
1090 505 1121 576 et
1149 511 1198 574 illa
1219 514 1343 576 derasa

69 612 109 674 dei
126 612 235 693 imagine
253 621 323 675 sunt
343 614 470 693 scripta,
499 613 545 676 vel
573 613 630 676 ista
651 622 685 674 ut
705 613 754 676 illa
775 614 852 676 male
873 615 1103 695 interpretantes
1125 615 1255 678 manti-

68 713 112 776 lem
128 714 223 794 lugunt
240 711 367 778 Patrem
412 713 499 788 Quod
527 715 554 778 si
584 715 652 778 talia
679 715 725 776 rel
754 716 843 778 edam
871 716 936 788 aliis
965 717 1133 780 doennms
1155 717 1260 802 audire

67 833 113 876 unu
131 823 200 878 rarat
217 815 364 896 periculo,
393 815 505 880 idcirce
528 816 617 896 igitur
638 836 674 879 ea
694 804 776 880 recte
796 815 1004 896 intelligimus,
1035 837 1145 900 nempe
1163 819 1259 884 Deum

67 916 167 978 iustitias
186 917 301 998 diligere
322 925 352 980 et
372 917 498 980 iniustas
520 919 640 999 rapinas
663 919 766 980 edisse
788 918 861 992 dici,
895 937 955 980 non
984 921 1070 999 quasi
1092 921 1122 982 in
1144 922 1258 984 alteru·
1298 923 1302 936 ’

67 1027 123 1080 nam
145 1028 246 1099 partem
274 1020 464 1102 propendere
492 1029 523 1084 et
550 1020 730 1084 centrarium
759 1020 895 1100 amplecti
923 1021 1037 1101 possit,
1064 1023 1104 1083 ita
1132 1031 1166 1084 ut
1186 1023 1259 1086 illud

67 1119 140 1199 eligat,
158 1120 229 1184 istud
249 1121 374 1196 reliciat,
397 1122 426 1186 id
449 1121 529 1184 enin
550 1141 652 1186 rerum
673 1123 815 1184 laetarum
838 1121 993 1202 proprium
1015 1132 1077 1195 eat3
1100 1121 1154 1184 sed
1176 1123 1257 1207 quud

65 1229 89 1282 ut
105 1221 176 1284 index
195 1225 290 1288 iustus
311 1233 390 1288 amat
411 1232 441 1286 et
463 1224 598 1304 suscipit,
620 1224 724 1304 procul
746 1233 844 1286 autem
858 1242 875 1288 a
890 1224 975 1286 malis
990 1223 1113 1286 recedit.
1125 1257 1134 1274 ι
1146 1223 1258 1303 Eadepr

65 1340 137 1400 perra
153 1325 183 1386 de
195 1326 245 1388 llei
266 1326 395 1406 imagine
418 1327 531 1388 sentire
545 1343 664 1406 quaque
679 1326 826 1398 convenit,
849 1343 914 1388 esni
929 1323 1043 1388 seilicet
1060 1323 1150 1388 simili
1165 1323 1256 1386 medo

66 1433 89 1482 et
105 1442 181 1486 amne
199 1435 227 1488 et
248 1427 363 1490 odisse.
407 1427 560 1507 Siquidem
582 1426 648 1489 talis
671 1445 740 1490 esse
761 1426 848 1488 debet
870 1425 1007 1506 imaginis
1021 1433 1138 1500 nutura,
1160 1425 1341 1507 quaternu-

66 1523 116 1584 eius
133 1533 169 1589 est
185 1527 277 1604 Pater,
301 1528 540 1598 etiamsi,driani
563 1547 659 1608 neque
682 1528 761 1590 illam
782 1547 879 1608 neque
901 1529 1060 1608 quidquam
1077 1528 1157 1592 alind
1179 1528 1257 1590 divi-

62 1641 142 1688 nanrm
160 1628 302 1694 literarum
325 1649 397 1711 prae
419 1631 558 1694 caecitate
580 1649 641 1692 nen
663 1631 854 1711 perspiciunt.
899 1629 971 1692 tum
1000 1631 1081 1692 enlm
1110 1647 1181 1694 suas
1209 1630 1256 1692 ri-

61 1725 130 1788 deant
147 1731 331 1809 aginnense
353 1733 399 1794 vel
420 1733 521 1813 potius
544 1732 736 1794 delirationcs
759 1733 862 1796 inanes
885 1742 916 1794 et
936 1749 1027 1794 vanas
1049 1751 1129 1806 esse,
1151 1749 1256 1796 rursus

60 1827 87 1886 ad
104 1828 248 1894 diuinarum
272 1834 492 1914 Scripturarum
514 1833 603 1896 rerba
626 1834 808 1913 conlugmut
853 1835 961 1896 Verum
974 1821 1043 1896 eum
1058 1832 1107 1896 hie
1127 1851 1184 1914 pru
1200 1851 1264 1906 sno⁴
1328 1882 1338 1899 .

59 1945 125 1990 uere
141 1934 243 2011 pariter
264 1937 445 2008 caecutiant,
478 1935 586 1998 hurum
614 1955 736 1998 sensum
764 1953 826 1996 non
853 1945 982 2014 possunt
1004 1936 1174 2016 percipere,
1204 1935 1258 1998 sed

59 2045 124 2091 suam
142 2033 317 2114 impietatem
340 2047 476 2117 tanquam
499 2037 629 2116 regulam
652 2037 757 2112 secuti,
779 2035 876 2100 divina
892 2037 991 2100 amnia
1006 2039 1124 2102 cruenta
1139 2038 1175 2099 ad
1192 2055 1257 2100 eam

59 2127 217 2212 detorquent,
247 2156 324 2218 qnae
347 2157 414 2200 cum
436 2135 481 2200 vel
504 2147 615 2200 tantum
638 2140 810 2218 proferunt,
839 2139 913 2202 nihil
939 2147 1019 2202 certe
1048 2139 1126 2202 aliud
1155 2141 1258 2203 audire

58 2228 119 2308 digni
138 2245 216 2311 sunt,
238 2259 345 2320 quam:
374 2241 498 2302 Erratis
521 2245 687 2304 nescientes
710 2241 889 2321 Scripturas
909 2259 1002 2323 neque
1024 2241 1169 2306 uirtutem
1189 2243 1256 2306 Dei.

59 2330 126 2402 (lund
143 2338 166 2398 si
185 2343 353 2418 pertinaces
375 2343 529 2417 resistant,
551 2342 634 2406 hisce
648 2361 755 2408 rursus
769 2343 868 2406 verbis
884 2351 955 2406 sunt
970 2331 1154 2406 mnintsndi:
1176 2342 1258 2408 ltad-

57 2433 101 2496 dtte
119 2455 184 2516 quae
204 2451 275 2504 sunt
298 2433 429 2506 heminis
451 2444 566 2506 homini
588 2453 618 2506 et
631 2461 714 2526 *pune
736 2457 808 2508 sunt
829 2445 889 2507 Ποῖ
908 2444 982 2506 Dra.

117 2948 162 3010 53.
203 2950 303 3032 dtqui,
327 2951 474 3032 inquiunt,
498 2949 528 3012 in
549 2948 720 3020 Proverbiis
744 2951 888 3030 scripturn
911 2959 973 3012 est:
996 2947 1145 3014 Dominus
1168 2967 1257 3012 crec-

50 3047 83 3101 ιιι
101 3065 140 3107 me
160 3053 279 3114 isitium
302 3057 424 3114 alumna
447 3069 575 3114 sauram
595 3055 629 3113 in
653 3069 747 3132 cperc
768 3069 834 3113 sac.
880 3051 913 3112 ln
936 3050 1062 3130 epistola
1079 3069 1197 3130 qumque
1219 3049 1256 3114 ad

48 3139 177 3214 Hebraeus
199 3152 273 3218 haec
297 3153 402 3215 scribit
423 3153 600 3232 Apostolus:
633 3151 725 3216 Tanto
751 3155 964 3234 praestantior
994 3153 1255 3234 Angelis¹snctus,

49 3260 140 3320 prierato
161 3256 358 3318 excellentius
379 3273 457 3335 prae
477 3255 540 3316 tlte
556 3273 663 3318 neman
679 3255 862 3316 dueredr'tate
877 3257 999 3333 decepit,
1023 3261 1054 3314 et
1066 3254 1154 3334 pardo
1169 3263 1254 3334 pest:
1283 3269 1297 3298 v

52 3342 123 3420 tare,
144 3353 269 3420 Fratres
293 3360 592 3428 sanctissimarum
617 3356 750 3422 scalada
770 3357 946 3437 participes,
971 3357 1160 3418 considerata
1179 3372 1257 3437 cpo-

49 3449 139 3529 ttclans
159 3467 186 3517 st
202 3459 382 3540 pontificem
399 3459 599 3537 consessionis
614 3466 738 3520 nestrae
753 3455 862 3528 lesum,
887 3460 940 3536 qua·
953 3456 1054 3538 fidelis
1077 3467 1122 3519 eat
1143 3461 1181 3530 ed,
1205 3459 1259 3538 pue·

47 3547 105 3622 serit
124 3553 213 3631 illam,
238 3568 269 3620 at
291 3561 323 3620 in
344 3557 481 3620 Actibus:
504 3557 618 3621 Netum
639 3561 796 3639 adigitur
818 3557 901 3620 audis
916 3557 1064 3628 crambes,
1088 3561 1185 3620 emnia
1201 3559 1257 3620 du-

47 3663 103 3708 nas
123 3653 223 3730 lsrael,
247 3663 330 3743 guad
352 3673 381 3724 et
402 3660 566 3745 Dominum
589 3679 656 3720 earn
677 3671 707 3721 et
731 3659 886 3722 Cdristum
906 3660 980 3739 fecit
1001 3659 1082 3722 Deru
1106 3659 1184 3720 tuae
1206 3656 1257 3718 Ie-
1296 3699 1303 3706 -

72 3849 88 3883 t.
104 3841 139 3891 Sia
155 3844 257 3906 Seguer.
278 3846 348 3903 prl.
368 3853 391 3894 et
409 3845 513 3896 Felclm.
529 3846 552 3896 1.
588 3846 616 3896 tt
700 3843 716 3893 i.
747 3845 787 3894 Sic
813 3847 912 3907 Segner.
930 3845 1035 3903 ¹Goltler.
1066 3851 1089 3892 et
1113 3841 1218 3892 Felclm.
1234 3842 1256 3890 1.

44 3899 87 3963 ⁸²8·
105 3895 167 3957 εἶναι
180 3906 268 3978 φύσει
280 3905 439 3973 τὴνεῖκόνα.
470 3913 533 3964 ilditi
545 3901 616 3962 eluat
666 3913 694 3962 lt
711 3911 752 3962 alii
771 3921 794 3962 at
809 3914 882 3963 editio
895 3909 1162 3966 Commelsaucdrar,
1183 3907 1256 3956 Paulo

42 3968 612 4047 ‘l'ltt'w(mendoseprumdesslripraixa'ra.
666 3987 722 4044 pust
746 3994 804 4030 mss.
829 3996 914 4032 amnes
942 3976 988 4028 aul
1009 3969 1072 4045 μετ’
1101 3967 1187 4041 ὀλίγα.
1229 3975 1257 4025 lu

67 4041 81 4087 l·
102 4044 257 4112 SleSeguer.
283 4050 340 4112 lleg.
367 4058 389 4098 et
414 4049 551 4103 Felelrm.5.
587 4051 616 4100 lt
667 4043 893 4098 adillaact'deeat.

41 4103 72 4156 elii
88 4115 193 4192 deditio
212 4117 335 4168 Commel.
353 4109 523 4184 ἐμπεσόντες.
567 4186 572 4196 1
597 4179 601 4186 ,
701 4149 724 4200 g,
743 4134 793 4197 adv
810 4151 878 4200 ‚hear
896 4163 908 4197 a
926 4145 1065 4198 soleant.
1086 4152 1109 4194 rt
1121 4145 1176 4207 llag.
1195 4141 1256 4194 lhid.

66 4191 82 4237 g.
100 4182 135 4231 Su
152 4199 212 4235 msa.
232 4193 333 4249 praeter
351 4187 455 4235 Fetclm.
470 4185 508 4246 2,
532 4187 572 4235 uln
591 4192 617 4234 ut
667 4218 766 4279 segnes.
786 4215 871 4264 nm,
893 4207 966 4279 pff·
1003 4213 1100 4264 (ΜΠ,
1125 4221 1148 4263 gg
1173 4213 1257 4262 pgpcp.

40 4245 198 4380 galeam„
213 4243 488 4388 ἳεέέἒιὶναυὲἓμὲἒὲ
512 4245 616 4302 κανόνα
668 4299 730 4334 meu.
744 4283 765 4334 l.
784 4277 830 4332 καὶ
846 4269 987 4336 adeodatae.
1014 4279 1077 4330 Editi
1096 4288 1119 4330 et
1136 4272 1257 4330 atillam

64 4380 82 4430 h.
104 4387 142 4434 Sia
164 4389 271 4452 Seguer.
297 4397 319 4439 et
344 4391 399 4452 ling.
435 4379 616 4454 spiritumet·
1327 4433 1333 4447 ,

40 4457 99 4500 ’ωσι
134 4455 228 4506 llche
247 4473 310 4512 uer..
329 4457 427 4508 Goblrr.
446 4465 468 4508 at
480 4457 615 4508 deletaml.
703 4454 719 4503 l.
738 4453 779 4503 Sic
794 4455 894 4515 Segaer·
912 4457 939 4500 ut
956 4456 979 4500 et
996 4449 1088 4500 ridetur
1103 4448 1200 4512 ratgar
1220 4447 1258 4480 ¹³-

39 4509 71 4586 30?
83 4509 200 4595 ρκοὖειν,
222 4518 353 4576 απόδοτε.
388 4524 433 4576 llll
452 4533 476 4578 et
493 4523 617 4588 aditipost
668 4523 740 4584 gissa.
775 4520 819 4599 diij
838 4533 894 4599 reru
913 4525 936 4596 et
954 4518 1010 4636 agili
1027 4508 1121 4585 κύριον
1132 4507 1181 4596 aar*

40 4593 128 4636 ‘artata
146 4593 241 4644 addant
259 4585 349 4643 πάλιν.
642 4590 644 4598 ’
669 4583 736 4638 στὸν
754 4601 839 4638 avrea
857 4586 953 4640 aaran
982 4587 1080 4658 ποίησει
1094 4595 1142 4634 run

67 4673 184 4724 larensem
195 4691 252 4724 arr.
265 4689 336 4724 uuas.
351 4691 400 4722 ιιι.
1021 4670 1051 4722 Π

667 4345 733 4418 ὑμῖν
750 4349 803 4404 nde
821 4339 901 4402 alsae.
