3098 5040
449 333 565 380 course
578 333 798 380 manuninum
811 335 901 382 unsa
915 335 936 380 r.
1111 373 1112 378 ,
1237 319 1299 386 877

74 487 263 568 Quamquam
294 499 387 548 mum
420 485 461 548 sit
488 503 598 566 corpus
624 485 797 560 amborum,
829 473 910 566 quod
938 494 1084 568 quatenus
1105 487 1233 568 Spiritus
1255 499 1387 554 estc-tte
1505 519 1509 530 v

70 588 221 668 particeps
243 586 397 668 spirituale
418 587 542 668 intelligi
563 587 704 660 ostendit,
727 597 875 668 quatenus
898 597 997 652 autem
1018 589 1049 652 in
1070 590 1205 670 potentia
1219 591 1299 654 dun·
1444 571 1453 588 ⁹

70 701 153 754 taxat
180 691 296 754 animae
323 689 481 762 immanet,
503 689 629 752 animale
650 690 723 752 illud
744 689 884 752 declarat
928 690 988 752 Cur
1009 699 1125 764 autem,
1155 692 1182 754 si
1203 693 1243 754 ita
1264 711 1300 756 se

71 811 124 854 ras
155 791 245 860 babet
269 799 304 854 ut
331 809 384 854 vos
414 790 529 865 dicitis,
559 809 622 854 uon
650 791 742 854 bomo
767 799 880 854 tantum
902 791 1010 855 dicitur
1032 791 1184 880 Chpistus,
1213 793 1299 872 quasi

71 911 170 956 novus
199 893 318 972 qnidam
347 893 455 967 bomo,
489 895 542 974 qui
570 895 609 956 de
630 893 719 956 caelis
741 894 908 968 advenerit,
942 894 995 957 scd
1019 903 1046 956 et
1069 894 1147 956 lilius
1167 894 1300 958 hominia

69 998 168 1060 lamus
190 993 259 1058 est‘l
303 994 336 1057 Si
357 993 447 1074 igitur
468 995 500 1058 in
522 995 718 1058 terrefactus
742 1004 790 1085 est
811 995 888 1058 filim
911 995 1058 1070 hominis,
1087 995 1157 1058 licet
1176 1013 1239 1058 non
1262 1015 1299 1062 ex

70 1097 274 1170 summoniri,
296 1096 351 1160 sed
373 1116 408 1158 ex
431 1095 545 1178 Spiritu
567 1105 783 1160 sancto·natus
805 1097 855 1172 ait,
877 1097 1057 1178 Protoplasti
1080 1097 1130 1178 qui
1152 1117 1230 1162 nnus
1253 1108 1301 1162 est

68 1199 164 1262 Adam
191 1197 271 1260 lilius
297 1197 488 1278 intelligatur.
530 1199 634 1279 Neque
655 1199 735 1262 enirn
757 1209 876 1280 practer
895 1199 1056 1273 aldamum,
1084 1199 1135 1278 qui
1157 1217 1193 1262 ex
1215 1210 1295 1262 terra

70 1310 131 1376 est,
152 1301 227 1364 alius
249 1299 396 1382 eprispiam
417 1299 584 1390 descriptus
607 1309 655 1364 est
675 1301 778 1375 homo,
795 1288 852 1381 'qui
873 1301 904 1364 in
927 1301 1008 1365 caclo
1029 1301 1128 1374 luerit
1151 1309 1185 1362 ut
1206 1311 1236 1364 et
1258 1319 1295 1364 cx

69 1403 160 1466 caelis
182 1421 292 1482 corpus
315 1403 423 1466 habeat
443 1403 592 1476 Christus,
615 1411 644 1465 el
666 1403 743 1466 lilius
766 1403 897 1466 hominis
920 1403 961 1467 sit
983 1422 1018 1465 ex
1040 1403 1097 1466 alio
1118 1403 1290 1466 abhdamo.

70 1504 262 1584 Quapropter
281 1504 459 1588 llattbaeua,
470 1505 590 1584 quidem
611 1505 705 1567 lilium
719 1503 867 1568 Abraham
890 1513 920 1566 et
939 1505 1032 1568 David
1053 1504 1137 1568 illum
1158 1505 1301 1568 describit

68 1603 235 1668 secundum
264 1623 401 1678 carnem,
420 1605 518 1668 Lucas
548 1623 618 1668 vcro
641 1625 710 1668 cum
730 1607 810 1668 Adae
834 1601 939 1670 et'llei
960 1606 1069 1670 Filium
1090 1615 1219 1670 enarrat
1263 1607 1301 1674 Si,
1345 1633 1348 1642 ¹

66 1707 171 1786 itaque
190 1707 417 1786 Evangeliorum
438 1707 577 1788 discipuli
599 1709 685 1782 estis,
707 1725 745 1770 nc
766 1707 931 1788 loquamini
955 1708 1100 1771 adversus
1120 1708 1216 1771 Deum
1237 1708 1299 1772 ini-

66 1809 226 1889 quitatem,
258 1808 311 1872 sed
333 1808 505 1889 Scripturas
531 1827 640 1890 resque
668 1817 768 1890 pastas
797 1809 962 1872 sectamini.
1009 1810 1101 1883 Quod
1125 1810 1152 1874 si
1179 1822 1299 1891 praeter

67 1929 115 1980 ea,
138 1927 214 1988 quae
234 1909 344 1990 scripta
365 1917 451 1982 sunt,
473 1910 529 1973 alia
550 1911 631 1991 loqui
653 1911 806 1974 inanimo
830 1912 884 1986 sit,
908 1931 967 1974 cur·
982 1911 1140 1974 adversum
1162 1929 1220 1974 nos
1243 1911 1298 1976 de·

65 2011 201 2084 certatis,
221 2013 273 2094 qui
294 2011 372 2076 nnlla
394 2013 496 2076 audire
516 2013 564 2075 vel
585 2012 686 2093 eloqui
711 2014 895 2076 sustinemus
917 2022 1036 2093 praeter
1058 2033 1103 2084 ea,
1126 2015 1202 2092 qnae
1217 2011 1296 2076 scri·

63 2123 118 2194 pta
140 2112 235 2176 sunt?
262 2132 330 2178 ctam
350 2113 496 2178 Dominus
518 2113 610 2178 dicat:
639 2115 676 2178 Si
693 2119 871 2179 manseritis
894 2119 928 2178 ais
948 2133 1088 2179 samone
1109 2133 1191 2187 uteo,
1220 2131 1291 2176 nere
1349 2155 1354 2166 ·

64 2215 161 2279 lidori
180 2219 277 2280 ert'tt't.
772 2251 776 2258 ·

152 2320 184 2382 9.
229 2319 297 2392 Quo
323 2327 410 2398 pacto
437 2317 528 2398 igitur
556 2327 608 2380 aut
628 2318 746 2382 Fideles
775 2327 826 2380 aut
847 2315 1007 2380 Christiani
1028 2317 1213 2392 habeamini,
1242 2317 1293 2398 qui

62 2435 164 2498 neque
185 2414 348 2482 secundum
370 2419 459 2482 verba
481 2419 652 2498 Scripturas
673 2419 826 2492 inceditis,
855 2437 952 2500 neque
972 2419 1063 2481 rebus
1086 2420 1179 2498 gestis
1201 2418 1291 2482 fldem

61 2519 200 2594 habetis,
226 2521 280 2582 sed
307 2522 423 2585 audetis
445 2540 494 2596 ea,
523 2539 598 2600 quae
620 2539 709 2600 supra
731 2530 867 2582 naturam
889 2529 975 2594 snut,
1005 2519 1152 2582 delinire?
1196 2519 1381 2584 Nam-rane.

60 2623 139 2706 quid
161 2641 275 2702 porum
303 2623 389 2686 vobis
417 2634 462 2686 est
488 2621 633 2686 molestos
652 2641 716 2686 case
738 2623 929 2693 horninibus,
952 2634 982 2686 ct
1005 2639 1061 2683 aar
1081 2621 1204 2684 molesti
1223 2627 1296 2684 catis

59 2722 222 2788 Dorulato?
262 2723 337 2786 Nam
364 2724 392 2786 ai
419 2723 470 2804 qui
496 2723 656 2805 Prophetis
681 2741 748 2786 non
776 2722 967 2786 crediderunt
995 2721 1182 2784 condemnati
1216 2729 1298 2796 sunt,

60 2833 177 2906 quanto
204 2825 297 2904 magis
323 2825 373 2904 qui
401 2843 462 2888 non
491 2825 672 2888 crediderint
693 2825 752 2906 ipsi
772 2822 927 2886 Domino?
972 2821 1090 2886 Etenim
1122 2839 1197 2902 quae
1229 2821 1298 2904 ipse
1401 2813 1406 2828 '

58 2927 158 2990 voluit
178 2935 209 2988 at
229 2945 305 3006 quae
325 2927 391 3006 ipsc
413 2925 556 2990 arbitratu
577 2945 635 2990 suo
659 2926 718 3008 egit
740 2927 777 2988 ad
800 2925 1023 3005 abrogationem
1037 2923 1152 3004 peccati
1167 2931 1198 2984 at
1211 2941 1298 2986 mer-

59 3029 109 3103 tia,
135 3045 195 3090 cur·
212 3028 270 3091 elio
293 3037 323 3090 et
343 3017 463 3090 diverso
485 3029 576 3090 modo
599 3017 739 3090 enarrare
761 3034 813 3090 aut
834 3027 965 3106 cogitare
988 3023 1130 3089 audetis?
1173 3023 1205 3088 Si
1221 3041 1312 3099 oon·,

60 3131 185 3194 filemnr
205 3149 284 3202 enm,
305 3123 337 3192 et
357 3131 424 3210 ipse
445 3129 633 3193 confitebitur
654 3147 723 3204 nos,
746 3129 772 3191 si
787 3145 943 3209 negamus,
968 3137 999 3190 et
1012 3127 1078 3208 ipse
1094 3145 1153 3188 nos
1168 3124 1297 3206 negabit,

59 3235 85 3296 si
109 3233 203 3294 tidem
224 3231 349 3312 illinon
371 3231 525 3306 habemus,
548 3231 598 3294 ills
619 3232 715 3295 tidelis
731 3239 841 3305 manet,
863 3230 999 3311 scipsum
1014 3229 1094 3292 enim
1114 3245 1223 3308 negare
1239 3245 1298 3290 ne-

58 3336 136 3415 quit.
184 3333 337 3406 Quaenam
358 3333 449 3414 igitur
468 3333 641 3398 huiusmodi
661 3342 758 3424 restra
775 3334 922 3396 immensa
932 3330 1068 3404 stultitia,
1088 3342 1120 3392 ut
1134 3327 1299 3410 loquamini
1350 3325 1355 3334 '

58 3455 138 3516 quae
161 3434 272 3516 scripta
292 3453 353 3496 non
376 3443 462 3510 sunt,
491 3444 521 3498 et
548 3435 597 3498 ille
627 3436 781 3509 sandalis,
817 3451 893 3514 quae
915 3433 1107 3496 aliena‘suut
1128 3449 1144 3492 a
1165 3425 1298 3509 pietate?

57 3537 182 3599 Etenim
204 3553 323 3598 carnem
343 3536 493 3599 Divinitati
515 3537 796 3601 consubstantialem
820 3536 919 3598 dicere
941 3533 1076 3606 audetis,
1105 3547 1168 3590 nou
1190 3529 1297 3590 adver·

58 3647 163 3702 tentes
196 3637 228 3700 in
254 3637 402 3719 duplicem
428 3657 482 3700 vos
510 3638 652 3702 incidisse
678 3639 874 3718 impietatem.
917 3634 1031 3696 idcirco
1065 3629 1144 3694 enim
1166 3630 1199 3692 in
1220 3630 1297 3691 hanc

57 3739 244 3806 sententiam
265 3741 396 3806 animum
417 3741 591 3822 appulsus,
619 3749 654 3803 ut
678 3739 724 3802 vel
746 3755 872 3802 manem
892 3735 1009 3816 negem
1032 3733 1078 3796 vel
1099 3732 1129 3796 in
1151 3729 1297 3794 Deitatenr

92 3965 108 4013 i.
129 3963 168 4013 lta
184 3962 358 4023 Seuerianus,
378 3975 449 4028 qoem
467 3962 543 4012 secuti
562 3975 654 4011 sumna.
708 3960 732 4010 in
751 3973 799 4024 qno
818 3965 844 4007 nt
861 3965 885 4007 et
902 3957 926 4007 in
946 3955 1017 4006 editis
1035 3943 1109 4018 αὐτῷ
1128 3951 1203 4002 deest.
1231 3951 1297 4000 lnlra

54 4031 119 4081 Editi
139 4024 241 4094 urso.
280 4031 353 4080 Paulo
379 4038 435 4096 post
453 4030 613 4080 Goblerisnur
633 4035 656 4078 et
708 4027 809 4088 Seguer.
835 4025 933 4075 Gobler.
955 4032 978 4074 et
996 4021 1101 4072 Felclm.
1122 4021 1145 4070 l.
1162 4009 1298 4083 dtlpmvii

56 4097 204 4150 latetml.
224 4087 308 4146 ὅτιεῖ
325 4090 407 4164 ὑμεῖς.
445 4097 498 4148 llos
516 4097 656 4159 Sepuerian.
707 4089 796 4160 λέγειν
813 4084 840 4152 ἢ.
1126 4145 1134 4166 ‚
1162 4145 1170 4164 Ι

56 4167 162 4216 Gobler.
183 4163 322 4216 reiciunt.
342 4175 365 4215 ct
383 4168 489 4217 Graecus
507 4165 655 4229 Scripttex·
741 4165 758 4212 i.
783 4161 881 4212 Gobler.
900 4167 923 4208 ct
941 4157 1081 4208 lidelmi.
1102 4167 1195 4204 octor.

55 4243 94 4284 tna
112 4225 225 4284 loacas.
265 4233 326 4282 liditi
345 4225 413 4282 ἔστε.
742 4231 763 4278 li.
783 4229 882 4291 sepner.
899 4221 1055 4292 γινομένην.
1088 4223 1180 4301 lbidern
1198 4222 1300 4299 ‘Segusa
1341 4225 1350 4242 ‘

88 4317 113 4364 g.
133 4303 174 4352 lta
192 4301 332 4362 Srgnerien.
351 4301 493 4354 contenet
510 4298 616 4349 Falclm.
631 4299 653 4348 1.
707 4297 806 4348 Gobler.
825 4295 929 4345 Felclm.
942 4295 964 4343 l.
979 4293 1139 4354 clangitur
1150 4282 1296 4348 ἇπατησιν.

54 4369 118 4420 Editi
145 4383 206 4419 rere
227 4360 255 4416 oi
275 4361 344 4433 μήτε
367 4369 425 4422 τοῖς
448 4381 501 4434 γεγ
520 4362 653 4432 oppletam
705 4365 769 4415 liditi
786 4377 843 4414 vero
861 4371 885 4413 et
901 4363 942 4413 alii
961 4354 1012 4421 τὴν
1028 4351 1298 4418 ἂπάντησιν,,ἀιιδίι

55 4431 234 4502 scudomor,
251 4430 321 4501 μήτε
339 4425 399 4490 cels*
411 4379 571 4502 ysropfvetc
580 4445 654 4484 στοι-
706 4433 788 4484 lectio.
1068 4481 1072 4488 .

50 4503 184 4570 χοῦντες-
392 4513 398 4520 ·
743 4502 758 4550 Ι,
777 4501 876 4561 Segusr.
897 4498 994 4550 Gobler.
1013 4505 1036 4546 et
1051 4495 1189 4548 retunt.
1206 4488 1298 4556 λέγον·

39 4649 46 4661 Ι
89 4573 115 4624 h.
135 4573 183 4624 Sic
205 4585 291 4626 onnes
313 4587 373 4626 msa.
390 4581 488 4641 practer
503 4571 610 4626 lelclm.
622 4570 657 4635 2.,
706 4581 752 4626 aas
767 4562 800 4630 di
820 4561 898 4636 ἡμεῖς
913 4561 963 4616 τὸν
976 4559 1006 4618 la
1014 4557 1126 4634 Μαρίας
1137 4553 1295 4631 innodetur.
