3110 5064
294 919 490 1088 <lopo

460 1143 1042 1240 PRAEFATIO.

227 1677 362 1787 Saepius
385 1716 415 1771 et
436 1707 513 1770 alios
535 1715 696 1788 querentes
712 1707 809 1771 audivi
831 1715 862 1772 et
882 1708 948 1790 ipse
970 1718 1152 1790 conquestus
1175 1729 1254 1788 sum,
1278 1731 1369 1795 opera

134 1808 400 1872 celeberrimorum
422 1810 566 1873 ecclesiae
587 1817 715 1890 patrum,
746 1827 873 1890 quorum
901 1827 1016 1874 summa
1042 1810 1099 1874 luit
1126 1810 1158 1873 in
1179 1812 1367 1894 dogmatibus

135 1909 208 1972 soei
228 1909 403 1974 deliniendis
425 1918 455 1973 et
476 1909 663 1974 stabiliendis
686 1911 857 1985 auctoritas,
890 1919 1015 1992 propter
1041 1911 1193 1976 raritatem
1215 1915 1367 1996 exempla-

136 2010 216 2072 rium
237 2019 268 2074 et
287 2012 376 2093 pretii
396 2029 457 2092 qno
479 2019 610 2074 veneunt
633 2010 866 2092 magnitudinem
882 2013 984 2092 paucis
999 2020 1114 2076 tantum
1128 2014 1200 2078 siris
1214 2015 1312 2080 doctis
1330 2019 1367 2081 ad

136 2129 258 2174 manum
280 2131 359 2187 asse,
382 2131 439 2176 nec
460 2112 593 2176 delectos
615 2131 652 2176 ex
673 2112 732 2174 illis
753 2119 891 2192 prostare
912 2129 967 2176 eos
980 2113 1074 2176 libros
1089 2113 1249 2195 dogmatici
1263 2124 1294 2180 et
1308 2135 1366 2199 po·

133 2212 234 2276 lcrniei
254 2213 432 2294 argumenti,
454 2213 561 2296 quibua
582 2221 700 2296 praeter
721 2214 916 2276 conciliorum
937 2213 1044 2276 actain
1063 2215 1212 2297 tbeologia
1225 2217 1368 2284 historica

135 2314 200 2376 sire
228 2314 399 2395 dopnatum
427 2315 553 2378 bistoria
580 2315 754 2379 ibusbanda
781 2315 943 2396 plurimum
970 2315 1091 2378 utimur.
1134 2316 1268 2382 Pertinet
1294 2321 1368 2384 baec

134 2415 258 2495 quercla
280 2417 406 2480 maxime
428 2417 465 2478 ad
487 2415 554 2478 illos
576 2416 718 2480 crdesiae
739 2433 862 2496 gruem
884 2415 1051 2496 theologos,
1080 2417 1131 2498 qni
1158 2437 1214 2500 per
1240 2429 1367 2486 aetatem

133 2517 216 2579 inter
236 2517 359 2580 concilia
380 2517 541 2592 Nicaepum
565 2525 596 2579 et
617 2516 859 2580 Chalcedonenee
881 2515 1076 2592 interiectam,
1105 2538 1163 2600 qua
1190 2529 1365 2585 controver-

133 2618 198 2682 siae
219 2618 412 2698 gratissimas
432 2618 471 2680 de
491 2617 692 2682 fundamentis
714 2619 849 2681 veritam
871 2616 997 2692 divinae,
1019 2619 1057 2682 de
1079 2621 1229 2702 mysteriis
1248 2622 1365 2686 trinita·

137 2719 178 2780 tis
200 2725 231 2782 et
249 2713 462 2782 incarnationis
483 2717 543 2794 dei,
566 2726 706 2782 tractatas
729 2727 809 2790 suut,
832 2718 1011 2798 scriptorum
1028 2719 1217 2784 multitudine
1232 2732 1261 2784 et
1275 2741 1365 2802 prae-

137 2819 245 2882 stantia
266 2819 517 2882 immortalitatem
539 2818 670 2882 nominis
693 2818 751 2882 sibi
773 2825 965 2899 pepererunt
1010 2819 1127 2892 Quotus
1145 2821 1224 2882 onim
1239 2823 1366 2904 quisque

134 2929 190 2994 est,
221 2922 273 3001 qui
296 2920 403 3002 opibus
425 2919 556 2982 abundet
577 2929 609 2983 et
634 2920 681 2982 cui
703 2920 865 2999 contingat,
893 2926 927 2981 ut
949 2918 1089 2982 meliores
1111 2919 1257 2985 editiones
1278 2923 1364 2987 Pari·

133 3022 254 3084 aienses
283 3039 409 3103 operum
435 3020 596 3095 Athanasii,
624 3019 727 3084 Basilii
753 3019 860 3101 lingui,
889 3019 1103 3100 Gregoriorum
1129 3021 1306 3087 Nazianzeui
1336 3034 1366 3089 et

130 3123 274 3204 Nysaeui,
295 3122 513 3204 chrysostomi,
546 3121 645 3202 cyrilli
672 3121 871 3194 Alexandrini,
901 3119 1094 3196 Theodoreti,
1123 3123 1259 3200 aliorum,
1289 3145 1365 3206 quae

130 3223 242 3304 partim
265 3223 352 3286 etiarn
374 3223 405 3286 in
432 3222 558 3304 publicis
579 3223 770 3286 bibliothecis
792 3223 903 3284 frustra
931 3230 1124 3302 quaeruntur,
1154 3225 1212 3288 sibi
1241 3245 1363 3308 compa-

131 3343 202 3388 rare
217 3323 340 3405 possit?
382 3324 445 3386 Nec
459 3333 557 3388 tamen
579 3323 638 3386 illis
660 3323 842 3388 editionibus
865 3322 1117 3386 emendatioribus
1140 3333 1170 3388 et
1187 3327 1363 3390 instructio-

131 3425 219 3488 ribus
240 3425 307 3486 sine
327 3425 518 3488 incommodo
540 3425 662 3500 carebit
692 3425 742 3506 qui
763 3425 794 3487 iu
816 3424 945 3487 lectione
967 3432 997 3486 et
1018 3443 1076 3487 usu
1097 3433 1214 3504 patrum
1236 3427 1362 3508 diligen-

131 3526 205 3588 tiam
227 3533 316 3606 atquo
335 3525 553 3589 accurationem
575 3526 746 3590 criticorum
768 3526 847 3590 sicut
867 3525 952 3588 decet
979 3525 1122 3588 aemulari
1149 3525 1239 3607 cupit,
1266 3537 1300 3592 ut
1326 3549 1363 3592 er

134 3627 256 3706 scriptis
278 3627 415 3706 genuinis
438 3636 469 3688 et
489 3635 630 3706 quantum
652 3627 683 3689 id
704 3627 892 3708 bori'potast
920 3625 1082 3705 integritati
1115 3645 1187 3690 suae
1215 3629 1361 3692 restitutis

133 3745 233 3790 reram
254 3725 376 3790 illorum
397 3728 429 3790 in
451 3727 639 3808 dogmatibus
660 3728 729 3790 fidei
752 3735 927 3808 assequatur
949 3727 1138 3801 sententiam,
1160 3746 1257 3812 neque
1270 3731 1362 3794 laisa-

130 3829 246 3890 riomm
268 3827 423 3892 fraudibus
445 3828 491 3891 rel
511 3827 701 3892 librariorum
724 3829 878 3892 erroribus
902 3827 946 3890 rel
967 3826 1163 3907 interpretum
1191 3829 1304 3893 incuria
1332 3837 1363 3894 et

131 3929 281 4010 imperitia
310 3929 349 3992 dc
376 3930 499 3992 raritate
525 3929 710 3992 deturbetur.
753 3929 827 3993 Nam
860 3937 892 3990 ut
924 3937 1036 3992 taceam
1065 3929 1153 3992 etiarn
1182 3919 1361 3993 vetustiores

131 4029 319 4110 minorisque
341 4029 511 4094 aestimatas
533 4030 680 4094 editiones
703 4049 782 4094 nunc
801 4048 871 4092 raro
895 4037 1011 4103 entare,
1044 4027 1075 4090 in
1104 4029 1142 4090 iis
1169 4029 1284 4109 passim
1306 4030 1360 4094 de-

132 4140 204 4194 sunt
224 4131 345 4211 scripta,
379 4149 455 4210 quae
475 4139 582 4212 postca
604 4151 639 4194 er
662 4129 813 4194 codicibus
835 4149 925 4193 mauu
951 4130 1071 4210 scriptis
1093 4127 1147 4190 viri
1166 4129 1246 4191 docti
1272 4150 1361 4196 crue-

131 4241 212 4305 ruut,
239 4231 406 4294 adulterina
429 4239 460 4294 et
480 4231 669 4312 supposititia
691 4250 758 4295 cum
780 4233 915 4312 genuinis
939 4230 1185 4303 commiscentur,
1219 4230 1285 4312 ipsa
1306 4251 1361 4313 ge·

131 4333 232 4408 noina,
256 4351 332 4412 quae
348 4333 553 4414 proteruntur,
575 4332 688 4396 lacunis
704 4331 984 4414 interpolationibus
999 4329 1174 4412 mendisque
1196 4332 1361 4413 scripturae

131 4435 227 4514 magis
248 4433 385 4496 minuare
405 4433 563 4514 depravata
587 4440 673 4510 sunt,
703 4433 832 4515 denique
859 4431 1068 4496 desiderantur
1093 4431 1234 4514 pleraque
1263 4433 1362 4495 omnia

131 4534 252 4599 citime
273 4534 458 4600 recensionis
482 4543 570 4616 atqua
591 4535 845 4618 interpretationis
866 4534 1028 4599 historicae
1055 4533 1189 4598 subsidia
1217 4542 1248 4596 et
1274 4532 1360 4596 adlu-
