3110 5064
616 383 791 430 marnae.
1281 375 1324 440 Ἃ

98 533 158 614 ple
186 532 347 614 theologam
375 534 431 598 ruit
459 553 587 616 unquam
617 541 752 598 remotus
781 533 818 598 ah
846 535 1055 618 philosophiae
1081 539 1181 602 studio
1205 550 1234 603 et
1255 558 1324 617 usa,

98 635 274 717 ttptptnnins
306 637 442 715 pruleutu
476 636 503 698 ie
533 646 594 712 eet,
629 637 737 700 vindex
769 636 819 700 ille
848 637 1018 702 traditionis
1045 642 1219 705 tremimus.
1262 643 1322 707 ho-

98 738 168 800 uadit
188 737 271 818 quod
303 735 421 816 plebeio
454 735 525 802 stilu
558 757 634 802 neus
665 747 729 812 est,
760 757 820 819 quo
852 739 975 802 numine
1005 741 1064 804 iam
1094 752 1215 806 notatus
1237 755 1322 808 esta

95 839 196 902 Photiu
218 837 287 900 eud.
312 841 383 902 tit.
411 833 471 923 rip
499 837 536 905 di
557 837 683 926 φράσιν
704 836 864 917 ταπεινός
885 863 922 906 aa
948 844 1003 907 καὶ
1026 835 1083 908 οἷα
1105 841 1192 922 εἰκὸς
1210 837 1322 912 Ἀττι-

96 941 149 1027 κῆς
174 937 335 1016 παιδείας
361 931 561 1027 ἀμελέτητον
593 940 772 1028 τηγάνων.
832 942 914 1005 ldem
942 943 1044 1008 vitium
1074 946 1204 1010 fortusse
1232 950 1320 1012 utiam

96 1041 290 1124 Hieronymus
312 1041 350 1104 da
371 1041 443 1106 viris
464 1043 572 1106 illustr.
594 1063 620 1108 u.
647 1048 717 1110 tlt.
740 1045 848 1107 tertius
871 1045 1037 1129 signifioare
1057 1049 1158 1122 voluit,
1182 1049 1231 1112 uhi
1247 1051 1321 1132 Epi-

94 1143 198 1224 phruiu
222 1143 375 1208 etiamtum
398 1146 561 1225 superstite
584 1146 634 1220 ait,
658 1146 743 1210 illiue
764 1151 883 1228 serapte
904 1149 942 1211 ub
958 1151 1087 1214 eruditio
1106 1165 1238 1232 propter
1260 1169 1320 1225 rea,

92 1245 370 1328 aaieapla'uiuribaa
390 1256 523 1328 propter
544 1247 638 1310 uerbo
666 1247 808 1311 lectitari.
854 1249 955 1328 ltaque
976 1251 1143 1314 incuratus
1171 1252 1241 1313 lieet
1269 1271 1319 1314 au-

91 1347 300 1410 commodatus
315 1347 355 1408 sit
370 1347 398 1410 ei
413 1347 551 1422 oonsilio,
574 1368 633 1430 quo
650 1367 717 1412 eum
733 1350 770 1412 eh
782 1349 954 1413 Tummasiu
970 1351 1082 1415 editum
1101 1369 1170 1415 esse
1181 1353 1321 1428 diximus,

89 1459 186 1512 tamen
209 1451 252 1511 ita
276 1457 465 1530 comparatus
486 1457 544 1524 est,
568 1451 766 1525 atrabenus,
789 1451 897 1532 mibue
913 1467 970 1516 uus
986 1453 1131 1528 duuimur,
1155 1455 1192 1518 ab
1215 1455 1321 1518 eudem

88 1551 117 1612 in
151 1550 366 1613 Bibliotheuem
399 1550 561 1613 inserendo
584 1569 641 1614 nus
669 1562 802 1614 avueent.
846 1554 991 1618 Nimirum
1019 1555 1074 1617 riri
1102 1555 1182 1618 illius
1211 1555 1321 1619 eruditi

87 1654 259 1716 institutum
292 1652 363 1725 luit,
398 1655 509 1733 scripta
531 1653 674 1732 quaedum
696 1663 823 1734 patmm,
845 1656 876 1717 in
899 1658 1008 1736 quihus
1031 1675 1146 1720 summa
1169 1657 1321 1720 doetrinae

88 1755 270 1818 christianae
303 1753 433 1817 breviter
465 1753 608 1827 traditur,
647 1756 678 1816 in
711 1757 956 1821 institutionibus
993 1758 1166 1838 tlaulupieia
1199 1758 1320 1820 collecta

88 1857 195 1928 edere,
225 1855 305 1920 sieut
331 1856 362 1916 in
385 1857 482 1918 trente
505 1849 578 1916 tomi
604 1857 693 1936 primi
723 1858 795 1920 heeu
821 1859 961 1938 leguntur
988 1859 1091 1922 rerba:
1121 1859 1320 1940 complecterer

92 1959 255 2021 eamdem
277 1959 415 2020 ordiam
437 1968 607 2038 temporum
621 1959 776 2039 ‘upoeuulu
798 1971 862 2024 tam
884 1961 981 2024 lutiae
1003 1971 1067 2024 tuae
1086 1977 1210 2042 prauum
1244 1975 1321 2042 puae

92 2059 206 2122 editura
234 2065 417 2140 iuvandosque
445 2059 640 2139 potesoea'uat
662 2061 701 2123 ud
723 2059 925 2124 euelaaiuata'eu
959 2063 1105 2144 dupaotu.
1150 2061 1183 2122 ln
1207 2077 1268 2141 quu
1290 2061 1320 2123 id

90 2159 183 2222 simul
202 2159 355 2241 spectarit,
378 2167 411 2221 ut
431 2159 592 2223 teutonibus
613 2161 860 2240 persuaderetur,
883 2163 991 2224 veteris
1013 2163 1156 2226 ecdeeiae
1179 2163 1319 2224 ductores

93 2259 125 2322 in
146 2262 272 2324 deurode
296 2261 450 2342 religionis
472 2259 652 2324 ohristianae
667 2262 703 2324 ud
718 2251 895 2325 traditiouie'
911 2281 1046 2326 nurmam
1061 2263 1222 2326 maeoniis
1244 2281 1319 2326 ean-

95 2360 162 2423 dena
183 2363 343 2426 ohservare
365 2363 550 2436 methodum,
571 2380 659 2442 quam
675 2363 765 2426 hodie
787 2363 912 2428 eurl'esia
934 2383 1058 2428 romana
1073 2373 1182 2428 teneat.
1226 2365 1320 2428 Nubis

93 2463 263 2526 remelini
287 2481 357 2526 esse
377 2463 578 2545 propositum,
601 2465 674 2528 eutis
696 2481 846 2548 superque
868 2467 926 2529 iam
949 2467 1058 2530 dietum
1082 2475 1137 2530 est.
1182 2467 1320 2530 Ceterum

95 2581 184 2642 quum
197 2563 393 2646 Epiphaniam
418 2567 449 2627 in
474 2565 613 2628 manibus
640 2565 813 2638 habeamus,
836 2585 1072 2630 commemorare
1092 2567 1173 2630 luhet
1194 2568 1319 2630 alterum

97 2663 223 2729 eimdern
242 2666 385 2740 libellum,
408 2662 571 2748 σύντομον
599 2658 711 2750 ἀληθῆ
734 2663 830 2750 λόγον
858 2668 935 2750 περὶ
964 2672 1111 2743 πίστεως
1137 2666 1321 2751 audulterio

99 2765 153 2828 aul
175 2753 392 2852 ἂποστολὶκῆς
413 2763 600 2849 ἐκκλησίας,
620 2767 670 2846 qui
692 2774 830 2846 tanquam
853 2768 983 2830 ulausula
1005 2769 1104 2848 magui
1127 2769 1164 2829 de
1186 2769 1320 2830 haeresi·

98 2864 155 2928 bna
185 2869 281 2950 operis
304 2889 321 2931 a
342 2869 461 2931 Petusio
494 2869 582 2931 Tum.
604 2868 628 2929 l.
663 2888 692 2948 p.
724 2871 816 2934 tutu.
846 2887 890 2948 eq.
925 2878 955 2932 et
986 2869 1144 2949 separatim
1178 2868 1320 2931 itidema

98 2965 262 3032 l'ummasiu
285 2969 371 3032 Tum.
394 2970 586 3051 triptota.
609 2987 656 3050 eq.
679 2969 776 3032 editus
799 2977 854 3032 est.
899 2971 932 3035 ln
954 2967 1087 3033 huonon
1109 2970 1319 3044 soluentium,

98 3071 150 3131 sed
171 3073 254 3134 etiam
278 3069 355 3134 ritus
378 3079 408 3134 et
427 3081 586 3154 praesepta
608 3087 769 3151 moresque
797 3079 884 3152 atque
905 3071 1073 3134 universam
1102 3072 1198 3134 ideam
1220 3073 1318 3136 eoele-

99 3171 161 3232 siae
184 3172 344 3236 eathuliuae
373 3171 557 3236 adumbrarit
584 3173 623 3235 ita
652 3180 686 3234 ut
710 3172 768 3246 iis,
803 3173 854 3252 qui
881 3173 1055 3236 memoriam
1085 3173 1130 3236 ael
1160 3173 1319 3253 imaginem

99 3273 231 3337 aculeius
251 3273 331 3338 illius
354 3273 458 3336 aetatis
474 3282 700 3355 repraesentare
711 3275 822 3346 volunt,
845 3275 971 3337 maxime
993 3271 1246 3336 sommendandue
1268 3275 1318 3336 sit.

101 3371 233 3438 Similiter
259 3375 467 3439 theotoretus
495 3375 526 3436 iu
548 3371 729 3459 Αἱρετικῇς
755 3377 963 3456 κακομυθίας
990 3371 1133 3459 ἐπιτομῇ
1161 3383 1318 3454 postquam

102 3483 219 3552 quatuor
239 3475 393 3557 prioribus
414 3476 499 3538 libris
527 3477 640 3540 lahtdae
669 3476 832 3538 haeretiuas
861 3475 1023 3550 enerravit,
1052 3485 1185 3540 extremo
1213 3475 1318 3557 quintu

102 3573 173 3638 libro
191 3578 249 3641 illis
269 3574 312 3642 rei
333 3579 416 3642 datu
438 3571 596 3660 δόγματα,
620 3577 703 3640 ialsie
719 3595 798 3652 veru,
821 3577 902 3640 brevi
924 3578 955 3638 in
977 3585 1137 3658 eonspeutu
1161 3579 1318 3658 uppusuit:

102 3693 180 3756 mern
199 3675 315 3742 lihrnm'
332 3679 524 3742 Tommaaius
550 3677 750 3759 praetermisit
777 3678 905 3741 sortasse
933 3687 1092 3760 propterea
1114 3679 1195 3759 quud
1217 3677 1318 3740 Theo·

101 3777 215 3843 duretna
238 3799 274 3844 ex
297 3781 444 3844 sententia
460 3779 603 3844 ecelesiae
625 3779 785 3842 catholicae
800 3797 861 3842 non
877 3779 907 3842 in
928 3789 1053 3861 patruae
1075 3791 1200 3842 numeru
1223 3779 1318 3840 hahe-

98 3889 157 3956 tur,
190 3901 359 3962 quanquam
390 3883 415 3945 is
438 3881 611 3946 'lertrdliani
640 3880 710 3944 item
739 3881 776 3943 ah
808 3881 865 3944 hou
886 3899 1011 3944 numeru
1040 3879 1153 3944 exclusi
1186 3894 1318 3959 upusun-

96 3982 152 4045 lum
185 3985 311 4064 recepit.
376 3985 507 4064 lienique
546 3984 584 4044 de
613 3981 825 4063 Chrysuatumu
864 3982 947 4046 brevi
983 3983 1137 4061 defungar.
1213 3977 1317 4046 Sciunt

97 4099 210 4160 omues,
243 4085 295 4165 qui
317 4081 427 4166 suripta
450 4086 494 4148 rel
515 4085 619 4148 leviter
640 4083 852 4165 inspexerunt,
874 4083 1073 4147 clarissimum
1101 4080 1181 4142 hune
1206 4083 1317 4146 veteris

95 4179 235 4250 amleaiae
263 4191 415 4250 oratorem
444 4187 473 4248 in
503 4185 734 4266 interpretandis
760 4185 873 4266 populu
897 4183 1055 4264 seripturis
1078 4179 1172 4244 saeris
1194 4185 1317 4246 omuino

95 4289 179 4352 etiem
202 4307 279 4368 quae
300 4287 337 4349 ad
365 4287 454 4350 fidem
475 4287 660 4369 pertineant,
688 4287 751 4350 suis
780 4286 854 4349 louis
883 4292 1044 4355 traeusse,
1071 4283 1124 4346 sed
1146 4293 1244 4348 mmeu
1266 4300 1318 4347 re-

93 4399 203 4454 motum
221 4390 325 4452 luisse·
338 4387 375 4452 ab
403 4389 451 4452 illa
478 4389 649 4470 disputandi
675 4387 852 4464 subtilitate,
881 4403 939 4466 qua
960 4383 1034 4448 aliua
1056 4395 1192 4449 oratores
1214 4402 1319 4450 muros

36 4493 46 4518 '
93 4493 209 4555 illerum
231 4500 401 4572 temporum
422 4491 560 4571 aequabo
581 4491 669 4554 etiam
685 4491 723 4553 de
743 4485 969 4552 sublimioribus
990 4487 1137 4568 dogmatis
1157 4496 1219 4550 tum
1242 4502 1318 4550 uua-

97 4593 237 4656 trurarsie
253 4601 471 4656 nommentutus
487 4609 556 4656 esee
570 4597 710 4658 testatum
726 4600 783 4655 eet.
812 4588 981 4652 Secundum
996 4588 1181 4669 disciplinam
1200 4587 1320 4649 sulautee
