<?xml version="1.0" encoding="UTF-8"?>
<!DOCTYPE html PUBLIC "-//W3C//DTD XHTML 1.0 Transitional//EN"
    "http://www.w3.org/TR/xhtml1/DTD/xhtml1-transitional.dtd">
<html xmlns="http://www.w3.org/1999/xhtml" xml:lang="en" lang="en">
 <head>
  <title>
</title>
<meta http-equiv="Content-Type" content="text/html;charset=utf-8" />
  <meta name='ocr-system' content='tesseract 3.04.00' />
  <meta name='ocr-capabilities' content='ocr_page ocr_carea ocr_par ocr_line ocrx_word'/>
</head>
<body>
  <div class='ocr_page' id='page_1' title='image "./sanctiathanasii01athagoog_0454.png"; bbox 0 0 3106 5056; ppageno 0'>
   <div class='ocr_carea' id='block_1_1' title="bbox 483 334 1324 398">
    <p class='ocr_par' dir='ltr' id='par_1_1' title="bbox 483 334 1324 398">
     <span class='ocr_line' id='line_1_1' title="bbox 483 334 1324 398; baseline 0.007 -12"><span class='ocrx_word' id='word_1_1' title='bbox 483 341 592 386; x_wconf 80' lang='lat' dir='ltr'><strong>omaro</strong></span> <span class='ocrx_word' id='word_1_2' title='bbox 607 341 641 384; x_wconf 88' lang='lat' dir='ltr'><strong>u.</strong></span> <span class='ocrx_word' id='word_1_3' title='bbox 657 341 774 388; x_wconf 77' lang='lat' dir='ltr'><strong>conant</strong></span> <span class='ocrx_word' id='word_1_4' title='bbox 787 342 924 390; x_wconf 75' lang='lat' dir='ltr'><strong>mimos.</strong></span> <span class='ocrx_word' id='word_1_5' title='bbox 1250 334 1324 398; x_wconf 73' lang='lat' dir='ltr'><strong>tot.</strong></span> 
     </span>
    </p>
   </div>
   <div class='ocr_carea' id='block_1_2' title="bbox 67 490 1541 3805">
    <p class='ocr_par' dir='ltr' id='par_1_2' title="bbox 118 490 1403 576">
     <span class='ocr_line' id='line_1_2' title="bbox 118 490 1403 576; baseline 0.007 -19"><span class='ocrx_word' id='word_1_6' title='bbox 118 495 433 574; x_wconf 65' lang='lat' dir='ltr'><strong>castrametantem,</strong></span> <span class='ocrx_word' id='word_1_7' title='bbox 462 491 514 573; x_wconf 84' lang='lat' dir='ltr'><strong>qui</strong></span> <span class='ocrx_word' id='word_1_8' title='bbox 536 491 615 556; x_wconf 88' lang='lat' dir='ltr'><strong>idem</strong></span> <span class='ocrx_word' id='word_1_9' title='bbox 637 490 748 572; x_wconf 86' lang='lat' dir='ltr'><strong>ubique</strong></span> <span class='ocrx_word' id='word_1_10' title='bbox 770 492 807 554; x_wconf 88' lang='lat' dir='ltr'><strong>de</strong></span> <span class='ocrx_word' id='word_1_11' title='bbox 828 491 920 554; x_wconf 85' lang='lat' dir='ltr'><strong>rebus</strong></span> <span class='ocrx_word' id='word_1_12' title='bbox 943 494 1051 556; x_wconf 82' lang='lat' dir='ltr'><strong>creatis</strong></span> <span class='ocrx_word' id='word_1_13' title='bbox 1073 493 1201 576; x_wconf 82' lang='lat' dir='ltr'><strong>loquens</strong></span> <span class='ocrx_word' id='word_1_14' title='bbox 1221 500 1403 566; x_wconf 73' lang='lat' dir='ltr'><strong>rer-bonnas.</strong></span> 
     </span>
    </p>

    <p class='ocr_par' dir='ltr' id='par_1_3' title="bbox 114 592 1316 674">
     <span class='ocr_line' id='line_1_3' title="bbox 114 592 1316 674; baseline 0.005 -16"><span class='ocrx_word' id='word_1_15' title='bbox 114 597 174 674; x_wconf 76' lang='lat' dir='ltr'><strong>[aad</strong></span> <span class='ocrx_word' id='word_1_16' title='bbox 197 595 295 668; x_wconf 86' lang='lat' dir='ltr'><strong>utitur,</strong></span> <span class='ocrx_word' id='word_1_17' title='bbox 322 612 384 656; x_wconf 89' lang='lat' dir='ltr'><strong>non</strong></span> <span class='ocrx_word' id='word_1_18' title='bbox 412 602 511 656; x_wconf 82' lang='lat' dir='ltr'><strong>autem</strong></span> <span class='ocrx_word' id='word_1_19' title='bbox 540 593 591 656; x_wconf 91' lang='lat' dir='ltr'><strong>ubi</strong></span> <span class='ocrx_word' id='word_1_20' title='bbox 612 593 650 656; x_wconf 92' lang='lat' dir='ltr'><strong>de</strong></span> <span class='ocrx_word' id='word_1_21' title='bbox 671 592 745 656; x_wconf 85' lang='lat' dir='ltr'><strong>Filio</strong></span> <span class='ocrx_word' id='word_1_22' title='bbox 768 593 811 658; x_wconf 85' lang='lat' dir='ltr'><strong>itti</strong></span> <span class='ocrx_word' id='word_1_23' title='bbox 835 602 882 656; x_wconf 89' lang='lat' dir='ltr'><strong>est</strong></span> <span class='ocrx_word' id='word_1_24' title='bbox 903 613 1014 658; x_wconf 87' lang='lat' dir='ltr'><strong>sermo.</strong></span> <span class='ocrx_word' id='word_1_25' title='bbox 1058 595 1119 658; x_wconf 88' lang='lat' dir='ltr'><strong>Nec</strong></span> <span class='ocrx_word' id='word_1_26' title='bbox 1140 599 1220 662; x_wconf 89' lang='lat' dir='ltr'><strong>enim</strong></span> <span class='ocrx_word' id='word_1_27' title='bbox 1243 601 1316 664; x_wconf 81' lang='lat' dir='ltr'><strong>dixit</strong></span> 
     </span>
    </p>

    <p class='ocr_par' dir='ltr' id='par_1_4' title="bbox 114 695 1313 776">
     <span class='ocr_line' id='line_1_4' title="bbox 114 695 1313 776; baseline 0.005 -18"><span class='ocrx_word' id='word_1_28' title='bbox 114 698 175 776; x_wconf 71' lang='lat' dir='ltr'><strong>sart,</strong></span> <span class='ocrx_word' id='word_1_29' title='bbox 201 695 248 758; x_wconf 86' lang='lat' dir='ltr'><strong>scd</strong></span> <span class='ocrx_word' id='word_1_30' title='bbox 273 700 362 776; x_wconf 73' lang='lat' dir='ltr'><strong>amat</strong></span> <span class='ocrx_word' id='word_1_31' title='bbox 390 705 420 757; x_wconf 90' lang='lat' dir='ltr'><strong>et</strong></span> <span class='ocrx_word' id='word_1_32' title='bbox 440 699 534 776; x_wconf 77' lang='lat' dir='ltr'><strong>ptpnit</strong></span> <span class='ocrx_word' id='word_1_33' title='bbox 555 715 601 760; x_wconf 84' lang='lat' dir='ltr'><strong>ma</strong></span> <span class='ocrx_word' id='word_1_34' title='bbox 623 703 654 757; x_wconf 91' lang='lat' dir='ltr'><strong>et</strong></span> <span class='ocrx_word' id='word_1_35' title='bbox 675 699 825 760; x_wconf 80' lang='lat' dir='ltr'><strong>eructavit</strong></span> <span class='ocrx_word' id='word_1_36' title='bbox 847 715 900 760; x_wconf 84' lang='lat' dir='ltr'><strong>cor</strong></span> <span class='ocrx_word' id='word_1_37' title='bbox 920 715 1019 760; x_wconf 79' lang='lat' dir='ltr'><strong>meam</strong></span> <span class='ocrx_word' id='word_1_38' title='bbox 1044 696 1170 762; x_wconf 83' lang='lat' dir='ltr'><strong>Verbum</strong></span> <span class='ocrx_word' id='word_1_39' title='bbox 1192 701 1313 764; x_wconf 83' lang='lat' dir='ltr'><strong>bonam.</strong></span> 
     </span>
    </p>

    <p class='ocr_par' dir='ltr' id='par_1_5' title="bbox 112 796 1313 880">
     <span class='ocr_line' id='line_1_5' title="bbox 112 796 1313 880; baseline 0.007 -22"><span class='ocrx_word' id='word_1_40' title='bbox 112 796 190 876; x_wconf 73' lang='lat' dir='ltr'><strong>igitur</strong></span> <span class='ocrx_word' id='word_1_41' title='bbox 208 797 242 858; x_wconf 89' lang='lat' dir='ltr'><strong>de</strong></span> <span class='ocrx_word' id='word_1_42' title='bbox 261 797 350 860; x_wconf 85' lang='lat' dir='ltr'><strong>rebus</strong></span> <span class='ocrx_word' id='word_1_43' title='bbox 373 797 481 860; x_wconf 81' lang='lat' dir='ltr'><strong>creatis</strong></span> <span class='ocrx_word' id='word_1_44' title='bbox 510 797 630 872; x_wconf 78' lang='lat' dir='ltr'><strong>dicitur:</strong></span> <span class='ocrx_word' id='word_1_45' title='bbox 668 796 707 860; x_wconf 84' lang='lat' dir='ltr'><strong>In</strong></span> <span class='ocrx_word' id='word_1_46' title='bbox 735 800 891 880; x_wconf 84' lang='lat' dir='ltr'><strong>principio</strong></span> <span class='ocrx_word' id='word_1_47' title='bbox 920 800 1010 878; x_wconf 77' lang='lat' dir='ltr'><strong>sctit,</strong></span> <span class='ocrx_word' id='word_1_48' title='bbox 1043 798 1080 862; x_wconf 86' lang='lat' dir='ltr'><strong>de</strong></span> <span class='ocrx_word' id='word_1_49' title='bbox 1102 800 1176 863; x_wconf 85' lang='lat' dir='ltr'><strong>Filio</strong></span> <span class='ocrx_word' id='word_1_50' title='bbox 1198 811 1313 866; x_wconf 85' lang='lat' dir='ltr'><strong>autern:</strong></span> 
     </span>
    </p>

    <p class='ocr_par' dir='ltr' id='par_1_6' title="bbox 112 880 1316 982">
     <span class='ocr_line' id='line_1_6' title="bbox 112 880 1316 982; baseline 0.002 -16"><span class='ocrx_word' id='word_1_51' title='bbox 112 897 143 966; x_wconf 74' lang='lat' dir='ltr'><strong>ta</strong></span> <span class='ocrx_word' id='word_1_52' title='bbox 158 901 297 982; x_wconf 78' lang='lat' dir='ltr'><strong>principio</strong></span> <span class='ocrx_word' id='word_1_53' title='bbox 319 909 387 964; x_wconf 69' lang='lat' dir='ltr'><strong>nat</strong></span> <span class='ocrx_word' id='word_1_54' title='bbox 412 899 546 962; x_wconf 82' lang='lat' dir='ltr'><strong>Verbum.</strong></span> <span class='ocrx_word' id='word_1_55' title='bbox 579 899 612 962; x_wconf 89' lang='lat' dir='ltr'><strong>Id</strong></span> <span class='ocrx_word' id='word_1_56' title='bbox 635 917 726 978; x_wconf 88' lang='lat' dir='ltr'><strong>porro</strong></span> <span class='ocrx_word' id='word_1_57' title='bbox 750 909 797 962; x_wconf 86' lang='lat' dir='ltr'><strong>cst</strong></span> <span class='ocrx_word' id='word_1_58' title='bbox 817 880 1013 972; x_wconf 79' lang='lat' dir='ltr'><strong>discriminis,</strong></span> <span class='ocrx_word' id='word_1_59' title='bbox 1034 903 1114 981; x_wconf 83' lang='lat' dir='ltr'><strong>q&#39;ucd</strong></span> <span class='ocrx_word' id='word_1_60' title='bbox 1132 921 1183 964; x_wconf 89' lang='lat' dir='ltr'><strong>res</strong></span> <span class='ocrx_word' id='word_1_61' title='bbox 1198 914 1316 968; x_wconf 84' lang='lat' dir='ltr'><strong>creatas</strong></span> 
     </span>
    </p>

    <p class='ocr_par' dir='ltr' id='par_1_7' title="bbox 109 999 1315 1086">
     <span class='ocr_line' id='line_1_7' title="bbox 109 999 1315 1086; baseline 0.007 -25"><span class='ocrx_word' id='word_1_62' title='bbox 109 999 156 1067; x_wconf 84' lang='lat' dir='ltr'><strong>sub</strong></span> <span class='ocrx_word' id='word_1_63' title='bbox 177 999 315 1080; x_wconf 84' lang='lat' dir='ltr'><strong>principio</strong></span> <span class='ocrx_word' id='word_1_64' title='bbox 348 1009 422 1064; x_wconf 85' lang='lat' dir='ltr'><strong>sunt</strong></span> <span class='ocrx_word' id='word_1_65' title='bbox 450 1001 543 1064; x_wconf 83' lang='lat' dir='ltr'><strong>tactae</strong></span> <span class='ocrx_word' id='word_1_66' title='bbox 574 1000 744 1081; x_wconf 77' lang='lat' dir='ltr'><strong>habentque</strong></span> <span class='ocrx_word' id='word_1_67' title='bbox 778 1001 925 1064; x_wconf 79' lang='lat' dir='ltr'><strong>existendi</strong></span> <span class='ocrx_word' id='word_1_68' title='bbox 958 1002 1137 1083; x_wconf 85' lang='lat' dir='ltr'><strong>principium</strong></span> <span class='ocrx_word' id='word_1_69' title='bbox 1170 1007 1315 1086; x_wconf 86' lang='lat' dir='ltr'><strong>temporis</strong></span> 
     </span>
    </p>

    <p class='ocr_par' dir='ltr' id='par_1_8' title="bbox 110 1099 1317 1189">
     <span class='ocr_line' id='line_1_8' title="bbox 110 1099 1317 1189; baseline 0.007 -26"><span class='ocrx_word' id='word_1_70' title='bbox 110 1099 257 1164; x_wconf 76' lang='lat' dir='ltr'><strong>dadacum</strong></span> <span class='ocrx_word' id='word_1_71' title='bbox 277 1103 452 1176; x_wconf 82' lang='lat' dir='ltr'><strong>intervallis,</strong></span> <span class='ocrx_word' id='word_1_72' title='bbox 474 1104 514 1166; x_wconf 90' lang='lat' dir='ltr'><strong>ita</strong></span> <span class='ocrx_word' id='word_1_73' title='bbox 536 1111 569 1166; x_wconf 92' lang='lat' dir='ltr'><strong>ut</strong></span> <span class='ocrx_word' id='word_1_74' title='bbox 590 1103 664 1186; x_wconf 75' lang='lat' dir='ltr'><strong>baec</strong></span> <span class='ocrx_word' id='word_1_75' title='bbox 685 1103 774 1166; x_wconf 86' lang='lat' dir='ltr'><strong>verba</strong></span> <span class='ocrx_word' id='word_1_76' title='bbox 796 1108 829 1167; x_wconf 83' lang='lat' dir='ltr'><strong>ia</strong></span> <span class='ocrx_word' id='word_1_77' title='bbox 848 1108 1005 1186; x_wconf 75' lang='lat' dir='ltr'><strong>principio</strong></span> <span class='ocrx_word' id='word_1_78' title='bbox 1019 1105 1092 1184; x_wconf 77' lang='lat' dir='ltr'><strong>sarit</strong></span> <span class='ocrx_word' id='word_1_79' title='bbox 1107 1104 1185 1189; x_wconf 86' lang='lat' dir='ltr'><strong>idem</strong></span> <span class='ocrx_word' id='word_1_80' title='bbox 1199 1107 1317 1170; x_wconf 84' lang='lat' dir='ltr'><strong>valeant</strong></span> 
     </span>
    </p>

    <p class='ocr_par' dir='ltr' id='par_1_9' title="bbox 107 1202 1315 1387">
     <span class='ocr_line' id='line_1_9' title="bbox 107 1202 1315 1288; baseline 0.007 -24"><span class='ocrx_word' id='word_1_81' title='bbox 107 1221 134 1264; x_wconf 87' lang='lat' dir='ltr'><strong>ac</strong></span> <span class='ocrx_word' id='word_1_82' title='bbox 152 1202 175 1264; x_wconf 83' lang='lat' dir='ltr'><strong>ai</strong></span> <span class='ocrx_word' id='word_1_83' title='bbox 193 1203 338 1268; x_wconf 82' lang='lat' dir='ltr'><strong>dicoretur</strong></span> <span class='ocrx_word' id='word_1_84' title='bbox 359 1224 379 1266; x_wconf 93' lang='lat' dir='ltr'><strong>a</strong></span> <span class='ocrx_word' id='word_1_85' title='bbox 397 1209 551 1286; x_wconf 76' lang='lat' dir='ltr'><strong>principio</strong></span> <span class='ocrx_word' id='word_1_86' title='bbox 574 1205 663 1284; x_wconf 79' lang='lat' dir='ltr'><strong>serit,</strong></span> <span class='ocrx_word' id='word_1_87' title='bbox 697 1205 943 1284; x_wconf 82' lang='lat' dir='ltr'><strong>quemadmodum</strong></span> <span class='ocrx_word' id='word_1_88' title='bbox 966 1205 1128 1276; x_wconf 82' lang='lat' dir='ltr'><strong>Dominus.</strong></span> <span class='ocrx_word' id='word_1_89' title='bbox 1163 1209 1214 1287; x_wconf 91' lang='lat' dir='ltr'><strong>qui</strong></span> <span class='ocrx_word' id='word_1_90' title='bbox 1234 1210 1315 1288; x_wconf 86' lang='lat' dir='ltr'><strong>quod</strong></span> 
     </span>
     <span class='ocr_line' id='line_1_10' title="bbox 107 1303 1315 1387; baseline 0.007 -22"><span class='ocrx_word' id='word_1_91' title='bbox 107 1303 201 1367; x_wconf 81' lang='lat' dir='ltr'><strong>iecerat</strong></span> <span class='ocrx_word' id='word_1_92' title='bbox 219 1314 298 1368; x_wconf 90' lang='lat' dir='ltr'><strong>recto</strong></span> <span class='ocrx_word' id='word_1_93' title='bbox 313 1307 380 1387; x_wconf 87' lang='lat' dir='ltr'><strong>ipse</strong></span> <span class='ocrx_word' id='word_1_94' title='bbox 396 1315 530 1380; x_wconf 76' lang='lat' dir='ltr'><strong>noverat,</strong></span> <span class='ocrx_word' id='word_1_95' title='bbox 551 1307 663 1381; x_wconf 88' lang='lat' dir='ltr'><strong>docuit,</strong></span> <span class='ocrx_word' id='word_1_96' title='bbox 686 1325 751 1369; x_wconf 90' lang='lat' dir='ltr'><strong>cum</strong></span> <span class='ocrx_word' id='word_1_97' title='bbox 767 1307 945 1370; x_wconf 86' lang='lat' dir='ltr'><strong>Pharisaeos</strong></span> <span class='ocrx_word' id='word_1_98' title='bbox 960 1308 1009 1370; x_wconf 84' lang='lat' dir='ltr'><strong>bis</strong></span> <span class='ocrx_word' id='word_1_99' title='bbox 1022 1309 1184 1372; x_wconf 71' lang='lat' dir='ltr'><strong>confutavit</strong></span> <span class='ocrx_word' id='word_1_100' title='bbox 1199 1309 1315 1374; x_wconf 82' lang='lat' dir='ltr'><strong>verbis:</strong></span> 
     </span>
    </p>

    <p class='ocr_par' dir='ltr' id='par_1_10' title="bbox 105 1404 1317 1589">
     <span class='ocr_line' id='line_1_11' title="bbox 106 1404 1316 1490; baseline 0.007 -24"><span class='ocrx_word' id='word_1_101' title='bbox 106 1404 160 1478; x_wconf 70' lang='lat' dir='ltr'><strong>Qut</strong></span> <span class='ocrx_word' id='word_1_102' title='bbox 176 1407 241 1470; x_wconf 80' lang='lat' dir='ltr'><strong>ilios</strong></span> <span class='ocrx_word' id='word_1_103' title='bbox 263 1428 283 1470; x_wconf 92' lang='lat' dir='ltr'><strong>a</strong></span> <span class='ocrx_word' id='word_1_104' title='bbox 302 1411 457 1489; x_wconf 80' lang='lat' dir='ltr'><strong>principio</strong></span> <span class='ocrx_word' id='word_1_105' title='bbox 488 1412 619 1482; x_wconf 77' lang='lat' dir='ltr'><strong>creauit,</strong></span> <span class='ocrx_word' id='word_1_106' title='bbox 648 1408 816 1472; x_wconf 83' lang='lat' dir='ltr'><strong>masculum</strong></span> <span class='ocrx_word' id='word_1_107' title='bbox 838 1420 866 1472; x_wconf 85' lang='lat' dir='ltr'><strong>et</strong></span> <span class='ocrx_word' id='word_1_108' title='bbox 887 1410 1033 1489; x_wconf 74' lang='lat' dir='ltr'><strong>[minam</strong></span> <span class='ocrx_word' id='word_1_109' title='bbox 1052 1411 1127 1490; x_wconf 78' lang='lat' dir='ltr'><strong>secat</strong></span> <span class='ocrx_word' id='word_1_110' title='bbox 1148 1429 1209 1476; x_wconf 81' lang='lat' dir='ltr'><strong>aas.</strong></span> <span class='ocrx_word' id='word_1_111' title='bbox 1254 1413 1316 1475; x_wconf 85' lang='lat' dir='ltr'><strong>Rea</strong></span> 
     </span>
     <span class='ocr_line' id='line_1_12' title="bbox 105 1501 1317 1589; baseline 0.009 -24"><span class='ocrx_word' id='word_1_112' title='bbox 105 1505 172 1568; x_wconf 89' lang='lat' dir='ltr'><strong>enim</strong></span> <span class='ocrx_word' id='word_1_113' title='bbox 189 1509 277 1570; x_wconf 85' lang='lat' dir='ltr'><strong>iactae</strong></span> <span class='ocrx_word' id='word_1_114' title='bbox 298 1507 337 1572; x_wconf 88' lang='lat' dir='ltr'><strong>ab</strong></span> <span class='ocrx_word' id='word_1_115' title='bbox 360 1507 457 1588; x_wconf 86' lang='lat' dir='ltr'><strong>aliquo</strong></span> <span class='ocrx_word' id='word_1_116' title='bbox 479 1507 639 1589; x_wconf 81' lang='lat' dir='ltr'><strong>principio,</strong></span> <span class='ocrx_word' id='word_1_117' title='bbox 662 1527 729 1570; x_wconf 89' lang='lat' dir='ltr'><strong>cum</strong></span> <span class='ocrx_word' id='word_1_118' title='bbox 751 1508 907 1588; x_wconf 88' lang='lat' dir='ltr'><strong>aliquando</strong></span> <span class='ocrx_word' id='word_1_119' title='bbox 922 1528 982 1571; x_wconf 89' lang='lat' dir='ltr'><strong>non</strong></span> <span class='ocrx_word' id='word_1_120' title='bbox 999 1501 1112 1585; x_wconf 87' lang='lat' dir='ltr'><strong>essent,</strong></span> <span class='ocrx_word' id='word_1_121' title='bbox 1135 1519 1166 1574; x_wconf 91' lang='lat' dir='ltr'><strong>et</strong></span> <span class='ocrx_word' id='word_1_122' title='bbox 1179 1513 1317 1576; x_wconf 85' lang='lat' dir='ltr'><strong>conditae</strong></span> 
     </span>
    </p>

    <p class='ocr_par' dir='ltr' id='par_1_11' title="bbox 101 1609 1316 1700">
     <span class='ocr_line' id='line_1_13' title="bbox 101 1609 1316 1700; baseline 0.01 -34"><span class='ocrx_word' id='word_1_123' title='bbox 101 1616 161 1668; x_wconf 87' lang='lat' dir='ltr'><strong>sunt</strong></span> <span class='ocrx_word' id='word_1_124' title='bbox 180 1617 208 1671; x_wconf 87' lang='lat' dir='ltr'><strong>et</strong></span> <span class='ocrx_word' id='word_1_125' title='bbox 227 1618 359 1684; x_wconf 76' lang='lat' dir='ltr'><strong>creatae,</strong></span> <span class='ocrx_word' id='word_1_126' title='bbox 389 1610 469 1690; x_wconf 87' lang='lat' dir='ltr'><strong>quod</strong></span> <span class='ocrx_word' id='word_1_127' title='bbox 491 1609 557 1689; x_wconf 86' lang='lat' dir='ltr'><strong>ipse</strong></span> <span class='ocrx_word' id='word_1_128' title='bbox 580 1609 711 1690; x_wconf 83' lang='lat' dir='ltr'><strong>Spiritus</strong></span> <span class='ocrx_word' id='word_1_129' title='bbox 732 1620 853 1674; x_wconf 88' lang='lat' dir='ltr'><strong>sanctus</strong></span> <span class='ocrx_word' id='word_1_130' title='bbox 876 1610 916 1673; x_wconf 87' lang='lat' dir='ltr'><strong>ita</strong></span> <span class='ocrx_word' id='word_1_131' title='bbox 938 1611 969 1673; x_wconf 86' lang='lat' dir='ltr'><strong>in</strong></span> <span class='ocrx_word' id='word_1_132' title='bbox 990 1611 1117 1675; x_wconf 82' lang='lat' dir='ltr'><strong>Psalmis</strong></span> <span class='ocrx_word' id='word_1_133' title='bbox 1141 1613 1316 1700; x_wconf 74' lang='lat' dir='ltr'><strong>deolprarit:</strong></span> 
     </span>
    </p>

    <p class='ocr_par' dir='ltr' id='par_1_12' title="bbox 90 1705 1421 2300">
     <span class='ocr_line' id='line_1_14' title="bbox 99 1705 1351 1794; baseline 0.011 -28"><span class='ocrx_word' id='word_1_134' title='bbox 99 1705 132 1768; x_wconf 76' lang='lat' dir='ltr'><strong>dt</strong></span> <span class='ocrx_word' id='word_1_135' title='bbox 160 1719 189 1772; x_wconf 81' lang='lat' dir='ltr'><strong>ta</strong></span> <span class='ocrx_word' id='word_1_136' title='bbox 221 1711 388 1776; x_wconf 81' lang='lat' dir='ltr'><strong>secundum</strong></span> <span class='ocrx_word' id='word_1_137' title='bbox 416 1715 583 1792; x_wconf 80' lang='lat' dir='ltr'><strong>prtaa&#39;pr‘a,</strong></span> <span class='ocrx_word' id='word_1_138' title='bbox 615 1713 761 1789; x_wconf 76' lang='lat' dir='ltr'><strong>Domine,</strong></span> <span class='ocrx_word' id='word_1_139' title='bbox 796 1724 910 1775; x_wconf 80' lang='lat' dir='ltr'><strong>terram</strong></span> <span class='ocrx_word' id='word_1_140' title='bbox 943 1715 1100 1794; x_wconf 76' lang='lat' dir='ltr'><strong>fundasti,</strong></span> <span class='ocrx_word' id='word_1_141' title='bbox 1134 1714 1315 1780; x_wconf 87' lang='lat' dir='ltr'><strong>etiterum:</strong></span> <span class='ocrx_word' id='word_1_142' title='bbox 1345 1781 1351 1790; x_wconf 83' lang='grc'>,</span> 
     </span>
     <span class='ocr_line' id='line_1_15' title="bbox 98 1807 1315 1896; baseline 0.007 -26"><span class='ocrx_word' id='word_1_143' title='bbox 98 1807 201 1874; x_wconf 76' lang='lat' dir='ltr'><strong>Mentor</strong></span> <span class='ocrx_word' id='word_1_144' title='bbox 220 1824 284 1876; x_wconf 77' lang='lat' dir='ltr'><strong>cato</strong></span> <span class='ocrx_word' id='word_1_145' title='bbox 308 1816 552 1893; x_wconf 73' lang='lat' dir='ltr'><strong>aooprepatr&#39;oaia</strong></span> <span class='ocrx_word' id='word_1_146' title='bbox 566 1823 655 1894; x_wconf 80' lang='lat' dir='ltr'><strong>tuae,</strong></span> <span class='ocrx_word' id='word_1_147' title='bbox 678 1833 767 1894; x_wconf 78' lang='lat' dir='ltr'><strong>quom</strong></span> <span class='ocrx_word' id='word_1_148' title='bbox 785 1813 955 1896; x_wconf 75' lang='lat' dir='ltr'><strong>possedisti</strong></span> <span class='ocrx_word' id='word_1_149' title='bbox 974 1833 993 1876; x_wconf 89' lang='lat' dir='ltr'><strong>o</strong></span> <span class='ocrx_word' id='word_1_150' title='bbox 1011 1819 1176 1896; x_wconf 80' lang='lat' dir='ltr'><strong>pra&#39;acr&#39;pa&#39;o.</strong></span> <span class='ocrx_word' id='word_1_151' title='bbox 1220 1817 1315 1880; x_wconf 85' lang='lat' dir='ltr'><strong>Mani-</strong></span> 
     </span>
     <span class='ocr_line' id='line_1_16' title="bbox 96 1910 1421 1996; baseline 0.008 -26"><span class='ocrx_word' id='word_1_152' title='bbox 96 1910 191 1974; x_wconf 76' lang='lat' dir='ltr'><strong>festum</strong></span> <span class='ocrx_word' id='word_1_153' title='bbox 212 1923 312 1976; x_wconf 86' lang='lat' dir='ltr'><strong>autom</strong></span> <span class='ocrx_word' id='word_1_154' title='bbox 336 1921 393 1988; x_wconf 88' lang='lat' dir='ltr'><strong>est,</strong></span> <span class='ocrx_word' id='word_1_155' title='bbox 415 1914 457 1987; x_wconf 88' lang='lat' dir='ltr'><strong>id,</strong></span> <span class='ocrx_word' id='word_1_156' title='bbox 479 1914 560 1993; x_wconf 89' lang='lat' dir='ltr'><strong>quod</strong></span> <span class='ocrx_word' id='word_1_157' title='bbox 582 1914 616 1976; x_wconf 89' lang='lat' dir='ltr'><strong>tit</strong></span> <span class='ocrx_word' id='word_1_158' title='bbox 630 1915 796 1994; x_wconf 81' lang='lat' dir='ltr'><strong>sanandum</strong></span> <span class='ocrx_word' id='word_1_159' title='bbox 813 1917 980 1996; x_wconf 82' lang='lat' dir='ltr'><strong>principia,</strong></span> <span class='ocrx_word' id='word_1_160' title='bbox 1002 1915 1180 1996; x_wconf 87' lang='lat' dir='ltr'><strong>principium</strong></span> <span class='ocrx_word' id='word_1_161' title='bbox 1195 1918 1317 1995; x_wconf 83' lang='lat' dir='ltr'><strong>babere,</strong></span> <span class='ocrx_word' id='word_1_162' title='bbox 1418 1962 1421 1971; x_wconf 83' lang='lat'>-</span> 
     </span>
     <span class='ocr_line' id='line_1_17' title="bbox 95 2015 1316 2100; baseline 0.01 -28"><span class='ocrx_word' id='word_1_163' title='bbox 95 2029 124 2072; x_wconf 84' lang='lat' dir='ltr'><strong>ex</strong></span> <span class='ocrx_word' id='word_1_164' title='bbox 142 2033 197 2094; x_wconf 88' lang='lat' dir='ltr'><strong>quo</strong></span> <span class='ocrx_word' id='word_1_165' title='bbox 225 2023 364 2088; x_wconf 79' lang='lat' dir='ltr'><strong>creatur,</strong></span> <span class='ocrx_word' id='word_1_166' title='bbox 393 2025 423 2078; x_wconf 89' lang='lat' dir='ltr'><strong>et</strong></span> <span class='ocrx_word' id='word_1_167' title='bbox 446 2015 537 2078; x_wconf 84' lang='lat' dir='ltr'><strong>Deum</strong></span> <span class='ocrx_word' id='word_1_168' title='bbox 569 2015 830 2095; x_wconf 78' lang='lat' dir='ltr'><strong>congregationem</strong></span> <span class='ocrx_word' id='word_1_169' title='bbox 853 2015 889 2078; x_wconf 90' lang='lat' dir='ltr'><strong>ab</strong></span> <span class='ocrx_word' id='word_1_170' title='bbox 912 2015 1011 2096; x_wconf 86' lang='lat' dir='ltr'><strong>atiquo</strong></span> <span class='ocrx_word' id='word_1_171' title='bbox 1032 2018 1209 2098; x_wconf 84' lang='lat' dir='ltr'><strong>possedisse</strong></span> <span class='ocrx_word' id='word_1_172' title='bbox 1228 2021 1316 2100; x_wconf 86' lang='lat' dir='ltr'><strong>prin-</strong></span> 
     </span>
     <span class='ocr_line' id='line_1_18' title="bbox 94 2111 1318 2200; baseline 0.01 -27"><span class='ocrx_word' id='word_1_173' title='bbox 94 2111 169 2193; x_wconf 89' lang='lat' dir='ltr'><strong>cipio.</strong></span> <span class='ocrx_word' id='word_1_174' title='bbox 213 2117 273 2178; x_wconf 86' lang='lat' dir='ltr'><strong>iam</strong></span> <span class='ocrx_word' id='word_1_175' title='bbox 303 2115 386 2197; x_wconf 87' lang='lat' dir='ltr'><strong>quod</strong></span> <span class='ocrx_word' id='word_1_176' title='bbox 415 2117 489 2180; x_wconf 90' lang='lat' dir='ltr'><strong>baec</strong></span> <span class='ocrx_word' id='word_1_177' title='bbox 517 2117 605 2180; x_wconf 87' lang='lat' dir='ltr'><strong>verba</strong></span> <span class='ocrx_word' id='word_1_178' title='bbox 634 2116 672 2180; x_wconf 84' lang='lat' dir='ltr'><strong>Ia</strong></span> <span class='ocrx_word' id='word_1_179' title='bbox 692 2121 845 2200; x_wconf 71' lang='lat' dir='ltr'><strong>principio</strong></span> <span class='ocrx_word' id='word_1_180' title='bbox 868 2119 942 2198; x_wconf 80' lang='lat' dir='ltr'><strong>scait</strong></span> <span class='ocrx_word' id='word_1_181' title='bbox 964 2137 1001 2178; x_wconf 83' lang='lat' dir='ltr'><strong>ex</strong></span> <span class='ocrx_word' id='word_1_182' title='bbox 1022 2136 1076 2190; x_wconf 82' lang='lat' dir='ltr'><strong>eo,</strong></span> <span class='ocrx_word' id='word_1_183' title='bbox 1106 2120 1187 2199; x_wconf 88' lang='lat' dir='ltr'><strong>quod</strong></span> <span class='ocrx_word' id='word_1_184' title='bbox 1209 2121 1318 2189; x_wconf 84' lang='lat' dir='ltr'><strong>dicitur</strong></span> 
     </span>
     <span class='ocr_line' id='line_1_19' title="bbox 90 2215 1316 2300; baseline 0.007 -24"><span class='ocrx_word' id='word_1_185' title='bbox 90 2215 162 2291; x_wconf 74' lang='lat' dir='ltr'><strong>tacit,</strong></span> <span class='ocrx_word' id='word_1_186' title='bbox 184 2219 263 2280; x_wconf 88' lang='lat' dir='ltr'><strong>idem</strong></span> <span class='ocrx_word' id='word_1_187' title='bbox 288 2219 354 2281; x_wconf 87' lang='lat' dir='ltr'><strong>sint</strong></span> <span class='ocrx_word' id='word_1_188' title='bbox 375 2238 409 2281; x_wconf 88' lang='lat' dir='ltr'><strong>ac</strong></span> <span class='ocrx_word' id='word_1_189' title='bbox 431 2220 662 2300; x_wconf 76' lang='lat' dir='ltr'><strong>coapit&#39;sacere,</strong></span> <span class='ocrx_word' id='word_1_190' title='bbox 685 2219 752 2300; x_wconf 88' lang='lat' dir='ltr'><strong>ipse</strong></span> <span class='ocrx_word' id='word_1_191' title='bbox 774 2219 861 2282; x_wconf 86' lang='lat' dir='ltr'><strong>docet</strong></span> <span class='ocrx_word' id='word_1_192' title='bbox 878 2219 1007 2300; x_wconf 67' lang='lat' dir='ltr'><strong>Moyses,</strong></span> <span class='ocrx_word' id='word_1_193' title='bbox 1029 2219 1078 2300; x_wconf 85' lang='lat' dir='ltr'><strong>qui</strong></span> <span class='ocrx_word' id='word_1_194' title='bbox 1100 2230 1170 2300; x_wconf 82' lang='lat' dir='ltr'><strong>post</strong></span> <span class='ocrx_word' id='word_1_195' title='bbox 1192 2222 1316 2285; x_wconf 85' lang='lat' dir='ltr'><strong>absolu-</strong></span> 
     </span>
    </p>

    <p class='ocr_par' dir='ltr' id='par_1_13' title="bbox 67 2319 1541 3805">
     <span class='ocr_line' id='line_1_20' title="bbox 91 2319 1319 2400; baseline 0.009 -24"><span class='ocrx_word' id='word_1_196' title='bbox 91 2321 141 2378; x_wconf 87' lang='lat' dir='ltr'><strong>tam</strong></span> <span class='ocrx_word' id='word_1_197' title='bbox 158 2337 259 2382; x_wconf 87' lang='lat' dir='ltr'><strong>rerum</strong></span> <span class='ocrx_word' id='word_1_198' title='bbox 283 2321 419 2382; x_wconf 88' lang='lat' dir='ltr'><strong>omnium</strong></span> <span class='ocrx_word' id='word_1_199' title='bbox 442 2320 623 2382; x_wconf 87' lang='lat' dir='ltr'><strong>creationem</strong></span> <span class='ocrx_word' id='word_1_200' title='bbox 650 2320 694 2383; x_wconf 87' lang='lat' dir='ltr'><strong>sic</strong></span> <span class='ocrx_word' id='word_1_201' title='bbox 720 2319 870 2400; x_wconf 89' lang='lat' dir='ltr'><strong>loquitur:</strong></span> <span class='ocrx_word' id='word_1_202' title='bbox 907 2320 946 2382; x_wconf 77' lang='lat' dir='ltr'><strong>Et</strong></span> <span class='ocrx_word' id='word_1_203' title='bbox 974 2321 1126 2384; x_wconf 75' lang='lat' dir='ltr'><strong>benedixit</strong></span> <span class='ocrx_word' id='word_1_204' title='bbox 1153 2323 1236 2386; x_wconf 83' lang='lat' dir='ltr'><strong>Deua</strong></span> <span class='ocrx_word' id='word_1_205' title='bbox 1258 2326 1319 2388; x_wconf 83' lang='lat' dir='ltr'><strong>dr&#39;ai</strong></span> 
     </span>
     <span class='ocr_line' id='line_1_21' title="bbox 89 2421 1318 2504; baseline 0.01 -27"><span class='ocrx_word' id='word_1_206' title='bbox 89 2424 202 2496; x_wconf 69' lang='lat' dir='ltr'><strong>capriata</strong></span> <span class='ocrx_word' id='word_1_207' title='bbox 233 2431 263 2484; x_wconf 83' lang='lat' dir='ltr'><strong>et</strong></span> <span class='ocrx_word' id='word_1_208' title='bbox 292 2422 501 2504; x_wconf 76' lang='lat' dir='ltr'><strong>sanctificavit</strong></span> <span class='ocrx_word' id='word_1_209' title='bbox 533 2421 636 2493; x_wconf 85' lang='lat' dir='ltr'><strong>iliam,</strong></span> <span class='ocrx_word' id='word_1_210' title='bbox 671 2425 804 2504; x_wconf 64' lang='lat' dir='ltr'><strong>quinia</strong></span> <span class='ocrx_word' id='word_1_211' title='bbox 833 2425 900 2502; x_wconf 85' lang='lat' dir='ltr'><strong>ipso</strong></span> <span class='ocrx_word' id='word_1_212' title='bbox 925 2433 1100 2486; x_wconf 78' lang='lat' dir='ltr'><strong>cessaverat</strong></span> <span class='ocrx_word' id='word_1_213' title='bbox 1121 2423 1318 2489; x_wconf 37' lang='lat' dir='ltr'><strong>normannos</strong></span> 
     </span>
     <span class='ocr_line' id='line_1_22' title="bbox 87 2509 1317 2605; baseline 0.007 -27"><span class='ocrx_word' id='word_1_214' title='bbox 87 2521 220 2598; x_wconf 75' lang='lat' dir='ltr'><strong>operum</strong></span> <span class='ocrx_word' id='word_1_215' title='bbox 243 2528 325 2596; x_wconf 79' lang='lat' dir='ltr'><strong>auia,</strong></span> <span class='ocrx_word' id='word_1_216' title='bbox 349 2541 424 2604; x_wconf 82' lang='lat' dir='ltr'><strong>quac</strong></span> <span class='ocrx_word' id='word_1_217' title='bbox 447 2527 544 2605; x_wconf 82' lang='lat' dir='ltr'><strong>coepit</strong></span> <span class='ocrx_word' id='word_1_218' title='bbox 563 2522 650 2588; x_wconf 79' lang='lat' dir='ltr'><strong>Deua</strong></span> <span class='ocrx_word' id='word_1_219' title='bbox 670 2525 783 2602; x_wconf 71' lang='lat' dir='ltr'><strong>facere.</strong></span> <span class='ocrx_word' id='word_1_220' title='bbox 827 2509 932 2603; x_wconf 83' lang='lat' dir='ltr'><strong>ltaque</strong></span> <span class='ocrx_word' id='word_1_221' title='bbox 951 2541 1000 2586; x_wconf 82' lang='lat' dir='ltr'><strong>res</strong></span> <span class='ocrx_word' id='word_1_222' title='bbox 1021 2531 1137 2586; x_wconf 87' lang='lat' dir='ltr'><strong>creatae</strong></span> <span class='ocrx_word' id='word_1_223' title='bbox 1157 2524 1223 2586; x_wconf 85' lang='lat' dir='ltr'><strong>tieri</strong></span> <span class='ocrx_word' id='word_1_224' title='bbox 1245 2545 1317 2588; x_wconf 86' lang='lat' dir='ltr'><strong>coe-</strong></span> 
     </span>
     <span class='ocr_line' id='line_1_23' title="bbox 86 2610 1317 2704; baseline 0.004 -22"><span class='ocrx_word' id='word_1_225' title='bbox 86 2631 193 2698; x_wconf 83' lang='lat' dir='ltr'><strong>pemnt.</strong></span> <span class='ocrx_word' id='word_1_226' title='bbox 238 2625 279 2686; x_wconf 73' lang='lat' dir='ltr'><strong>At</strong></span> <span class='ocrx_word' id='word_1_227' title='bbox 302 2625 360 2688; x_wconf 87' lang='lat' dir='ltr'><strong>Dei</strong></span> <span class='ocrx_word' id='word_1_228' title='bbox 382 2623 511 2686; x_wconf 88' lang='lat' dir='ltr'><strong>Verbum</strong></span> <span class='ocrx_word' id='word_1_229' title='bbox 533 2643 599 2686; x_wconf 91' lang='lat' dir='ltr'><strong>oum</strong></span> <span class='ocrx_word' id='word_1_230' title='bbox 622 2610 816 2704; x_wconf 78' lang='lat' dir='ltr'><strong>principium.</strong></span> <span class='ocrx_word' id='word_1_231' title='bbox 847 2642 882 2684; x_wconf 84' lang='lat' dir='ltr'><strong>ex</strong></span> <span class='ocrx_word' id='word_1_232' title='bbox 905 2641 964 2704; x_wconf 84' lang='lat' dir='ltr'><strong>qao</strong></span> <span class='ocrx_word' id='word_1_233' title='bbox 988 2623 1042 2698; x_wconf 91' lang='lat' dir='ltr'><strong>sit,</strong></span> <span class='ocrx_word' id='word_1_234' title='bbox 1065 2623 1177 2686; x_wconf 85' lang='lat' dir='ltr'><strong>nullum</strong></span> <span class='ocrx_word' id='word_1_235' title='bbox 1200 2625 1317 2698; x_wconf 81' lang='lat' dir='ltr'><strong>habeat,</strong></span> 
     </span>
     <span class='ocr_line' id='line_1_24' title="bbox 82 2723 1316 2807; baseline 0.002 -24"><span class='ocrx_word' id='word_1_236' title='bbox 82 2723 181 2786; x_wconf 86' lang='lat' dir='ltr'><strong>merito</strong></span> <span class='ocrx_word' id='word_1_237' title='bbox 203 2743 264 2790; x_wconf 88' lang='lat' dir='ltr'><strong>nec</strong></span> <span class='ocrx_word' id='word_1_238' title='bbox 288 2745 361 2788; x_wconf 87' lang='lat' dir='ltr'><strong>esse</strong></span> <span class='ocrx_word' id='word_1_239' title='bbox 383 2744 439 2788; x_wconf 88' lang='lat' dir='ltr'><strong>nec</strong></span> <span class='ocrx_word' id='word_1_240' title='bbox 462 2725 526 2787; x_wconf 83' lang='lat' dir='ltr'><strong>deri</strong></span> <span class='ocrx_word' id='word_1_241' title='bbox 550 2725 658 2806; x_wconf 84' lang='lat' dir='ltr'><strong>coepit,</strong></span> <span class='ocrx_word' id='word_1_242' title='bbox 681 2726 733 2788; x_wconf 87' lang='lat' dir='ltr'><strong>scd</strong></span> <span class='ocrx_word' id='word_1_243' title='bbox 757 2743 876 2807; x_wconf 88' lang='lat' dir='ltr'><strong>semper</strong></span> <span class='ocrx_word' id='word_1_244' title='bbox 896 2725 960 2787; x_wconf 81' lang='lat' dir='ltr'><strong>tuit</strong></span> <span class='ocrx_word' id='word_1_245' title='bbox 1005 2724 1104 2804; x_wconf 84' lang='lat' dir='ltr'><strong>Opera</strong></span> <span class='ocrx_word' id='word_1_246' title='bbox 1127 2725 1216 2805; x_wconf 79' lang='lat' dir='ltr'><strong>igitur</strong></span> <span class='ocrx_word' id='word_1_247' title='bbox 1231 2727 1316 2806; x_wconf 87' lang='lat' dir='ltr'><strong>prin-</strong></span> 
     </span>
     <span class='ocr_line' id='line_1_25' title="bbox 82 2823 1317 2907; baseline 0.003 -24"><span class='ocrx_word' id='word_1_248' title='bbox 82 2823 291 2904; x_wconf 78' lang='lat' dir='ltr'><strong>cipium-cum</strong></span> <span class='ocrx_word' id='word_1_249' title='bbox 318 2828 404 2900; x_wconf 85' lang='lat' dir='ltr'><strong>fiunt,</strong></span> <span class='ocrx_word' id='word_1_250' title='bbox 427 2827 547 2902; x_wconf 89' lang='lat' dir='ltr'><strong>babent,</strong></span> <span class='ocrx_word' id='word_1_251' title='bbox 570 2827 649 2907; x_wconf 89' lang='lat' dir='ltr'><strong>quod</strong></span> <span class='ocrx_word' id='word_1_252' title='bbox 672 2827 792 2906; x_wconf 86' lang='lat' dir='ltr'><strong>quidem</strong></span> <span class='ocrx_word' id='word_1_253' title='bbox 814 2825 992 2906; x_wconf 87' lang='lat' dir='ltr'><strong>principium</strong></span> <span class='ocrx_word' id='word_1_254' title='bbox 1011 2825 1115 2900; x_wconf 89' lang='lat' dir='ltr'><strong>rebus,</strong></span> <span class='ocrx_word' id='word_1_255' title='bbox 1137 2845 1212 2906; x_wconf 87' lang='lat' dir='ltr'><strong>qnae</strong></span> <span class='ocrx_word' id='word_1_256' title='bbox 1233 2828 1317 2904; x_wconf 84' lang='lat' dir='ltr'><strong>flunt,</strong></span> 
     </span>
     <span class='ocr_line' id='line_1_26' title="bbox 78 2924 1317 3007; baseline 0.003 -21"><span class='ocrx_word' id='word_1_257' title='bbox 78 2924 154 3002; x_wconf 87' lang='lat' dir='ltr'><strong>prins</strong></span> <span class='ocrx_word' id='word_1_258' title='bbox 184 2939 252 3006; x_wconf 82' lang='lat' dir='ltr'><strong>est3</strong></span> <span class='ocrx_word' id='word_1_259' title='bbox 291 2928 425 2990; x_wconf 86' lang='lat' dir='ltr'><strong>Verbum</strong></span> <span class='ocrx_word' id='word_1_260' title='bbox 448 2937 546 2991; x_wconf 87' lang='lat' dir='ltr'><strong>autem</strong></span> <span class='ocrx_word' id='word_1_261' title='bbox 569 2947 636 2990; x_wconf 90' lang='lat' dir='ltr'><strong>eum</strong></span> <span class='ocrx_word' id='word_1_262' title='bbox 658 2947 720 2990; x_wconf 91' lang='lat' dir='ltr'><strong>non</strong></span> <span class='ocrx_word' id='word_1_263' title='bbox 743 2928 784 2989; x_wconf 87' lang='lat' dir='ltr'><strong>sit</strong></span> <span class='ocrx_word' id='word_1_264' title='bbox 805 2947 840 2990; x_wconf 82' lang='lat' dir='ltr'><strong>ex</strong></span> <span class='ocrx_word' id='word_1_265' title='bbox 862 2947 988 2990; x_wconf 87' lang='lat' dir='ltr'><strong>numero</strong></span> <span class='ocrx_word' id='word_1_266' title='bbox 1010 2947 1111 2990; x_wconf 87' lang='lat' dir='ltr'><strong>rerum</strong></span> <span class='ocrx_word' id='word_1_267' title='bbox 1135 2946 1211 3007; x_wconf 83' lang='lat' dir='ltr'><strong>quae</strong></span> <span class='ocrx_word' id='word_1_268' title='bbox 1232 2927 1317 3002; x_wconf 84' lang='lat' dir='ltr'><strong>bunt,</strong></span> 
     </span>
     <span class='ocr_line' id='line_1_27' title="bbox 79 3025 1319 3112; baseline 0.001 -23"><span class='ocrx_word' id='word_1_269' title='bbox 79 3025 136 3104; x_wconf 83' lang='lat' dir='ltr'><strong>ipse</strong></span> <span class='ocrx_word' id='word_1_270' title='bbox 158 3032 266 3110; x_wconf 84' lang='lat' dir='ltr'><strong>potius</strong></span> <span class='ocrx_word' id='word_1_271' title='bbox 297 3049 405 3092; x_wconf 87' lang='lat' dir='ltr'><strong>rerum</strong></span> <span class='ocrx_word' id='word_1_272' title='bbox 432 3030 611 3112; x_wconf 87' lang='lat' dir='ltr'><strong>principium</strong></span> <span class='ocrx_word' id='word_1_273' title='bbox 640 3029 812 3094; x_wconf 89' lang='lat' dir='ltr'><strong>habentium</strong></span> <span class='ocrx_word' id='word_1_274' title='bbox 841 3031 964 3091; x_wconf 80' lang='lat' dir='ltr'><strong>effector</strong></span> <span class='ocrx_word' id='word_1_275' title='bbox 985 3038 1042 3092; x_wconf 79' lang='lat' dir='ltr'><strong>est.</strong></span> <span class='ocrx_word' id='word_1_276' title='bbox 1086 3029 1198 3090; x_wconf 82' lang='lat' dir='ltr'><strong>Deinde</strong></span> <span class='ocrx_word' id='word_1_277' title='bbox 1219 3027 1319 3110; x_wconf 88' lang='lat' dir='ltr'><strong>ipsum</strong></span> 
     </span>
     <span class='ocr_line' id='line_1_28' title="bbox 75 3129 1319 3212; baseline 0.002 -24"><span class='ocrx_word' id='word_1_278' title='bbox 75 3145 138 3192; x_wconf 87' lang='lat' dir='ltr'><strong>csse</strong></span> <span class='ocrx_word' id='word_1_279' title='bbox 159 3131 224 3194; x_wconf 82' lang='lat' dir='ltr'><strong>sire</strong></span> <span class='ocrx_word' id='word_1_280' title='bbox 249 3141 368 3194; x_wconf 89' lang='lat' dir='ltr'><strong>natura</strong></span> <span class='ocrx_word' id='word_1_281' title='bbox 389 3145 491 3193; x_wconf 82' lang='lat' dir='ltr'><strong>rerum</strong></span> <span class='ocrx_word' id='word_1_282' title='bbox 515 3131 657 3194; x_wconf 82' lang='lat' dir='ltr'><strong>tantarum</strong></span> <span class='ocrx_word' id='word_1_283' title='bbox 679 3130 709 3192; x_wconf 93' lang='lat' dir='ltr'><strong>in</strong></span> <span class='ocrx_word' id='word_1_284' title='bbox 733 3149 768 3192; x_wconf 88' lang='lat' dir='ltr'><strong>eo</strong></span> <span class='ocrx_word' id='word_1_285' title='bbox 799 3131 883 3212; x_wconf 84' lang='lat' dir='ltr'><strong>ipso,</strong></span> <span class='ocrx_word' id='word_1_286' title='bbox 916 3129 995 3209; x_wconf 89' lang='lat' dir='ltr'><strong>quod</strong></span> <span class='ocrx_word' id='word_1_287' title='bbox 1024 3129 1114 3203; x_wconf 78' lang='lat' dir='ltr'><strong>liunt,</strong></span> <span class='ocrx_word' id='word_1_288' title='bbox 1143 3129 1266 3191; x_wconf 88' lang='lat' dir='ltr'><strong>modum</strong></span> <span class='ocrx_word' id='word_1_289' title='bbox 1289 3138 1319 3192; x_wconf 86' lang='lat' dir='ltr'><strong>et</strong></span> 
     </span>
     <span class='ocr_line' id='line_1_29' title="bbox 77 3230 1318 3312; baseline 0.002 -22"><span class='ocrx_word' id='word_1_290' title='bbox 77 3247 246 3296; x_wconf 86' lang='lat' dir='ltr'><strong>mensuram</strong></span> <span class='ocrx_word' id='word_1_291' title='bbox 271 3233 387 3303; x_wconf 82' lang='lat' dir='ltr'><strong>babet.</strong></span> <span class='ocrx_word' id='word_1_292' title='bbox 410 3251 521 3312; x_wconf 85' lang='lat' dir='ltr'><strong>easque</strong></span> <span class='ocrx_word' id='word_1_293' title='bbox 542 3231 622 3294; x_wconf 80' lang='lat' dir='ltr'><strong>[teus</strong></span> <span class='ocrx_word' id='word_1_294' title='bbox 645 3231 682 3294; x_wconf 91' lang='lat' dir='ltr'><strong>ab</strong></span> <span class='ocrx_word' id='word_1_295' title='bbox 704 3232 803 3312; x_wconf 85' lang='lat' dir='ltr'><strong>aliquo</strong></span> <span class='ocrx_word' id='word_1_296' title='bbox 825 3230 972 3312; x_wconf 87' lang='lat' dir='ltr'><strong>principio</strong></span> <span class='ocrx_word' id='word_1_297' title='bbox 994 3249 1049 3311; x_wconf 87' lang='lat' dir='ltr'><strong>per</strong></span> <span class='ocrx_word' id='word_1_298' title='bbox 1070 3230 1199 3292; x_wconf 86' lang='lat' dir='ltr'><strong>Verbum</strong></span> <span class='ocrx_word' id='word_1_299' title='bbox 1220 3231 1318 3292; x_wconf 79' lang='lat' dir='ltr'><strong>tacere</strong></span> 
     </span>
     <span class='ocr_line' id='line_1_30' title="bbox 72 3330 1317 3416; baseline -0.002 -20"><span class='ocrx_word' id='word_1_300' title='bbox 72 3330 216 3415; x_wconf 83' lang='lat' dir='ltr'><strong>incoepit,</strong></span> <span class='ocrx_word' id='word_1_301' title='bbox 253 3347 292 3400; x_wconf 92' lang='lat' dir='ltr'><strong>ut</strong></span> <span class='ocrx_word' id='word_1_302' title='bbox 330 3353 438 3414; x_wconf 86' lang='lat' dir='ltr'><strong>nempe</strong></span> <span class='ocrx_word' id='word_1_303' title='bbox 472 3342 555 3396; x_wconf 88' lang='lat' dir='ltr'><strong>esset</strong></span> <span class='ocrx_word' id='word_1_304' title='bbox 586 3334 794 3416; x_wconf 84' lang='lat' dir='ltr'><strong>perspicuum,</strong></span> <span class='ocrx_word' id='word_1_305' title='bbox 827 3331 891 3396; x_wconf 85' lang='lat' dir='ltr'><strong>ilias</strong></span> <span class='ocrx_word' id='word_1_306' title='bbox 924 3351 985 3394; x_wconf 93' lang='lat' dir='ltr'><strong>non</strong></span> <span class='ocrx_word' id='word_1_307' title='bbox 1021 3333 1114 3394; x_wconf 82' lang='lat' dir='ltr'><strong>tuisse</strong></span> <span class='ocrx_word' id='word_1_308' title='bbox 1144 3331 1317 3412; x_wconf 85' lang='lat' dir='ltr'><strong>priusquam</strong></span> 
     </span>
     <span class='ocr_line' id='line_1_31' title="bbox 74 3432 1317 3518; baseline 0.001 -26"><span class='ocrx_word' id='word_1_309' title='bbox 74 3433 180 3500; x_wconf 86' lang='lat' dir='ltr'><strong>fierent.</strong></span> <span class='ocrx_word' id='word_1_310' title='bbox 216 3441 272 3501; x_wconf 76' lang='grc' dir='ltr'><strong>,Αι</strong></span> <span class='ocrx_word' id='word_1_311' title='bbox 297 3437 432 3498; x_wconf 87' lang='lat' dir='ltr'><strong>Verbum</strong></span> <span class='ocrx_word' id='word_1_312' title='bbox 453 3455 514 3498; x_wconf 91' lang='lat' dir='ltr'><strong>non</strong></span> <span class='ocrx_word' id='word_1_313' title='bbox 537 3436 567 3518; x_wconf 80' lang='lat' dir='ltr'><strong>tp</strong></span> <span class='ocrx_word' id='word_1_314' title='bbox 590 3435 647 3498; x_wconf 84' lang='lat' dir='ltr'><strong>aiio</strong></span> <span class='ocrx_word' id='word_1_315' title='bbox 670 3435 817 3516; x_wconf 87' lang='lat' dir='ltr'><strong>principio</strong></span> <span class='ocrx_word' id='word_1_316' title='bbox 841 3435 930 3498; x_wconf 89' lang='lat' dir='ltr'><strong>babet</strong></span> <span class='ocrx_word' id='word_1_317' title='bbox 951 3443 984 3495; x_wconf 92' lang='lat' dir='ltr'><strong>ut</strong></span> <span class='ocrx_word' id='word_1_318' title='bbox 1006 3433 1061 3506; x_wconf 87' lang='lat' dir='ltr'><strong>sit,</strong></span> <span class='ocrx_word' id='word_1_319' title='bbox 1090 3451 1176 3514; x_wconf 88' lang='lat' dir='ltr'><strong>qnam</strong></span> <span class='ocrx_word' id='word_1_320' title='bbox 1199 3432 1317 3496; x_wconf 81' lang='lat' dir='ltr'><strong>soloin</strong></span> 
     </span>
     <span class='ocr_line' id='line_1_32' title="bbox 70 3515 1318 3620; baseline 0.002 -26"><span class='ocrx_word' id='word_1_321' title='bbox 70 3532 167 3614; x_wconf 85' lang='lat' dir='ltr'><strong>Patre,</strong></span> <span class='ocrx_word' id='word_1_322' title='bbox 204 3540 282 3620; x_wconf 87' lang='lat' dir='ltr'><strong>qui,</strong></span> <span class='ocrx_word' id='word_1_323' title='bbox 305 3515 358 3600; x_wconf 60' lang='lat' dir='ltr'><strong>&#39;ut</strong></span> <span class='ocrx_word' id='word_1_324' title='bbox 386 3538 428 3600; x_wconf 82' lang='lat' dir='ltr'><strong>itti</strong></span> <span class='ocrx_word' id='word_1_325' title='bbox 457 3537 782 3611; x_wconf 79' lang='lat' dir='ltr'><strong>etiamconsentiunt,</strong></span> <span class='ocrx_word' id='word_1_326' title='bbox 810 3536 948 3618; x_wconf 87' lang='lat' dir='ltr'><strong>principii</strong></span> <span class='ocrx_word' id='word_1_327' title='bbox 977 3544 1024 3598; x_wconf 90' lang='lat' dir='ltr'><strong>est</strong></span> <span class='ocrx_word' id='word_1_328' title='bbox 1045 3553 1169 3614; x_wconf 83' lang='lat' dir='ltr'><strong>expers,</strong></span> <span class='ocrx_word' id='word_1_329' title='bbox 1199 3544 1232 3596; x_wconf 92' lang='lat' dir='ltr'><strong>ut</strong></span> <span class='ocrx_word' id='word_1_330' title='bbox 1252 3533 1318 3614; x_wconf 88' lang='lat' dir='ltr'><strong>ipse</strong></span> 
     </span>
     <span class='ocr_line' id='line_1_33' title="bbox 72 3636 1519 3721; baseline -0.001 -23"><span class='ocrx_word' id='word_1_331' title='bbox 72 3655 183 3720; x_wconf 81' lang='lat' dir='ltr'><strong>quoque</strong></span> <span class='ocrx_word' id='word_1_332' title='bbox 206 3642 316 3704; x_wconf 81' lang='lat' dir='ltr'><strong>Filius</strong></span> <span class='ocrx_word' id='word_1_333' title='bbox 341 3641 406 3704; x_wconf 86' lang='lat' dir='ltr'><strong>sine</strong></span> <span class='ocrx_word' id='word_1_334' title='bbox 428 3639 575 3721; x_wconf 88' lang='lat' dir='ltr'><strong>principio</strong></span> <span class='ocrx_word' id='word_1_335' title='bbox 599 3641 706 3702; x_wconf 79' lang='lat' dir='ltr'><strong>existat</strong></span> <span class='ocrx_word' id='word_1_336' title='bbox 728 3639 757 3700; x_wconf 89' lang='lat' dir='ltr'><strong>in</strong></span> <span class='ocrx_word' id='word_1_337' title='bbox 780 3639 883 3713; x_wconf 88' lang='lat' dir='ltr'><strong>Patre,</strong></span> <span class='ocrx_word' id='word_1_338' title='bbox 912 3657 928 3700; x_wconf 93' lang='lat' dir='ltr'><strong>a</strong></span> <span class='ocrx_word' id='word_1_339' title='bbox 951 3655 1010 3717; x_wconf 89' lang='lat' dir='ltr'><strong>quo</strong></span> <span class='ocrx_word' id='word_1_340' title='bbox 1032 3636 1149 3717; x_wconf 72' lang='lat' dir='ltr'><strong>genitus</strong></span> <span class='ocrx_word' id='word_1_341' title='bbox 1171 3645 1232 3712; x_wconf 86' lang='lat' dir='ltr'><strong>est,</strong></span> <span class='ocrx_word' id='word_1_342' title='bbox 1256 3653 1403 3704; x_wconf 72' lang='lat' dir='ltr'><strong>nonnam.</strong></span> <span class='ocrx_word' id='word_1_343' title='bbox 1479 3641 1519 3710; x_wconf 65' lang='grc' dir='ltr'><strong><em>Ο</em></strong></span> 
     </span>
     <span class='ocr_line' id='line_1_34' title="bbox 67 3745 1541 3805; baseline 0.008 -8"><span class='ocrx_word' id='word_1_344' title='bbox 67 3751 159 3804; x_wconf 88' lang='lat' dir='ltr'><strong>autem</strong></span> <span class='ocrx_word' id='word_1_345' title='bbox 182 3751 336 3805; x_wconf 87' lang='lat' dir='ltr'><strong>creatus.</strong></span> <span class='ocrx_word' id='word_1_346' title='bbox 1540 3745 1541 3756; x_wconf 74' lang='grc'>’</span> 
     </span>
    </p>
   </div>
   <div class='ocr_carea' id='block_1_3' title="bbox 63 3952 1321 4096">
    <p class='ocr_par' dir='ltr' id='par_1_14' title="bbox 63 3952 1321 4096">
     <span class='ocr_line' id='line_1_35' title="bbox 92 3952 1321 4022; baseline -0.007 -12"><span class='ocrx_word' id='word_1_347' title='bbox 92 3977 112 4010; x_wconf 84' lang='lat' dir='ltr'><strong>e.</strong></span> <span class='ocrx_word' id='word_1_348' title='bbox 131 3964 208 4015; x_wconf 83' lang='lat' dir='ltr'><strong>Gabi.</strong></span> <span class='ocrx_word' id='word_1_349' title='bbox 231 3973 261 4014; x_wconf 83' lang='lat' dir='ltr'><strong>et</strong></span> <span class='ocrx_word' id='word_1_350' title='bbox 282 3961 396 4012; x_wconf 81' lang='lat' dir='ltr'><strong>Feicim.</strong></span> <span class='ocrx_word' id='word_1_351' title='bbox 417 3961 438 4010; x_wconf 94' lang='lat' dir='ltr'><strong>l.</strong></span> <span class='ocrx_word' id='word_1_352' title='bbox 457 3952 539 4009; x_wconf 77' lang='grc' dir='ltr'><em>πάλιν</em></span> <span class='ocrx_word' id='word_1_353' title='bbox 557 3961 676 4010; x_wconf 86' lang='lat' dir='ltr'><strong>omittunt.</strong></span> <span class='ocrx_word' id='word_1_354' title='bbox 763 3961 778 4009; x_wconf 85' lang='lat' dir='ltr'><strong>i.</strong></span> <span class='ocrx_word' id='word_1_355' title='bbox 803 3959 903 4022; x_wconf 76' lang='lat' dir='ltr'><strong>Segner.</strong></span> <span class='ocrx_word' id='word_1_356' title='bbox 928 3957 1025 4010; x_wconf 85' lang='lat' dir='ltr'><strong>Gobler.</strong></span> <span class='ocrx_word' id='word_1_357' title='bbox 1051 3965 1074 4006; x_wconf 82' lang='lat' dir='ltr'><strong>et</strong></span> <span class='ocrx_word' id='word_1_358' title='bbox 1098 3956 1202 4006; x_wconf 79' lang='lat' dir='ltr'><strong>Fetokm.</strong></span> <span class='ocrx_word' id='word_1_359' title='bbox 1223 3954 1245 4004; x_wconf 87' lang='lat' dir='ltr'><strong>t.</strong></span> <span class='ocrx_word' id='word_1_360' title='bbox 1264 3953 1321 4002; x_wconf 77' lang='grc' dir='ltr'><strong>τῶν</strong></span> 
     </span>
     <span class='ocr_line' id='line_1_36' title="bbox 63 4011 1286 4096; baseline -0.005 -18"><span class='ocrx_word' id='word_1_361' title='bbox 63 4025 122 4078; x_wconf 65' lang='lat' dir='ltr'><strong>roan</strong></span> <span class='ocrx_word' id='word_1_362' title='bbox 141 4033 261 4092; x_wconf 70' lang='lat' dir='ltr'><strong>mimo,</strong></span> <span class='ocrx_word' id='word_1_363' title='bbox 290 4029 421 4091; x_wconf 66' lang='lat' dir='ltr'><strong>enarrem.</strong></span> <span class='ocrx_word' id='word_1_364' title='bbox 440 4037 463 4079; x_wconf 76' lang='lat' dir='ltr'><strong>n</strong></span> <span class='ocrx_word' id='word_1_365' title='bbox 482 4030 585 4080; x_wconf 71' lang='lat' dir='ltr'><strong>nereum.</strong></span> <span class='ocrx_word' id='word_1_366' title='bbox 604 4029 628 4079; x_wconf 81' lang='lat' dir='ltr'><strong>r.</strong></span> <span class='ocrx_word' id='word_1_367' title='bbox 647 4011 678 4089; x_wconf 72' lang='grc' dir='ltr'><strong>ἧς</strong></span> <span class='ocrx_word' id='word_1_368' title='bbox 729 4019 826 4096; x_wconf 69' lang='grc' dir='ltr'><em>ἀρχήν.</em></span> <span class='ocrx_word' id='word_1_369' title='bbox 865 4027 927 4076; x_wconf 73' lang='lat' dir='ltr'><strong>rato</strong></span> <span class='ocrx_word' id='word_1_370' title='bbox 946 4035 970 4076; x_wconf 77' lang='lat' dir='ltr'><strong>n</strong></span> <span class='ocrx_word' id='word_1_371' title='bbox 988 4026 1029 4076; x_wconf 67' lang='lat' dir='ltr'><strong>rto</strong></span> <span class='ocrx_word' id='word_1_372' title='bbox 1048 4021 1105 4073; x_wconf 62' lang='lat' dir='ltr'><strong>aar</strong></span> <span class='ocrx_word' id='word_1_373' title='bbox 1123 4017 1173 4083; x_wconf 66' lang='grc' dir='ltr'><strong>τὴν</strong></span> <span class='ocrx_word' id='word_1_374' title='bbox 1190 4013 1286 4089; x_wconf 64' lang='grc' dir='ltr'><em>ἀρχήν.</em></span> 
     </span>
    </p>
   </div>
   <div class='ocr_carea' id='block_1_4' title="bbox 61 4087 1321 4260">
    <p class='ocr_par' dir='ltr' id='par_1_15' title="bbox 61 4087 1321 4260">
     <span class='ocr_line' id='line_1_37' title="bbox 61 4087 1321 4180; baseline 0.007 -18"><span class='ocrx_word' id='word_1_375' title='bbox 61 4087 161 4164; x_wconf 53' lang='grc' dir='ltr'><strong>ΜΨ·</strong></span> <span class='ocrx_word' id='word_1_376' title='bbox 195 4169 201 4180; x_wconf 63' lang='lat'>‚</span> <span class='ocrx_word' id='word_1_377' title='bbox 544 4165 550 4176; x_wconf 86' lang='lat'>.</span> <span class='ocrx_word' id='word_1_378' title='bbox 764 4129 786 4177; x_wconf 81' lang='lat' dir='ltr'><strong>ta.</strong></span> <span class='ocrx_word' id='word_1_379' title='bbox 805 4125 944 4176; x_wconf 73' lang='lat' dir='ltr'><strong>retorna,</strong></span> <span class='ocrx_word' id='word_1_380' title='bbox 964 4124 1321 4177; x_wconf 75' lang='lat' dir='ltr'><strong>steditioCommai.omittunt</strong></span> 
     </span>
     <span class='ocr_line' id='line_1_38' title="bbox 64 4163 1320 4260; baseline 0.002 -20"><span class='ocrx_word' id='word_1_381' title='bbox 64 4167 102 4240; x_wconf 51' lang='grc' dir='ltr'><strong>,ι</strong></span> <span class='ocrx_word' id='word_1_382' title='bbox 127 4169 230 4231; x_wconf 58' lang='lat' dir='ltr'><strong>mm·</strong></span> <span class='ocrx_word' id='word_1_383' title='bbox 260 4163 372 4218; x_wconf 55' lang='lat' dir='ltr'><strong>ss⁰b¹⁹¹²</strong></span> <span class='ocrx_word' id='word_1_384' title='bbox 397 4163 550 4214; x_wconf 62' lang='lat' dir='ltr'>F⁰¹⁰k¹¹¹⁸¹¹⁰¹</span> <span class='ocrx_word' id='word_1_385' title='bbox 571 4163 593 4213; x_wconf 72' lang='lat'><strong>¹·</strong></span> <span class='ocrx_word' id='word_1_386' title='bbox 612 4173 635 4213; x_wconf 73' lang='lat'><strong>⁰²</strong></span> <span class='ocrx_word' id='word_1_387' title='bbox 653 4163 676 4212; x_wconf 78' lang='lat'><strong>5¹</strong></span> <span class='ocrx_word' id='word_1_388' title='bbox 729 4189 777 4245; x_wconf 71' lang='lat' dir='ltr'><strong>aa&amp;</strong></span> <span class='ocrx_word' id='word_1_389' title='bbox 800 4193 850 4242; x_wconf 81' lang='grc' dir='ltr'><strong>τοῦ</strong></span> <span class='ocrx_word' id='word_1_390' title='bbox 874 4189 965 4260; x_wconf 81' lang='grc' dir='ltr'><em>λόγου.</em></span> <span class='ocrx_word' id='word_1_391' title='bbox 1004 4195 1061 4242; x_wconf 84' lang='lat' dir='ltr'><strong>ibid.</strong></span> <span class='ocrx_word' id='word_1_392' title='bbox 1086 4195 1186 4253; x_wconf 70' lang='lat' dir='ltr'><strong>sepner.</strong></span> <span class='ocrx_word' id='word_1_393' title='bbox 1212 4181 1258 4238; x_wconf 77' lang='grc' dir='ltr'><strong>ἵνα</strong></span> <span class='ocrx_word' id='word_1_394' title='bbox 1274 4183 1320 4238; x_wconf 68' lang='grc' dir='ltr'><strong>καὶ</strong></span> 
     </span>
    </p>
   </div>
   <div class='ocr_carea' id='block_1_5' title="bbox 60 4229 1319 4366">
    <p class='ocr_par' dir='ltr' id='par_1_16' title="bbox 60 4229 1319 4366">
     <span class='ocr_line' id='line_1_39' title="bbox 60 4229 1319 4366; baseline 0.022 -89"><span class='ocrx_word' id='word_1_395' title='bbox 60 4229 331 4366; x_wconf 43' lang='grc' dir='ltr'><strong>εἵῗσιέἷέ.εθιω.</strong></span> <span class='ocrx_word' id='word_1_396' title='bbox 366 4298 392 4350; x_wconf 60' lang='lat' dir='ltr'><strong>In</strong></span> <span class='ocrx_word' id='word_1_397' title='bbox 417 4299 472 4349; x_wconf 43' lang='lat' dir='ltr'><strong>offis</strong></span> <span class='ocrx_word' id='word_1_398' title='bbox 490 4307 514 4348; x_wconf 51' lang='lat' dir='ltr'><strong>et</strong></span> <span class='ocrx_word' id='word_1_399' title='bbox 532 4299 602 4349; x_wconf 49' lang='lat' dir='ltr'><strong>edim</strong></span> <span class='ocrx_word' id='word_1_400' title='bbox 621 4295 677 4346; x_wconf 52' lang='grc' dir='ltr'><strong>τῶν</strong></span> <span class='ocrx_word' id='word_1_401' title='bbox 730 4256 812 4328; x_wconf 76' lang='grc' dir='ltr'><strong>τὸμὴ</strong></span> <span class='ocrx_word' id='word_1_402' title='bbox 832 4249 909 4312; x_wconf 69' lang='lat' dir='ltr'><strong>tirou.</strong></span> <span class='ocrx_word' id='word_1_403' title='bbox 937 4263 963 4312; x_wconf 88' lang='lat' dir='ltr'><strong>ln</strong></span> <span class='ocrx_word' id='word_1_404' title='bbox 982 4261 1037 4311; x_wconf 82' lang='lat' dir='ltr'><strong>aliis</strong></span> <span class='ocrx_word' id='word_1_405' title='bbox 1055 4261 1166 4310; x_wconf 84' lang='lat' dir='ltr'><strong>etoditir</strong></span> <span class='ocrx_word' id='word_1_406' title='bbox 1184 4253 1319 4309; x_wconf 74' lang='lat' dir='ltr'><strong>doestaai.</strong></span> 
     </span>
    </p>
   </div>
   <div class='ocr_carea' id='block_1_6' title="bbox 53 4352 1320 4644">
    <p class='ocr_par' dir='ltr' id='par_1_17' title="bbox 58 4352 1320 4426">
     <span class='ocr_line' id='line_1_40' title="bbox 58 4352 1320 4426; baseline -0.007 -10"><span class='ocrx_word' id='word_1_407' title='bbox 58 4367 127 4420; x_wconf 79' lang='lat' dir='ltr'><strong>deest.</strong></span> <span class='ocrx_word' id='word_1_408' title='bbox 556 4397 563 4408; x_wconf 89' lang='lat'><strong>·</strong></span> <span class='ocrx_word' id='word_1_409' title='bbox 762 4363 780 4414; x_wconf 88' lang='lat' dir='ltr'><strong>l.</strong></span> <span class='ocrx_word' id='word_1_410' title='bbox 798 4363 897 4426; x_wconf 70' lang='lat' dir='ltr'><strong>Segaer.</strong></span> <span class='ocrx_word' id='word_1_411' title='bbox 917 4359 956 4409; x_wconf 81' lang='grc' dir='ltr'><strong>τ’</strong></span> <span class='ocrx_word' id='word_1_412' title='bbox 972 4357 1018 4410; x_wconf 77' lang='grc' dir='ltr'><strong>καὶ</strong></span> <span class='ocrx_word' id='word_1_413' title='bbox 1034 4352 1091 4410; x_wconf 78' lang='grc' dir='ltr'><strong>κατ’</strong></span> <span class='ocrx_word' id='word_1_414' title='bbox 1108 4353 1231 4414; x_wconf 70' lang='lat' dir='ltr'><strong>taetrior.</strong></span> <span class='ocrx_word' id='word_1_415' title='bbox 1257 4359 1320 4410; x_wconf 73' lang='lat' dir='ltr'><strong>utin</strong></span> 
     </span>
    </p>

    <p class='ocr_par' dir='ltr' id='par_1_18' title="bbox 53 4375 1320 4644">
     <span class='ocr_line' id='line_1_41' title="bbox 85 4375 1320 4508; baseline -0.009 -19"><span class='ocrx_word' id='word_1_416' title='bbox 85 4437 107 4486; x_wconf 88' lang='lat' dir='ltr'><strong>b.</strong></span> <span class='ocrx_word' id='word_1_417' title='bbox 126 4441 244 4504; x_wconf 73' lang='lat' dir='ltr'><strong>Segner.</strong></span> <span class='ocrx_word' id='word_1_418' title='bbox 268 4443 299 4487; x_wconf 86' lang='lat' dir='ltr'><strong>et</strong></span> <span class='ocrx_word' id='word_1_419' title='bbox 323 4425 501 4500; x_wconf 46' lang='lat' dir='ltr'><strong>Rapinium.</strong></span> <span class='ocrx_word' id='word_1_420' title='bbox 529 4432 679 4494; x_wconf 76' lang='lat' dir='ltr'><strong>Editietaiii</strong></span> <span class='ocrx_word' id='word_1_421' title='bbox 729 4437 753 4484; x_wconf 85' lang='lat' dir='ltr'><strong>et</strong></span> <span class='ocrx_word' id='word_1_422' title='bbox 771 4431 810 4482; x_wconf 86' lang='lat' dir='ltr'><strong>aiii</strong></span> <span class='ocrx_word' id='word_1_423' title='bbox 831 4429 867 4495; x_wconf 75' lang='grc' dir='ltr'><strong>τῷ</strong></span> <span class='ocrx_word' id='word_1_424' title='bbox 885 4375 1086 4507; x_wconf 56' lang='lat' dir='ltr'><strong>epytafium.</strong></span> <span class='ocrx_word' id='word_1_425' title='bbox 1116 4431 1320 4508; x_wconf 60' lang='lat' dir='ltr'><strong>ibidemsenutjc</strong></span> 
     </span>
     <span class='ocr_line' id='line_1_42' title="bbox 53 4487 1320 4568; baseline -0.014 -10"><span class='ocrx_word' id='word_1_426' title='bbox 53 4495 178 4568; x_wconf 66' lang='grc' dir='ltr'><strong>ἤρξαντο.</strong></span> <span class='ocrx_word' id='word_1_427' title='bbox 213 4503 421 4566; x_wconf 74' lang='lat' dir='ltr'><strong>Paniopoatse</strong></span> <span class='ocrx_word' id='word_1_428' title='bbox 455 4493 582 4568; x_wconf 74' lang='grc' dir='ltr'><strong>,ἤρξατο</strong></span> <span class='ocrx_word' id='word_1_429' title='bbox 600 4487 677 4550; x_wconf 75' lang='grc' dir='ltr'><strong><em>εἶναι.</em></strong></span> <span class='ocrx_word' id='word_1_430' title='bbox 730 4507 753 4550; x_wconf 86' lang='lat' dir='ltr'><strong>et</strong></span> <span class='ocrx_word' id='word_1_431' title='bbox 771 4491 929 4561; x_wconf 63' lang='lat' dir='ltr'><strong>deponitor</strong></span> <span class='ocrx_word' id='word_1_432' title='bbox 947 4489 1082 4564; x_wconf 71' lang='grc' dir='ltr'><em>ιἰναρχως.</em></span> <span class='ocrx_word' id='word_1_433' title='bbox 1118 4497 1197 4548; x_wconf 80' lang='lat' dir='ltr'><strong>Cetera</strong></span> <span class='ocrx_word' id='word_1_434' title='bbox 1216 4504 1240 4546; x_wconf 84' lang='lat' dir='ltr'><strong>ot</strong></span> <span class='ocrx_word' id='word_1_435' title='bbox 1263 4494 1320 4544; x_wconf 85' lang='lat' dir='ltr'><strong>edm</strong></span> 
     </span>
     <span class='ocr_line' id='line_1_43' title="bbox 54 4518 957 4644; baseline -0.01 -24"><span class='ocrx_word' id='word_1_436' title='bbox 54 4571 166 4644; x_wconf 71' lang='lat' dir='ltr'><strong>Petriana.¹</strong></span> <span class='ocrx_word' id='word_1_437' title='bbox 178 4576 207 4627; x_wconf 76' lang='grc'><strong>4.</strong></span> <span class='ocrx_word' id='word_1_438' title='bbox 231 4565 367 4640; x_wconf 74' lang='grc' dir='ltr'><strong><em>ἤρξατο,</em></strong></span> <span class='ocrx_word' id='word_1_439' title='bbox 388 4518 452 4620; x_wconf 64' lang='grc' dir='ltr'><strong>0ὗῇ</strong></span> <span class='ocrx_word' id='word_1_440' title='bbox 470 4579 515 4622; x_wconf 84' lang='lat' dir='ltr'><strong>etc.</strong></span> <span class='ocrx_word' id='word_1_441' title='bbox 731 4557 813 4620; x_wconf 76' lang='lat' dir='ltr'><strong>aritia</strong></span> <span class='ocrx_word' id='word_1_442' title='bbox 830 4557 957 4631; x_wconf 73' lang='grc' dir='ltr'><strong>ἄναρχος.</strong></span> 
     </span>
    </p>
   </div>
   <div class='ocr_carea' id='block_1_7' title="bbox 0 0 1558 5056">
    <p class='ocr_par' dir='ltr' id='par_1_19' title="bbox 0 0 1558 5056">
     <span class='ocr_line' id='line_1_44' title="bbox 0 0 1558 5056; baseline 0 3"><span class='ocrx_word' id='word_1_443' title='bbox 0 0 1558 5056; x_wconf 95' lang='lat' dir='ltr'><strong> </strong></span> 
     </span>
    </p>
   </div>
  </div>
 </body>
</html>
