2960 5026
502 247 620 293 conant
634 247 853 292 urceumtamu
869 225 957 293 nmen
972 249 1003 294 rr.

131 399 264 462 ebolus
292 399 332 462 ad
353 399 453 462 lesum
477 407 510 461 ut
531 398 568 460 ad
590 397 741 460 hominem
763 397 937 472 accedebat,
970 399 1022 460 sed
1051 417 1116 462 cnm
1139 399 1170 460 in
1192 417 1229 462 ec
1347 419 1348 460 ι

131 502 340 582 perindueti
363 501 486 564 seminis
510 501 632 580 vestigia
661 519 722 562 non
744 501 892 580 reperiret
913 519 1009 580 neque
1036 501 1126 562 ullum
1156 501 1185 561 in
1214 520 1253 581 pra
1347 509 1348 562 l

131 604 296 666 natione
320 621 525 683 progressum,
548 609 707 682 superatus
730 621 796 664 cum
818 602 933 680 pudore
954 602 1047 664 cessit
1064 602 1254 684 debilitatusq
1347 623 1348 664 ι

131 709 196 767 uis
226 716 281 768 eet
305 709 379 779 iste,
410 709 462 786 pua'
481 709 564 768 uenit
586 707 621 766 de
641 704 751 776 Edam,
782 705 844 786 noc·
863 713 909 766 est
931 711 1068 766 exterra
1090 703 1256 786 hominum
1347 729 1348 760 ι

135 826 190 868 ms
218 805 383 868 violenter
406 825 472 869 aum
492 803 703 886 fortitudine?
738 805 851 868 Idcirco
874 804 971 868 aiebat
985 804 1146 867 Dominus:
1173 805 1255 868 Venit
1347 851 1348 862 ,

131 927 186 988 ps
222 909 343 970 mundi
368 908 458 970 duim
487 918 517 971 et
545 911 577 970 dc
603 926 650 970 ma
671 907 751 970 aemi
771 911 903 978 inuenit,
936 924 1114 986 quamquam
1136 915 1165 969 et
1186 907 1258 968 anim
1347 929 1348 970 ι

131 1027 237 1090 ‚rpus
264 1018 424 1089 totumque
446 1010 576 1089 primum
598 1010 740 1072 Adamum
769 1007 926 1070 didicimus
960 1008 1123 1072 secundnm
1143 1008 1257 1071 Adamu

131 1113 241 1174 aisse.
290 1113 367 1174 Nam
389 1111 415 1172 si
438 1111 508 1176 illud
530 1113 609 1174 natat
635 1112 673 1174 de
693 1110 859 1174 substantia
880 1110 1010 1172 hominis
1033 1110 1191 1184 diceretur,
1214 1129 1260 1190 qm
1347 1145 1348 1158 ι

131 1216 247 1278 ,εἰιιίΙιι
272 1232 387 1293 corpus
410 1214 523 1276 invenit
545 1215 626 1285 eius,
660 1213 711 1292 qui
740 1213 855 1275 dixerat
882 1211 982 1276 nteit?
1026 1213 1085 1276 Sed
1108 1212 1262 1275 nihilium
1347 1267 1348 1270 ,

131 1318 168 1378 lo
198 1316 348 1378 diabolus
372 1335 407 1378 ex
429 1315 478 1390 iis,
502 1334 576 1396 quae
598 1316 629 1378 in
651 1315 748 1395 primo
771 1315 893 1378 homine
908 1323 1048 1395 operatus
1065 1315 1131 1394 ipsa
1152 1315 1257 1388 luerat,
1347 1335 1348 1376 ι

132 1439 154 1480 a
186 1418 384 1482 destructum
407 1425 456 1479 est
477 1418 507 1478 in
523 1417 641 1479 Christo
658 1425 823 1496 peccatum,
846 1417 1040 1496 quamobrem
1055 1416 1208 1496 Scriptura
1224 1427 1264 1478 tes
1347 1435 1348 1450 ι

131 1523 193 1594 tui
213 1533 378 1600 peccatum
399 1538 462 1582 noa
482 1520 564 1599 serit,
587 1537 642 1582 aaa
664 1531 708 1582 est
728 1523 872 1582 inuentus
895 1517 984 1580 dolus
1006 1522 1040 1579 a'a
1062 1536 1116 1580 ora
1137 1521 1213 1580 eius.

218 1625 271 1684 ll.
320 1621 379 1682 Cur
400 1619 499 1698 itaquo
521 1619 634 1682 dicitis:
669 1619 880 1699 „impossibile
908 1627 955 1680 est
982 1619 1134 1680 hominem
1162 1628 1267 1698 acapt
1347 1637 1348 1680 ι

131 1722 291 1796 ,liberum
315 1740 400 1792 csse,
424 1722 474 1801 qui
497 1721 589 1782 semel
611 1720 641 1782 in
664 1720 861 1801 captivitatem
884 1727 967 1784 actus
989 1719 1079 1782 sit‘l“
1108 1730 1140 1784 ut
1162 1720 1269 1800 impote
1347 1740 1348 1782 3

131 1823 255 1902 puidam
278 1823 353 1895 Dec,
376 1823 538 1901 potentiam
560 1841 630 1884 vero
653 1822 772 1884 diabolo
795 1822 980 1894 adtribuatis,
1004 1821 1073 1884 dum
1096 1822 1193 1884 dicitis
1215 1841 1270 1902 pec
1347 1842 1348 1884 1

131 1925 162 1984 lb
190 1924 270 2016 ipso·
294 1923 447 1986 inductum
468 1943 619 2004 nunqnam
642 1925 673 1986 in
694 1924 848 1986 hominum
871 1935 976 1986 natura
1003 1923 1117 1986 destrui
1145 1943 1238 2004 posse
1265 1933 1272 1996 t
1347 1943 1348 1986 ι

131 2025 245 2087 >aeteri
258 2025 352 2100 ¹nitunt
373 2026 543 2101 haeretiei),
573 2045 609 2088 ao
630 2045 663 2087 ea
686 2026 723 2086 de
746 2043 832 2088 cansa
856 2025 972 2087 venisse
994 2025 1190 2099 divinitatem,
1219 2045 1273 2105 qna
1347 2051 1348 2087 l

131 2127 212 2188 >tiva
235 2144 388 2206 nunquam
410 2129 514 2201 luerat,
537 2128 567 2189 in
591 2126 784 2190 similitudine
806 2126 903 2190 earnis
927 2135 957 2189 et
978 2126 1111 2200 animae,
1133 2135 1166 2188 ut
1186 2127 1251 2207 ipsa
1347 2130 1348 2190 i

131 2229 225 2290 ritate
247 2227 342 2290 libera
365 2247 485 2308 semper
507 2238 642 2290 maneret
663 2239 692 2290 et
714 2229 758 2292 sic
779 2228 891 2290 iustitia
914 2247 986 2307 pura
1009 2235 1177 2309 appareret.
1223 2229 1276 2302 Qm
1347 2259 1348 2280 ι

131 2347 205 2390 nam
229 2328 320 2407 igitur
341 2327 502 2390 divinitatis
525 2329 637 2391 institia
658 2348 732 2408 pura
754 2348 815 2390 non
838 2328 916 2390 luit?
952 2329 990 2390 Et
1007 2329 1155 2409 quodnam
1171 2330 1201 2391 in
1217 2331 1277 2392 istis
1347 2351 1348 2410 ι

131 2430 277 2492 lromines
299 2429 486 2501 beneficium,
510 2429 568 2492 nisi
592 2447 658 2492 cnm
681 2430 784 2492 eadem
807 2429 964 2492 existentia
989 2439 1019 2492 et
1041 2431 1071 2492 in
1095 2439 1218 2494 naturae
1241 2451 1278 2494 no
1347 2441 1348 2496 l

131 2529 328 2611 apparuisset
347 2530 512 2604 dominus,
542 2539 575 2592 ut
596 2531 637 2592 ait
658 2530 834 2609 Apostolus:
868 2531 967 2603 Quom
995 2535 1153 2594 innovavit
1181 2535 1267 2595 nodis
1347 2553 1348 2594 ι

131 2651 251 2697 novom
272 2643 300 2694 ct
321 2635 483 2704 viventem,
513 2631 630 2694 dicens:
659 2633 721 2714 Epo
745 2629 812 2694 cum
834 2636 899 2701 vio,
923 2635 1037 2695 ueritas
1060 2644 1089 2694 ct
1109 2631 1198 2695 vito?
1241 2635 1279 2695 Sc
1347 2635 1348 2695 l

134 2735 207 2796 citis
231 2733 422 2796 similitudine
444 2744 474 2795 et
495 2734 660 2798 imitatione
681 2735 806 2797 salutem
830 2733 972 2812 consequi
994 2750 1059 2803 ecs,
1082 2733 1131 2811 qul
1151 2733 1283 2808 eredunt,
1347 2769 1348 2784 ι

137 2836 336 2898 renovatione
357 2855 392 2898 ac
412 2837 488 2916 ipsis
511 2835 662 2917 primitiis.
707 2837 774 2908 Quo
796 2845 882 2916 pacto
907 2853 977 2914 ergo
992 2834 1208 2914 primogenitus
1223 2835 1284 2897 inu
1347 2839 1348 2898 l

137 2938 280 3000 fratribus
303 2947 333 3000 et
353 2937 501 3017 primitiae
524 2937 734 3000 dormientium
757 2938 892 3000 Christus
915 2955 985 2998 esse
1006 2935 1113 3016 potnit,
1140 2942 1195 3019 put·
1214 2950 1285 3004 estc
1347 2979 1348 3000 ι

144 3043 285 3120 corporis
306 3038 481 3102 Ecclesiae?
525 3039 627 3120 Neque
657 3039 735 3101 enim
764 3039 838 3102 tides
867 3040 1019 3100 evidenter
1046 3057 1193 3118 apparens
1216 3041 1287 3102 fides
1347 3065 1348 3098 ι

144 3143 291 3221 potuerim
313 3159 414 3203 verum
436 3141 510 3202 fides
535 3152 591 3214 est,
614 3159 689 3220 quae
712 3141 792 3222 quod
808 3141 992 3222 impossibile
1008 3149 1054 3202 est
1072 3141 1102 3201 in
1125 3143 1267 3220 potentia,
1347 3167 1348 3200 ι

147 3241 292 3304 infirmnm
314 3244 343 3306 in
367 3245 486 3317 virtute,
509 3243 589 3323 quod
610 3243 755 3325 passibile
771 3244 802 3306 in
818 3241 1062 3323 impassibilitate,
1084 3244 1165 3322 quod
1180 3263 1288 3325 corrup
1347 3245 1348 3308 l

148 3343 181 3404 in
202 3343 429 3424 incorruptione,
453 3347 533 3425 quod
555 3346 679 3408 mortale
694 3346 724 3408 in
740 3345 960 3408 immortalitate
975 3363 1042 3407 csse
1057 3345 1159 3406 credit.
1192 3344 1289 3426 Myste
1347 3367 1348 3408 ι

153 3445 208 3506 ltoc
228 3464 363 3526 mopncm
384 3461 442 3519 cst,
471 3457 504 3510 nt
525 3448 566 3509 ait
586 3447 765 3527 Apostolus,
798 3465 849 3526 epo
881 3459 982 3510 autem
1005 3447 1068 3506 dico
1090 3449 1123 3506 in
1146 3445 1292 3508 Christo·
1347 3451 1348 3504 l

154 3545 290 3608 Ecclesia.
332 3546 399 3608 Non
421 3547 500 3608 enim
522 3548 778 3622 centensimus,
808 3555 841 3608 ut
862 3565 931 3608 sese
952 3546 1140 3618 institerant,
1174 3561 1271 3625 neque
1347 3565 1348 3610 ι

191 3797 264 3848 asic
285 3797 383 3860 Seguar.
414 3799 512 3850 Gobler.
541 3805 564 3849 ot
588 3797 692 3850 Felclrm.
711 3800 733 3850 1.
785 3791 815 3848 lv
839 3789 1002 3865 ὁμοιώματι.
1049 3797 1112 3848 Editl
1141 3812 1197 3848 uero
1229 3807 1253 3849 et
1279 3799 1297 3850 al
1347 3829 1348 3848 t

160 3865 218 3916 Edlti
234 3881 284 3915 iero
302 3874 323 3915 ot
347 3867 435 3916 caeteri
455 3881 512 3916 mss.
536 3861 582 3914 καὶ
600 3858 664 3914 ὅλον
680 3855 735 3933 εἶχε
787 3859 924 3934 ὁμοιώσει.

160 3928 206 3981 τὸν
222 3933 324 4000 πρῶτον
341 3927 356 3981 ὃ
375 3929 500 4002 δεύτερος
514 3925 606 3999 Ἀδάμ.
775 3928 777 3942 “
820 3951 841 3998 g.
861 3936 960 3997 Seguer.
979 3933 1068 3996 lnglio.
1093 3933 1165 3982 Basil.
1188 3933 1294 3984 Felelm.

193 4002 214 4050 d.
231 4003 318 4052 Gobler.
331 4011 356 4052 at
364 4003 466 4052 Felclm.
483 3996 559 4052 1.καί
572 3993 621 4068 οὐχ
636 3995 733 4070 εὑρέθη
786 4004 811 4053 5.
829 3995 905 4050 πότε.
943 4002 994 4050 llox
1013 4004 1112 4063 Sopater.
1133 4002 1230 4052 Golrlcr.
1249 4010 1273 4051 et
1290 4003 1300 4052 l

162 4062 241 4122 dailos.
275 4069 323 4119 llcx
343 4071 414 4120 iidem
432 4067 490 4122 nuic
509 4057 557 4118 cdv
574 4064 655 4134 llere.
788 4071 868 4122 manni
890 4071 910 4120 l.
928 4063 975 4117 καὶ
992 4064 1033 4122 τίς
1051 4061 1080 4117 ἐν
1097 4063 1214 4122 τούτοις.

195 4155 214 4187 e.
230 4139 319 4200 Segnur.
338 4130 536 4203 προςαγάγητε.
582 4139 655 4188 Paulo
679 4147 736 4203 post
821 4140 844 4189 lt.
864 4139 962 4199 Seguer.
988 4128 1170 4186 ’canwoloec

164 4199 736 4268 Segesamuncuuoter.ettelctm.1.lv
822 4207 837 4256 i.
863 4207 963 4268 Sepuar.
1019 4203 1246 4255 bleretlclclm.
1266 4204 1288 4254 1.
1347 4216 1348 4252 ι

164 4273 194 4338 τῇ
217 4265 289 4340 φύσει
312 4272 368 4322 τῶν
396 4265 562 4341 ἀνθρώπων.
599 4275 661 4324 Editi
679 4290 735 4325 aero
787 4265 889 4334 ἀδήλου
907 4269 1056 4339 φερομένη.
1087 4274 1176 4336 duplic.
1186 4265 1257 4320 κατὰ
1276 4263 1306 4320 o'ru
1347 4297 1348 4312 ι

168 4333 390 4394 caruaninse&
407 4341 440 4410 τῇ
459 4335 543 4408 φύσει
561 4341 609 4390 τοῦ
628 4333 736 4408 ἀνθρώ·
787 4337 951 4410 φαινομένη.
990 4341 1041 4390 lior
1065 4341 1205 4403 chueriau.
1231 4341 1309 4392 Goble

169 4421 222 4456 nou.
787 4411 893 4460 Felelm.
912 4411 933 4459 l.
951 4401 1127 4460 πιστεύουσα.
1164 4411 1227 4460 Editi
1246 4417 1272 4458 ct
1290 4408 1312 4457 al
1347 4421 1348 4454 ι

199 4478 213 4525 l.
234 4479 321 4542 Segocr.
341 4477 438 4530 Gohler.
453 4477 545 4542 anglic.
563 4487 587 4530 ct
599 4478 703 4530 Fclclrm.
715 4477 735 4528 l.
788 4471 932 4527 aedoeon.
1347 4511 1348 4514 ,
