3118 5052
504 367 613 410 oacrio
629 369 661 410 ιι.
678 369 793 412 concas
809 366 944 414 ιιιιιιιιιιιι.
1261 357 1325 422 att

27 501 35 516 '
101 521 212 584 ranem
236 518 351 580 sarim
372 515 490 580 nomm
511 517 609 609 noser
632 517 700 582 rese
723 517 832 582 censo
855 532 1114 601 nonagensimo.
1157 525 1207 587 se
1228 525 1412 589 usur-rm.

99 621 194 694 claci,
228 620 359 700 Phryges
382 627 412 680 et
432 619 655 682 Samosateuais
678 620 833 700 discipuli,
861 623 995 701 quamvis
1017 625 1172 702 proterunt
1192 627 1323 710 nomina,

99 722 289 785 nihilominus
317 729 388 784 sunt
414 721 565 784 haeretici.
610 721 660 783 Sic
689 721 777 784 etiarn
800 721 908 784 deinde
930 725 977 796 lti,
1000 725 1048 804 qni
1071 745 1137 788 cum
1158 728 1229 789 Ario
1252 742 1411 792 seu-amu.

99 825 182 896 tiunt,
206 823 274 884 licet
295 841 370 903 quae
383 823 495 913 ¹scripta
510 831 582 886 sant
595 822 721 885 recitent
735 833 766 885 et
781 825 901 886 nomina
917 827 1124 906 pronuncient,
1146 848 1200 891 eos
1216 839 1325 905 tamen,

100 927 144 1005 qui
168 925 286 986 abillis
309 925 456 1005 accipiunt
468 924 663 1004 Baptismtun,
686 909 838 1004 decipiunt
860 934 890 988 et
911 926 1044 1002 eludunt,
1066 947 1132 990 oum
1150 930 1238 1009 louge
1259 951 1325 995 rna-

99 1027 141 1088 ior
164 1025 204 1088 sit
225 1027 360 1106 ipsorum
382 1025 519 1105 impietas
541 1044 628 1105 qnam
651 1035 819 1090 ceterorum
842 1027 1075 1104 haereticorum,
1108 1050 1184 1110 quos
1213 1034 1325 1096 munim

100 1128 404 1208 praetergrediuntur,
435 1135 468 1188 ut
494 1127 584 1190 etiam
612 1147 666 1190 sua
694 1147 767 1207 prae
794 1128 973 1209 loquacitate
1001 1131 1087 1212 culpa
1108 1131 1192 1194 liberi
1216 1134 1257 1198 illi
1279 1136 1326 1196 ai·

99 1230 231 1292 deantur
276 1228 435 1292 Enimvero
457 1228 505 1290 alii
530 1229 669 1292 haeretici
692 1230 831 1309 quiddam
853 1240 972 1311 praeter
988 1233 1141 1296 veritatem
1156 1243 1227 1297 suut
1240 1253 1326 1298 conr·

100 1331 208 1404 menti,
236 1332 275 1394 ita
298 1340 331 1394 ut
352 1331 397 1394 vel
420 1349 523 1394 eorum
547 1350 633 1392 error
655 1331 732 1394 circa
754 1331 872 1395 llomini
893 1353 1003 1415 corpus
1025 1344 1176 1410 versetur,
1199 1356 1327 1418 eumque

101 1451 137 1494 ex
157 1432 379 1512 llariallirgine
401 1451 519 1496 carnem
541 1441 651 1512 negent
672 1433 826 1510 hahuisse,
848 1435 894 1496 vel
915 1435 1097 1498 contendant
1117 1445 1243 1502 mortem
1266 1458 1326 1503 non

99 1532 237 1610 subiisse,
259 1553 316 1597 neo
336 1536 442 1596 lactum
465 1533 524 1596 ullo
548 1535 637 1596 modo
661 1553 729 1597 esse
751 1535 921 1610 homiuem,
944 1537 997 1598 sed
1021 1537 1119 1600 solriru
1141 1541 1327 1620 apparuisse,
1410 1531 1416 1546 ’

97 1653 156 1698 nou
178 1647 278 1700 autem
299 1655 402 1700 revera
422 1636 533 1710 luisse,
564 1655 673 1716 corpus
695 1635 832 1699 similiter
854 1639 970 1717 specie,
1001 1657 1062 1701 non
1084 1659 1154 1703 uere
1176 1643 1326 1719 hahuisse,

96 1737 227 1818 denique
246 1738 399 1800 hominem
421 1738 518 1800 visum
542 1737 683 1800 duntaxat
704 1738 810 1812 luisse,
833 1757 870 1800 eu
893 1740 983 1802 modo
1005 1759 1065 1821 quo
1087 1741 1149 1804 visa
1172 1745 1327 1808 somnian-

94 1837 174 1900 tibus
207 1847 376 1901 occurrunt.
418 1839 519 1902 Ariani
547 1847 647 1902 autem
676 1848 778 1918 aperte
807 1840 837 1901 in
870 1839 967 1920 ipsum
995 1842 1113 1905 Patrem
1142 1843 1225 1926 impii
1247 1853 1327 1922 ιιιιιι,

97 1940 185 2002 ouius
205 1941 398 2016 diuinitatem,
421 1959 508 2020 quana
531 1942 565 2008 in
583 1939 658 2002 Filio
682 1949 820 2021 tanquam
842 1941 873 2004 iu
896 1942 1024 2023 imagine
1047 1944 1209 2026 Scripturis
1233 1957 1327 2010 testa·

94 2049 152 2103 tam
163 2041 316 2135 ,audinum
345 2041 536 2122 blasphemiis
564 2042 673 2104 audent
694 2041 884 2123 impugnare,
916 2063 981 2107 eam
1003 2055 1130 2108 creatam
1154 2066 1222 2111 esse
1244 2051 1326 2112 altir-

94 2152 229 2217 mantes,
257 2151 289 2206 et
315 2163 503 2225 quocumque
526 2163 559 2207 se
581 2145 777 2219 contulerint,
808 2146 941 2210 voculam
964 2148 1042 2210 hano
1062 2168 1126 2212 nou
1148 2161 1216 2214 erut
1238 2151 1327 2214 veludi

92 2263 222 2308 coenum
246 2247 276 2307 iu
298 2265 368 2327 pera
392 2265 494 2308 seeum
517 2246 738 2320 circumierunt,
761 2247 863 2329 sicque
886 2259 919 2311 ut
936 2269 1062 2331 serpens
1076 2251 1163 2338 virus
1176 2261 1326 2316 evomunt

91 2345 208 2410 usaue
230 2366 300 2410 aero
323 2348 440 2428 quando
463 2347 582 2410 illorum
605 2348 752 2410 sententia
775 2367 915 2412 nauseam
937 2351 1015 2432 parit
1043 2352 1198 2426 omuibus,
1228 2354 1326 2416 couti-

91 2467 154 2510 nuo
178 2450 341 2512 humanum
363 2450 543 2530 praesidium
574 2451 838 2532 auctoritatemque
860 2451 985 2514 labantis
1007 2454 1141 2517 haeresis
1163 2455 1327 2518 fulciendae

91 2569 184 2614 musa
207 2551 391 2614 substituunt
413 2560 444 2614 et
464 2559 646 2632 supponunt,
669 2561 703 2614 ut
723 2553 789 2614 eius
811 2562 934 2633 aspectu
956 2563 1007 2616 aut
1028 2564 1107 2618 metu
1129 2575 1216 2636 quam
1239 2558 1328 2620 noxia

89 2653 131 2716 sit
154 2654 248 2734 impia
270 2657 405 2736 ipsorum
428 2654 561 2716 doctrine
584 2636 833 2734 non'intelligcnt
856 2656 1045 2722 incautiores.
1089 2657 1133 2718 dn
1156 2677 1217 2718 uon
1240 2658 1329 2737 igitur

87 2756 287 2819 miseratione
309 2757 389 2836 digni
411 2764 496 2829 sunt,
518 2757 569 2836 qui
592 2756 632 2818 ita
654 2755 864 2835 decipiuntur?
906 2757 950 2818 dn
973 2774 1034 2818 nun
1056 2776 1110 2820 eos
1133 2777 1259 2838 aequum
1282 2767 1330 2821 est

88 2859 224 2933 daero,
253 2857 304 2939 qui
332 2858 483 2940 praesenti
512 2857 705 2938 mendacique
728 2858 909 2938 voluptatum
933 2857 1033 2938 specie
1056 2859 1122 2922 victi
1145 2879 1230 2922 suum
1253 2878 1326 2942 pro-

89 2959 172 3022 dunt
193 2960 383 3023 commodum
406 2969 436 3022 et
458 2961 555 3022 lutura
584 2979 638 3040 spe
670 2957 802 3022 cadunt?
846 2959 905 3033 Qui
939 2961 1018 3022 enim
1049 2960 1078 3022 in
1109 2961 1230 3024 nomine
1252 2961 1327 3036 eius,

86 3051 143 3141 qui
166 3061 267 3124 nullus
290 3069 345 3135 cst,
366 3062 549 3142 Baptismum
573 3061 709 3124 videntur
730 3061 873 3142 accipere,
897 3061 969 3124 nihil
993 3072 1073 3125 certe
1096 3051 1250 3143 accspicnt,
1273 3062 1327 3126 sed

84 3163 135 3225 rei
162 3171 279 3226 mentae
307 3164 455 3226 coniuncti
480 3163 650 3228 nullumab
674 3183 707 3226 ea
723 3175 945 3244 consequentur
966 3165 1116 3228 auxilium.
1161 3165 1233 3228 Cum
1256 3165 1326 3228 itam

84 3263 119 3326 in
145 3282 214 3326 rem
243 3269 349 3326 natura
377 3285 393 3327 a
423 3265 510 3328 Patre
532 3266 658 3328 alienam
680 3274 710 3328 et
730 3265 905 3328 dissimilem
926 3266 1015 3328 iidem
1046 3267 1182 3341 credant,
1216 3267 1327 3330 nullam

85 3385 215 3446 quoque
236 3386 303 3428 mm
325 3386 360 3429 eo
383 3367 624 3430 coniunctionem
646 3376 714 3430 sunt
736 3367 883 3443 habituri,
915 3369 1025 3449 quippe
1047 3369 1097 3448 qui
1120 3369 1274 3450 proprium
1297 3377 1328 3432 et

84 3471 201 3530 natura
223 3487 259 3530 ex
280 3467 367 3531 Patre
389 3468 520 3548 genitum
543 3487 604 3530 non
626 3468 754 3533 habeant
775 3470 891 3544 Filium,
914 3469 965 3552 qui
987 3479 1018 3532 et
1039 3469 1158 3550 ipsein
1171 3471 1259 3534 Patre
1281 3478 1329 3533 est

85 3577 120 3630 et
142 3569 177 3632 in
200 3587 261 3650 quo
283 3578 329 3632 est
351 3568 489 3632 similiter
516 3570 621 3644 Pater,
655 3579 687 3632 ut
713 3569 792 3634 idem
815 3579 954 3634 testatur.
970 3569 1079 3648 Filius,
1114 3573 1167 3634 sed
1196 3572 1327 3634 infelices

85 3669 212 3732 illorum
240 3669 431 3734 circumventi
461 3671 744 3751 improbitatenudi
766 3675 854 3754 plane
875 3682 906 3736 et
927 3674 1059 3736 destituti
1082 3673 1235 3736 divinitate
1256 3691 1327 3752 per·

82 3781 223 3834 manent.
269 3772 331 3834 Nec
360 3771 439 3834 enim
472 3773 556 3853 ipsos
588 3774 751 3838 morientes
785 3784 946 3856 sequentur
974 3775 1085 3838 lallaoia
1114 3785 1210 3837 terrae
1239 3773 1327 3848 bona,

79 3981 681 4128 natael
736 3993 1327 4128 retacta-m'tarnenna

121 4131 141 4178 l.
166 4129 259 4190 licant
278 4129 417 4180 terrama.
437 4121 576 4190 virique
611 4131 684 4180 lidcua
771 4133 793 4180 t.
812 4133 911 4194 Sopater.
931 4134 987 4193 tteq.
1007 4129 1327 4181 Golaler.l‘elclm.l.etb.

78 4205 107 4246 et
127 4195 239 4246 Felsina.
259 4197 284 4248 i.
303 4195 403 4245 τοῦτον
419 4191 620 4267 προβάλλονται
737 4189 806 4246 ὄντα
822 4191 853 4246 lv
869 4197 908 4263 aqi
926 4192 1018 4263 πατρί.
1055 4196 1099 4247 Alii
1120 4205 1143 4246 et
1161 4198 1234 4246 editio
1254 4199 1341 4248 Com-2

118 4279 146 4326 g.
171 4264 274 4314 Fetclm.
294 4263 317 4314 2
336 4273 360 4314 et
377 4267 449 4316 editio
468 4267 586 4316 cannot.
604 4257 687 4319 statu
737 4267 793 4316 mel.
812 4255 880 4314 eino
898 4265 937 4332 aqi
955 4260 1047 4332 πατρί.
1082 4265 1133 4316 lion
1152 4265 1252 4328 Sequor.
1272 4269 1328 4330 lteg.

78 4324 684 4400 dpcaapo.caenmssadutrdsmptqncpa.
737 4333 835 4385 Gubler.
860 4335 956 4384 Fcis-tua
987 4333 1008 4384 i.
1027 4339 1050 4381 et
1068 4333 1091 4383 5.
1115 4327 1192 4400 παρὰ
1213 4326 1326 4386 τούτων,

117 4403 146 4450 m
172 4401 272 4458 signer.
290 4409 314 4448 et
332 4401 437 4452 l'elolm.
458 4403 479 4451 l.
497 4402 633 4452 κατανοεῖ.
736 4403 799 4452 ΕιΙίιὶ
819 4403 899 4451 etalii
919 4393 972 4449 ciui
993 4393 1105 4452 τούτων.
1141 4403 1234 4454 laidem
1253 4404 1325 4454 dasii.

117 4469 138 4516 i.
161 4469 264 4526 Separat.
285 4469 383 4520 Golrler.
401 4470 507 4520 tetram.
528 4471 549 4520 l.
561 4471 618 4520 ati.
637 4463 685 4518 διὰ
736 4463 834 4518 λοιπὸν
851 4461 1018 4535 inopinatos.

78 4529 137 4588 τὰς
159 4523 271 4591 ἡδονάς.
304 4537 365 4586 tdditi
377 4545 400 4588 et
410 4537 450 4587 alii
461 4530 509 4586 διὰ
517 4535 567 4616 rp’c
577 4531 685 4598 ἡδονῆς.
771 4539 788 4588 l.
807 4541 878 4602 Sego.
903 4531 966 4587 odet
983 4531 1038 4616 γᾶς
1058 4529 1121 4589 oddt
1137 4530 1324 4598 ἀκολουθήσει.-

75 4604 141 4652 lox
164 4603 257 4665 anglic.
276 4595 304 4652 oi
320 4597 375 4673 γὰρ
392 4597 443 4653 τὸν
460 4597 509 4656 ocia
527 4619 605 4662 oeta,
624 4613 686 4656 utet
736 4605 798 4656 tutu.
816 4607 922 4656 Felclm.
941 4607 965 4657 ὅ.
983 4619 1103 4661 recrees.
