3056 5064
615 435 787 480 raisrarrc.
1274 423 1313 484 41

93 577 201 640 multos
223 596 317 644 annos
340 585 536 665 cogitaverat,
565 587 709 650 librorum
734 583 877 648 delectum
899 583 1039 648 condano
1061 597 1160 650 mente
1183 587 1315 666 volvens,

91 678 217 742 selectos
246 681 361 746 iteratis
387 687 499 750 vicibus
523 690 679 770 explorans
702 697 921 766 retractansquc
941 695 972 748 et
993 687 1040 749 vix
1062 707 1096 750 ac
1116 705 1155 752 tte
1176 690 1224 752 via
1245 690 1313 770 qai-

87 781 154 844 dcm
178 783 240 845 sihi
263 787 466 864 satisfaciens,
501 809 561 854 non
594 791 652 852 nisi
675 788 822 870 locuplete
845 787 969 868 quadam
992 789 1062 852 dole
1083 792 1316 855 commendatam

88 881 118 943 in
140 883 238 946 lucem
261 886 409 966 publicam
432 891 608 955 dimissurus
630 891 746 954 luisset.
791 889 883 954 Periit
904 889 1314 973 igimrnovusquidamlru-
1377 877 1383 894 ⁸

1 1037 2 1049 ,
93 993 157 1046 dtas
178 1005 287 1050 eornm
310 991 486 1068 studiorum,
512 994 619 1074 quibus
641 975 752 1056 tantam
775 983 973 1054 aetatissuae
993 1000 1108 1071 partem
1122 996 1315 1068 mnsecravit,

93 1104 152 1148 nou
178 1107 309 1170 magnus
336 1092 385 1155 ille
413 1096 530 1174 quidem
560 1095 605 1158 rel
628 1094 815 1176 splendidus,
845 1093 871 1154 si
894 1100 989 1154 cetera
1011 1093 1185 1158 immortalis
1207 1096 1262 1158 viri
1284 1097 1315 1158 iu

93 1189 274 1271 theologiam
297 1195 403 1256 merita
426 1197 597 1270 contuleris,
621 1197 673 1258 sed
696 1207 832 1259 maturus
852 1203 961 1266 umen,
984 1193 1012 1254 id
1036 1196 1114 1274 quod
1135 1197 1315 1276 nequidem

91 1285 187 1354 iudice
204 1295 266 1355 hoc
287 1296 441 1360 exordium
466 1307 591 1361 testatur
613 1297 648 1360 ab
671 1298 737 1377 ipso
759 1298 855 1360 adhuc
875 1305 996 1358 auctore
1018 1297 1095 1376 typis
1114 1299 1315 1369 commissum,

90 1395 274 1474 ntiqarhqce
304 1397 368 1458 eins
397 1399 516 1480 scriptis
545 1401 768 1479 haudquaquam
790 1395 922 1458 inferior.
967 1398 1058 1460 Periit
1085 1400 1222 1480 inquam3
1250 1401 1316 1462 illae

92 1494 169 1556 enim
200 1515 276 1576 quas
299 1499 359 1560 diri
381 1502 500 1564 notulae
522 1511 634 1564 tantum
659 1501 743 1564 abest
770 1509 804 1560 ut
829 1499 983 1562 consilium
1017 1508 1104 1580 atque
1138 1503 1315 1574 sententiam

93 1593 171 1658 beati
204 1597 261 1660 riri
296 1601 440 1680 prodant,
474 1612 506 1666 ut
537 1605 585 1666 rix
617 1603 688 1683 quid
719 1603 756 1664 da
785 1603 843 1663 hoc
869 1601 956 1663 thoro
984 1614 1158 1680 argumento
1187 1605 1316 1669 tortasse

98 1706 210 1776 praeter
249 1699 305 1762 alia
339 1703 487 1780 dicturus,
508 1705 615 1767 luisset
652 1703 798 1766 coniicere
829 1703 952 1783 possis,
986 1721 1083 1783 nequa
1117 1691 1233 1784 praeter
1263 1725 1315 1770 eas

102 1801 252 1880 quidquam
289 1811 399 1878 exstat,
431 1807 508 1885 quod
532 1805 764 1870 continuationis
780 1805 932 1866 materiem
955 1805 1068 1866 ciierat.
1116 1805 1198 1878 Quae
1226 1820 1316 1886 quum

107 1899 147 1959 ita
170 1903 235 1978 sint,
268 1923 325 1985 ego
353 1907 505 1986 equidem,
533 1909 579 1970 cui
609 1908 783 1970 secundaria
814 1906 956 1986 quaedam
983 1905 1014 1968 in
1044 1907 1102 1969 hoo
1129 1925 1220 1987 opere
1243 1925 1315 1989 paro·

111 2002 194 2065 vincia
217 2007 391 2070 demandata
418 2009 488 2084 luit,
521 2030 536 2072 a
569 2009 728 2090 bibliopola
753 2001 881 2087 rugatus*
901 2018 934 2068 ut
956 2008 1122 2072 inchoatam
1155 2011 1315 2089 praelatio-

104 2121 169 2166 nem
197 2109 233 2169 acl
265 2110 355 2171 finem
388 2111 599 2190 perducerem,
632 2127 693 2174 non
725 2111 761 2172 ad
790 2128 853 2172 eam
878 2111 1078 2189 arrogantiam
1107 2110 1316 2190 audaciamque

101 2225 275 2288 progressus
303 2231 369 2273 sum
404 2221 436 2273 nt
462 2213 617 2275 absolvere
644 2229 770 2274 conarer
796 2211 874 2291 quod
904 2221 1003 2276 tanus
1025 2211 1182 2292 theologus
1205 2213 1315 2293 imper·

100 2309 201 2374 lectum
230 2313 367 2394 reliquit,
401 2315 457 2375 sed
484 2315 580 2378 satius·
605 2313 681 2388 dixi,
711 2333 763 2388 aa,
796 2329 872 2393 iprae
893 2313 997 2378 heatus
1018 2323 1121 2376 auctor
1143 2314 1209 2395 ipse
1230 2315 1314 2395 prelo

101 2413 256 2476 tradiderat
278 2415 324 2476 cel
346 2425 588 2496 praeparauerat,
615 2417 711 2495 qualia
734 2425 804 2478 sunt
826 2415 932 2480 intacta
956 2433 1023 2478 cum
1045 2415 1207 2478 lectoribus
1230 2434 1316 2478 com·

99 2516 248 2578 manicari.
304 2517 436 2596 Eruditis
469 2527 548 2580 certe
579 2517 681 2598 reique
711 2518 810 2597 gnaris
841 2517 931 2580 breve
962 2518 1020 2579 hoc
1046 2517 1162 2598 abrupti
1200 2517 1312 2580 exordii

98 2617 242 2694 specimen
266 2627 406 2698 tanquam
429 2627 654 2682 monumentum
675 2619 833 2700 quoddam,
856 2620 934 2699 quod
957 2619 1062 2682 artilex
1076 2619 1160 2698 quasi
1180 2621 1245 2698 ipse
1259 2620 1317 2682 sibi
1438 2689 1440 2695 Α

102 2715 207 2780 inscius
228 2720 343 2801 posuit,
366 2723 478 2800 gratius
499 2721 577 2784 haud
600 2720 690 2784 dubie
711 2730 798 2801 atque
820 2719 949 2782 sanctius
972 2721 1036 2781 iore
1059 2737 1159 2799 spero,
1184 2719 1316 2798 quamsi

101 2819 218 2882 adiectis
236 2821 273 2884 ab
298 2822 393 2884 alicua
415 2843 502 2886 manu
526 2823 615 2886 rebus
637 2822 842 2886 communibus
866 2831 896 2884 et
910 2822 941 2884 in
956 2821 1059 2900 vulgus
1076 2821 1155 2882 notis
1177 2819 1317 2899 amphora

99 2920 210 2984 institui
232 2933 338 3004 coepta
362 2943 466 2987 urceus
489 2925 603 2987 exiiset

178 3025 267 3098 Quod
297 3045 369 3088 veru
397 3026 433 3088 ad
455 3027 552 3106 ipsam
574 3025 649 3088 hauc
670 3025 883 3101 bibliothecam
904 3025 1024 3097 attinet,
1048 3043 1080 3086 ea
1103 3023 1236 3105 quamvis
1260 3023 1316 3085 tri-

95 3126 227 3190 stissime
250 3127 302 3190 illo
324 3147 393 3190 casu
417 3129 474 3190 hcc
494 3129 623 3190 iacturae
644 3129 747 3190 iecerit
768 3135 800 3189 ut
821 3126 1097 3206 prolegomenorum
1122 3127 1314 3189 commcnda-

99 3229 177 3290 tione
200 3238 311 3303 caram,
333 3237 430 3292 tamen
454 3229 479 3292 si
502 3230 615 3311 coeptis
638 3229 711 3292 deus
733 3227 869 3292 adnuerit
882 3245 1072 3308 progressum
1085 3246 1170 3290 suum
1187 3228 1316 3290 habehit.

101 3329 235 3393 Deiectus
258 3331 336 3394 euim
359 3331 514 3406 librorum,
537 3331 587 3412 qni
610 3331 772 3394 secundum
793 3327 937 3410 principia
961 3347 1050 3408 supra
1072 3348 1102 3408 p.
1121 3331 1159 3394 16
1177 3348 1242 3408 sqq.
1265 3348 1316 3391 ac-

102 3433 229 3494 curatius
252 3431 394 3512 explicata
415 3433 606 3512 recipientur,
628 3431 738 3494 dudum
761 3432 854 3494 iactus
878 3439 938 3492 crat
961 3440 1113 3508 antequam
1136 3430 1173 3491 ad
1188 3430 1316 3509 primum

101 3531 156 3594 bac
175 3533 314 3596 volumen
337 3534 414 3613 tppis
437 3533 662 3596 exscribendum
678 3533 876 3610 accederetur,
898 3550 994 3612 neque
1009 3531 1182 3594 crediderim
1198 3531 1315 3595 beatum

2 3611 3 3706 J
108 3633 255 3708 editorem,
280 3633 349 3697 licet
369 3634 439 3697 illud
463 3637 538 3698 dieta
560 3637 606 3700 die
628 3637 730 3699 duceri
750 3632 816 3698 cum
837 3633 963 3697 maxime
982 3633 1017 3695 acl
1033 3633 1227 3714 sepertinere
1244 3652 1316 3696 cen·
1424 3670 1427 3678 ·

2 3733 3 3802 j
108 3743 187 3794 seret
205 3736 292 3798 etde
315 3735 490 3816 quibusdam
513 3739 590 3800 torte
611 3737 706 3799 adhuc
727 3735 872 3800 dubitaret
894 3735 953 3812 (vd.
976 3753 1007 3815 p.
1021 3737 1097 3813 hh),
1120 3735 1209 3798 multa
1230 3737 1316 3798 dein·

92 3853 172 3919 ,ceps
199 3838 422 3900 immutaturum
453 3838 555 3901 luisse.
599 3837 728 3902 Alterum
758 3837 848 3918 igitur
874 3837 1011 3900 columen
1039 3837 1106 3918 ipso
1129 3836 1224 3900 adbuc
1246 3854 1316 3900 sua·

105 3956 172 4000 sore
202 3949 291 4018 etque
321 3949 397 4000 teste
426 3939 554 4019 imprimi
584 3947 720 4020 coeptum
750 3947 780 4002 et
806 3941 862 4001 iam
891 3939 926 4002 ad
955 3939 1043 4002 linem
1064 3955 1228 4020 properans
1248 3946 1319 4018 post

103 4055 207 4120 paucas
227 4041 417 4122 septimanas
446 4041 475 4102 in
503 4041 598 4103 lucem
626 4040 772 4121 prodibit,
802 4058 876 4121 quae
903 4040 1015 4120 reliqua
1038 4047 1108 4102 sunt
1128 4039 1200 4112 tria,
1227 4045 1318 4119 prout

103 4159 151 4202 res
171 4141 323 4220 postulare
345 4141 493 4204 ridebitur
515 4149 544 4202 et
567 4149 733 4222 temporum
754 4144 885 4204 rationes
899 4141 1080 4221 permittent,
1102 4149 1274 4220 sequentur.

185 4241 267 4315 Quae
299 4243 421 4321 dicenda
449 4251 562 4306 restant
591 4242 779 4326 paucissimis
801 4243 1000 4306 absolvantur.
1045 4241 1155 4304 Tantus
1179 4241 1317 4306 aduenis

105 4341 307 4406 benedictinae
340 4363 431 4426 opera
459 4345 558 4408 iacchi
579 4344 684 4426 Lupini
716 4353 746 4406 et
773 4345 915 4408 Bernardi
944 4343 1155 4407 Moutiaucouii
1183 4342 1316 4406 Lutetiae

106 4443 285 4508 Parisiorum
312 4449 405 4512 1698.
436 4445 545 4528 publici
572 4446 645 4508 iuris
674 4448 765 4510 iactae
795 4454 852 4508 tam
875 4457 1009 4510 accurate
1030 4446 1173 4528 repetitus
1196 4455 1257 4520 est,
1284 4451 1318 4506 ut

107 4553 221 4626 praeter
242 4547 421 4628 paucissima
443 4547 524 4621 loca,
553 4545 603 4608 uhi
625 4566 714 4628 quum
735 4547 822 4609 lectio
844 4565 860 4608 a
882 4547 1032 4627 prioribus
1055 4547 1233 4611 editionibus
1255 4561 1316 4606 non

14 4726 17 4743 Ι
110 4645 215 4711 monito
237 4647 349 4712 lectore
371 4648 547 4726 discederet,
569 4649 667 4712 minus
690 4649 726 4712 de
749 4647 953 4715 emendatione
968 4649 1155 4731 cogitandum
1170 4647 1318 4710 videretur

1076 4746 1114 4798 c*
