3158 5050
533 370 642 416 casuro
659 371 698 414 rr.
716 371 831 414 caurus
846 371 980 416 mirans.
1297 357 1359 420 att
1473 407 1476 418 ,

128 524 352 604 madidicitur,
373 521 596 602 intelligendum
619 529 676 596 est,
698 539 759 584 nnn
781 522 808 608 ci
830 531 967 602 tauquam
983 521 1125 602 indigenti
1140 521 1233 585 luisse
1248 523 1445 600 delumens.

128 628 184 692 sed
210 626 326 688 homiui
354 643 409 706 per
431 625 531 706 ipsum
552 622 692 688 Verbum.
736 623 854 686 Etenim
876 624 1013 704 quisquis
1035 643 1091 704 pre
1114 625 1171 688 alio
1193 625 1360 700 intercedit,

130 729 257 811 gratim
277 727 344 807 ipse
365 725 482 806 accipit,
504 743 567 788 unu
588 743 646 804 qua
667 725 808 804 indigeat,
832 725 886 790 sed
906 733 1031 806 propter
1052 725 1144 800 illum,
1166 727 1251 789 cuius
1274 745 1361 790 causa

131 829 300 892 intercedit.

220 934 249 994 7.
294 929 440 992 Nimirum
468 927 718 1009 quamadmodum
747 935 869 990 caenas
897 927 1084 991 infirmitates
1106 927 1172 1008 ipse
1193 947 1253 1020 unu
1275 930 1360 992 intir-

58 1111 64 1120 ι
131 1051 201 1095 mus
224 1031 365 1112 suscepit,
381 1013 419 1093 ¹et
440 1030 563 1094 esurivit
584 1029 718 1110 quamuis
741 1047 803 1092 nun
825 1015 980 1102 asaneus,
1003 1037 1037 1092 ut
1056 1038 1161 1092 nostra
1181 1029 1262 1092 l‘atri
1285 1033 1362 1094 ella·

132 1153 206 1196 reus
228 1131 350 1205 deleret,
370 1132 424 1194 'ita
445 1149 501 1212 pro
524 1131 746 1196 infirmitatibus
769 1131 847 1194 dona
870 1151 886 1194 a
908 1131 971 1193 Deo
993 1132 1058 1211 ipse
1080 1131 1195 1212 accipit,
1218 1140 1251 1193 ut
1271 1132 1362 1196 bomo

131 1235 191 1316 ipsi
221 1234 396 1298 coniunctus
425 1233 533 1296 horum
560 1235 709 1314 particeps
739 1253 808 1298 esse
836 1241 934 1314 queat.
978 1233 1055 1296 ilinc
1081 1233 1147 1314 ipse
1168 1233 1224 1296 ait:
1255 1235 1365 1298 &mic

132 1355 326 1420 paeanaque
348 1337 459 1400 dedisti
477 1337 552 1400 mibi
572 1337 641 1400 dedi
660 1337 711 1407 eie,
735 1335 908 1398 etiterum:
928 1355 989 1416 pre
1013 1341 1057 1400 ete
1080 1355 1165 1418 repe.
1195 1335 1261 1398 -Prn
1277 1335 1364 1399 uobis

133 1447 242 1519 neanpe
264 1431 403 1517 rigabat,
425 1436 493 1512 his,
515 1455 594 1517 quac
612 1446 717 1500 nnana
741 1445 827 1512 sunt,
850 1437 1015 1519 susceptis,
1043 1447 1074 1519 ct
1094 1435 1182 1504 dabat
1203 1457 1278 1518 quaa
1297 1440 1365 1520 ipae

134 1539 306 1621 accipiebat.
351 1539 500 1612 Quoniam
531 1539 622 1618 igitur
642 1539 741 1601 Verbo
769 1539 928 1602 coniuncto
950 1559 1016 1602 cum
1038 1539 1159 1606 bomine
1180 1540 1269 1602 Pater
1290 1557 1363 1619 pro-

132 1649 202 1722 pter
224 1641 324 1721 ipsum
344 1639 474 1702 Verbum
496 1641 611 1703 bomini
633 1639 737 1715 dabat,
767 1649 801 1704 nt
827 1641 1007 1704 exaltaretur
1028 1659 1207 1722 omnemque
1228 1651 1364 1722 potesta·

119 1731 195 1806 'mm
217 1743 341 1806 haberet
362 1751 393 1805 ct
411 1743 466 1806 alla
481 1741 669 1818 huiusmodi3
691 1743 802 1806 idcirce
825 1745 924 1806 emnia
949 1743 1158 1808 adscribuntur
1177 1744 1236 1824 ipsi
1257 1743 1364 1819 Verbo,

135 1847 184 1908 cui
212 1856 242 1908 et
272 1845 362 1908 veluti
389 1845 499 1908 dantur
519 1861 712 1925 quaecunque
733 1863 791 1908 nos
812 1864 867 1925 per
888 1845 987 1925 ipsum
1010 1844 1181 1926 accipimus.
1225 1845 1263 1908 Ut
1285 1845 1365 1908 enim

134 1954 262 2027 propter
287 1965 344 2008 nos
372 1947 464 2009 bema
487 1948 582 2009 lautus
605 1955 667 2021 eet,
694 1945 734 2008 ita
757 1963 814 2009 uns
836 1955 962 2027 propter
982 1963 1051 2010 eum
1073 1947 1243 2010 exaltamur.
1287 1943 1367 2009 Nibil

134 2047 228 2128 igitur
257 2048 376 2112 absurdi
399 2056 462 2122 est,
496 2049 524 2110 si
545 2047 793 2128 qrremadmndum
816 2049 947 2130 seipsum
969 2057 1093 2130 prepter
1114 2067 1171 2112 nus
1193 2047 1366 2123 humiliavit,

134 2149 178 2212 ita
208 2156 238 2212 et
263 2157 388 2230 propter
415 2167 474 2214 nne
495 2150 615 2214 exaltari
636 2149 759 2214 dicatur.
803 2151 905 2231 ltaque
927 2152 1052 2215 donauit
1072 2149 1136 2223 nti,
1158 2151 1188 2212 id
1211 2158 1257 2213 est
1278 2150 1366 2214 uubis

133 2259 260 2334 prepter
282 2252 396 2332 ipsum,
425 2261 456 2314 et
484 2251 651 2330 ccaltccit,
687 2253 718 2313 id
747 2259 794 2314 est
820 2270 879 2314 nus
907 2253 938 2314 iu
966 2253 1054 2334 lpse.v
1101 2253 1230 2316 Verbum
1263 2269 1366 2332 porro,

133 2371 204 2416 cnm
225 2369 283 2414 nos
306 2353 484 2427 nudamur,
507 2354 667 2434 accipimus
689 2362 720 2416 ct
741 2353 924 2428 adiuvamur,
947 2355 1032 2434 quasi
1054 2354 1154 2436 ipsum
1175 2353 1364 2427 exaltaretur,

133 2455 283 2534 acciperet
309 2463 357 2518 est
385 2455 588 2530 adimeretur,
617 2455 726 2534 gratias
748 2454 808 2535 agit
829 2455 919 2529 Patri,
943 2466 1104 2536 normaque
1136 2456 1168 2516 iu
1201 2473 1235 2516 se
1267 2455 1452 2535 ipsumam.

140 2555 286 2618 transfert
307 2566 337 2617 et
359 2555 416 2618 ait:
452 2557 561 2620 Ontch
583 2557 909 2638 punecuapncdrda'etl
926 2557 1002 2620 mibi
1022 2557 1091 2619 deda·
1111 2560 1162 2619 eia.

224 2861 255 2925 8.
297 2859 398 2922 Ariani
426 2858 548 2922 Eusebii
578 2857 713 2938 gregales
742 2875 810 2922 crum
832 2857 907 2918 Filio
936 2855 1114 2936 principium
1142 2855 1288 2918 mittendi
1310 2856 1367 2918 tri-

137 2963 249 3036 buunt,
278 2961 419 3024 simulant
449 2979 484 3021 se
511 2959 592 3022 nulle
621 2977 688 3022 enm
710 2960 795 3038 regui
816 2957 995 3039 principium
1017 2955 1136 3020 habere.
1180 2956 1269 3038 Atqui
1290 2957 1370 3020 istud

137 3063 296 3126 ridiculum
318 3062 424 3136 lucrit3
453 3061 602 3142 siquidem
631 3061 682 3141 qui
704 3060 780 3122 Filio
802 3059 853 3122 dat
873 3059 1021 3124 menradi
1042 3059 1238 3140 principium,
1270 3059 1369 3122 mani-
1464 3079 1468 3084 ·

137 3165 218 3226 leste
244 3162 424 3243 principium
451 3181 572 3244 quoqne
598 3162 742 3243 regnandi
770 3161 813 3224 illi
842 3162 908 3236 dat,
938 3177 976 3224 aa
999 3161 1127 3242 proinde
1149 3161 1268 3224 latendo
1290 3161 1371 3242 quud

138 3271 250 3344 negant
280 3282 316 3326 se
349 3283 452 3328 mecca
479 3263 540 3345 ipsi
568 3283 637 3328 esse
658 3265 798 3345 produnt.
844 3260 902 3338 Qui
924 3263 996 3325 item
1019 3265 1102 3326 aiunt
1122 3279 1237 3326 menum
1260 3280 1371 3328 numen

137 3366 208 3430 Vitii
237 3385 323 3440 csse,
351 3364 457 3428 Filium
485 3374 584 3430 autem
604 3367 658 3430 llei
686 3367 718 3428 id
746 3373 798 3432 αἱ
817 3366 947 3428 Verbum
968 3365 1066 3429 Patris
1088 3365 1221 3430 asseratis
1243 3375 1274 3428 et
1294 3366 1371 3430 enb-

139 3468 251 3530 stnntia
271 3485 394 3530 vanuum
418 3487 503 3544 csse,
532 3470 648 3549 l'urfflmt
670 3487 704 3531 se
726 3469 872 3532 adversus
891 3465 960 3530 illes
983 3467 1148 3549 indignari,
1181 3467 1232 3548 qui
1253 3466 1370 3529 dicunt:

141 3569 211 3632 Fuit
238 3569 396 3650 aliquando
424 3587 492 3634 cum
518 3589 581 3632 unu
608 3578 699 3634 esset
743 3571 832 3650 Atqui
854 3569 884 3634 id
907 3571 996 3632 etiam
1018 3568 1175 3632 ridiculum
1197 3575 1253 3630 est
1297 3567 1371 3628 Nam

139 3671 193 3751 qui
222 3671 304 3734 illum
335 3690 374 3734 nc
403 3691 474 3734 csse
501 3671 620 3752 qaudam
642 3671 762 3744 volunt,
794 3661 853 3734 illia
874 3678 1070 3743 succensent,
1103 3669 1153 3748 qui
1176 3685 1245 3728 eum
1266 3667 1371 3729 saltem

140 3783 279 3854 tempore
312 3791 381 3838 esse
413 3773 588 3836 concedunt
633 3773 737 3853 ltaque
769 3773 800 3834 bi
828 3771 918 3834 etiam
945 3773 1127 3836 mulitentur
1151 3767 1238 3850 prod*
1254 3772 1372 3846 negant,

141 3893 211 3938 cum
234 3875 308 3938 alios
329 3875 564 3956 reprehendunt.
607 3875 766 3946 Praeterea
786 3871 961 3948 Eusebianl,
985 3873 1035 3954 qui
1056 3873 1162 3936 Filium
1184 3867 1373 3942 confitentur,
1448 3921 1459 3938 ,

141 3995 213 4039 eum
245 3984 350 4040 natura
379 3976 506 4040 Verbum
536 3995 604 4039 esse
631 3983 756 4056 negant,
790 3973 913 4054 solaque
942 3973 1120 4054 cogitatione
1146 3969 1236 4032 Verbi
1264 3985 1374 4030 nomen

141 4077 219 4140 Filio
241 4077 346 4140 volunt
367 4077 572 4172 concedipalii
594 4097 682 4154 reru,
705 4077 754 4160 qui
778 4075 907 4142 Verbum
930 4077 1124 4150 confitentur,
1146 4077 1255 4151 negant
1275 4071 1374 4150 ipsum

140 4323 327 4410 {cacabum
354 4323 468 4387 ἑαυτὸν,
502 4322 589 4409 οὕτως
612 4326 659 4381 καὶ
693 4320 732 4380 dr'
786 4320 876 4412 lippias
892 4317 970 4410 alapa.
993 4329 1068 4407 Vaulc
1084 4317 1296 4394 pest-Segasa&
1314 4325 1375 4390 βου·

141 4411 242 4484 ’1le
471 4468 476 4478 ·
599 4469 604 4480 ι
667 4467 681 4480 ..
786 4395 913 4448 λευεσθαι
930 4409 1019 4464 nagan
1037 4405 1082 4448 etc.
1182 4443 1189 4452 ,

143 4467 262 4584 „3⁸⁵5
276 4465 525 4598 {ssfigss‘sffifnffssp
544 4466 736 4598 glegssrj'ffl
820 4501 838 4552 r.
862 4500 902 4550 se
920 4499 976 4562 aaa.
995 4507 1019 4550 a
1036 4497 1136 4564 sigaei.
1171 4497 1199 4548 n
1216 4493 1259 4549 ant
1277 4504 1301 4550 a
1319 4493 1376 4548 eata

142 4601 238 4666 anglic.
261 4591 350 4672 ἀρχὴν
372 4601 422 4653 τοῦ
447 4591 526 4654 εἶναι.
567 4601 613 4654 llil
631 4611 656 4656 er
677 4603 735 4657 “pp
786 4565 995 4636 προποωῦνται.
