3158 5050
535 345 643 389 omero
660 345 698 388 rr.
715 343 831 390 oonrun
846 343 980 388 suanos.
1288 331 1350 394 653

120 511 153 566 et
175 507 256 562 ontot
277 499 473 562 matroon.
517 495 580 578 Epo
602 495 691 559 iesus
711 498 783 558 erist
801 493 947 575 depetunt
967 515 1080 569 num,
1112 508 1148 559 st
1176 497 1247 560 Ιιοοο
1268 499 1437 562 vatianus.
1515 499 1520 508 '

119 606 156 664 ist
184 599 325 662 Brolesiia
355 599 583 679 testificaretur.
633 597 694 678 qu
723 616 791 660 sum
819 599 914 660 rodeis
942 609 971 660 et
996 615 1091 678 potus
1119 597 1232 669 Dauid,
1262 597 1352 661 steilo

121 699 283 784 splendida
305 711 334 764 et
354 704 515 764 masmine.
560 699 599 763 Bt
620 703 751 781 spiritus
781 710 809 762 et
837 717 951 780 sponso
979 699 1084 762 dieunt
1108 699 1187 762 Verri.
1232 699 1271 760 iit
1299 703 1352 779 qui

120 804 225 876 audit,
250 803 328 866 dieat
354 800 440 875 Veni;
465 810 495 865 et
516 805 570 884 qui
588 803 669 871 sitit,
693 803 811 873 venian
841 803 893 881 qui
913 799 995 876 uuit,
1023 804 1152 890 oeoipiot
1174 817 1283 881 aquom
1303 803 1351 862 oi-

121 913 172 968 toe
193 907 301 985 qratia.
344 903 447 982 ltaque
467 901 495 964 si
515 919 610 981 genus
624 899 717 962 [iarid
738 909 785 963 ast
805 901 889 962 steila
911 899 960 962 illa
980 900 1133 982 splendida
1153 910 1183 963 et
1197 901 1350 975 matutina,

119 1003 217 1086 liquet
245 1005 381 1086 proieeto
405 1003 586 1066 Salvatorem
606 1001 706 1082 ipsum
728 1011 875 1081 οοοῑοηοο
897 1021 966 1065 earo
988 1009 1033 1064 ost
1054 1001 1223 1066 Luciferum
1246 1003 1350 1084 appel-

120 1105 195 1180 lari,
220 1113 289 1170 ante
311 1123 400 1184 quem
423 1104 536 1168 scilieet
557 1102 701 1176 extiterit,
729 1111 875 1183 quatenus
896 1123 932 1166 ex
953 1104 1016 1166 lieo
1038 1114 1085 1167 est
1106 1104 1239 1184 genitum
1272 1113 1305 1166 ut
1325 1105 1353 1166 is

120 1207 233 1270 Psalmi
256 1206 297 1272 sit
317 1224 442 1270 seusus:
464 1206 509 1270 Ex
531 1224 578 1268 me
599 1206 668 1285 ipso
691 1213 720 1268 te
741 1205 830 1286 penui
845 1213 1001 1286 antequam
1018 1206 1050 1268 in
1071 1223 1159 1268 earne
1181 1223 1357 1286 appeteres.

122 1307 278 1388 Siquidem
306 1307 381 1372 haee
407 1307 496 1370 verba
525 1319 597 1372 ente
617 1306 794 1388 derisorem
819 1307 897 1371 idem
929 1307 1027 1370 valent
1048 1325 1082 1370 ao
1103 1317 1170 1370 aute
1191 1308 1281 1372 Verbi
1303 1309 1352 1372 in·

123 1410 336 1472 carnatiouem.

210 1513 261 1576 29.
306 1514 415 1592 Aperte
436 1509 526 1590 igitur
547 1517 632 1574 vetus
655 1527 775 1590 quoque
790 1510 1014 1574 Testamentum
1027 1511 1092 1574 Titii
1114 1512 1257 1574 meminit.
1291 1513 1350 1574 Ve-

121 1631 192 1675 rum
213 1613 250 1675 de
279 1613 326 1674 his
356 1612 537 1676 aanwndere
564 1629 817 1692 supervacaneum
847 1613 969 1674 omniuo
997 1621 1053 1676 est.
1096 1612 1229 1693 Namque
1258 1613 1284 1674 si
1307 1633 1351 1688 ea,

122 1733 200 1795 quae
222 1714 254 1776 in
274 1714 366 1778 veteri
390 1715 580 1777 Testamenta
602 1731 664 1776 uon
686 1713 848 1788 hahentur,
876 1713 1041 1778 rosontione
1067 1715 1159 1777 veiint
1189 1734 1273 1789 esse,
1299 1734 1352 1777 re-

124 1817 293 1901 spondeant
313 1816 355 1879 iili
377 1817 451 1880 adeo
474 1816 640 1898 pertinaces
662 1817 816 1891 nomines,
849 1835 979 1897 quonam
1007 1818 1037 1879 in
1063 1817 1130 1880 looo
1158 1816 1268 1880 veteris
1291 1816 1353 1878 Te·
1402 1861 1406 1870 .

123 1919 264 1982 stamenti
291 1920 365 1981 taeta
398 1918 489 1992 tuerit
515 1918 628 1980 mentio
656 1919 693 1980 de
719 1918 866 1982 Paradito
895 1917 1019 1998 Spiritu.
1067 1919 1202 1982 Meminit
1233 1919 1440 2000 quidemnoro.

123 2020 253 2101 Spiritus
282 2020 390 2084 seond:
424 2028 455 2084 at
480 2038 628 2100 nusquam
653 2019 800 2083 Paraoiiti.
843 2021 922 2090 Num
947 2039 1019 2102 erqo
1048 2021 1123 2084 atius
1150 2029 1198 2084 eet
1224 2022 1353 2101 Spiritus

123 2129 246 2186 sanetus
268 2130 298 2184 et
319 2121 394 2186 alius
417 2121 596 2196 Paraditus,
625 2121 710 2202 isque
732 2121 847 2195 iunior,
876 2123 1114 2203 quandoquidem
1144 2123 1216 2186 nihii
1244 2123 1281 2184 de
1302 2123 1354 2186 iilo

122 2231 221 2288 emtet
241 2224 273 2286 in
294 2223 387 2286 reteri
409 2222 626 2288 Testamenta?
670 2225 778 2286 Verum
800 2223 878 2288 absit
905 2235 939 2286 ut
965 2225 1010 2286 ret
1032 2219 1162 2306 Spiritus
1184 2224 1283 2288 iunior
1304 2225 1353 2288 di-

123 2333 208 2388 oatur
221 2326 275 2388 uel
296 2325 452 2400 dividatur,
474 2327 513 2388 ita
535 2335 567 2388 ut
587 2326 662 2392 alius
685 2325 725 2388 sit
746 2325 876 2407 Spiritus
898 2333 1018 2390 sanetus
1042 2334 1072 2389 et
1092 2326 1167 2388 alius
1181 2326 1364 2390 Perseidos·

122 2427 206 2492 Unus
236 2427 314 2510 euim
337 2426 475 2507 idemque
502 2433 550 2490 est
570 2427 717 2508 Spiritus,
750 2427 801 2506 qui
828 2434 862 2490 ut
890 2435 960 2490 tuno
986 2428 1030 2490 sio
1052 2437 1083 2490 et
1103 2445 1183 2490 nuno
1204 2447 1273 2501 eos,
1303 2430 1353 2508 qui

123 2529 223 2610 ippum
244 2527 402 2609 recipiunt,
425 2527 588 2592 eanedtmt
610 2536 640 2592 et
661 2529 849 2602 consolatum
870 2529 1120 2609 quemadmodum
1136 2549 1214 2592 unus
1230 2539 1260 2592 at
1274 2529 1353 2592 idem

123 2630 251 2696 Verbum
273 2630 366 2696 Filius
389 2630 478 2694 etiam
500 2638 571 2694 tune
592 2648 662 2704 eos,
694 2631 744 2710 qui
768 2629 848 2709 digni
872 2637 971 2704 erant,
994 2632 1031 2692 ad
1054 2631 1181 2692 fidorum
1203 2631 1353 2711 provehe-

123 2732 176 2798 bat
197 2733 408 2796 eouditionem.
452 2732 526 2796 Nam
555 2739 641 2796 eruut
660 2749 779 2812 quoque
806 2731 857 2794 tilii
885 2732 916 2794 iu
944 2731 1036 2793 reteri
1065 2731 1274 2804 Testamenta,
1302 2730 1354 2810 qui

123 2835 243 2915 quidem
266 2853 328 2899 uon
350 2853 405 2915 per
426 2833 515 2898 alium
537 2851 625 2914 quam
646 2851 701 2914 per
721 2833 829 2898 Filium
852 2832 1023 2912 dignitatem
1050 2831 1223 2896 huiusmodi
1244 2849 1355 2894 eonas-

123 2937 300 3016 quebantur.
350 2936 382 3002 Si
413 2936 492 2999 enim
519 2935 573 2998 iiei
594 2935 686 3000 Titius
714 2943 783 2998 anta
803 2935 925 2998 iterium
954 2953 1017 2998 non
1047 2934 1175 3010 metim,
1203 2933 1355 3016 quomodo

124 3047 326 3122 quaeeoante
351 3055 456 3108 omnes
479 3046 625 3112 osteum
646 3045 714 3102 aute
737 3055 805 3100 eum
828 3036 890 3100 aiot
905 3035 981 3102 iiiiii
1026 3037 1185 3111 Quomodo
1200 3037 1272 3100 item
1287 3034 1353 3115 pri-
1481 3065 1483 3074 ι

123 3142 293 3219 moqenitus
322 3149 386 3216 est,
418 3159 484 3204 oum
512 3140 612 3204 multis
640 3141 792 3222 posterior
813 3137 1003 3221 reperiatur?
1045 3139 1154 3202 Verum
1176 3157 1273 3219 neque
1293 3137 1353 3202 Pa-

123 3241 244 3306 reditus
265 3242 418 3323 posterior
440 3251 502 3317 est,
535 3243 645 3324 quippe
674 3245 725 3323 qui
751 3251 819 3306 ante
841 3260 947 3306 omues
968 3241 1024 3318 sit,
1057 3260 1153 3322 neque
1181 3241 1280 3306 iunior
1308 3248 1357 3304 est
1481 3245 1490 3256 '

123 3342 226 3416 Titius,
249 3362 318 3410 uam
342 3343 381 3410 ia
398 3349 554 3428 principio
575 3356 643 3408 erut
669 3345 804 3422 tatum,
826 3354 914 3426 atque
935 3353 969 3408 ut
990 3344 1119 3425 Spiritus
1142 3351 1172 3408 at
1191 3341 1354 3408 Paraeiitue

124 3443 202 3510 idem
225 3455 287 3520 est,
318 3447 360 3510 ita
387 3447 465 3512 idem
493 3455 540 3510 est
560 3447 652 3510 tinus
681 3455 712 3512 et
738 3448 877 3510 Verbum.
920 3447 1077 3510 Praeterea
1107 3455 1140 3510 ut
1161 3443 1295 3508 Sairator
1317 3445 1355 3508 de

126 3545 241 3626 Spiritu
261 3548 335 3612 haee
356 3549 415 3610 ait:
443 3548 617 3614 Poroelitus
640 3548 777 3632 Spiritus
801 3550 947 3625 Senatus,
977 3569 1063 3632 queue
1087 3553 1186 3611 mittat
1206 3547 1300 3610 Potor
1321 3549 1357 3607 r'a

125 3651 246 3712 nomine
266 3667 347 3721 oreo,
375 3649 483 3730 quibus
510 3651 629 3730 quidem
657 3650 758 3714 verbis
785 3653 912 3714 eundem
940 3651 1023 3714 itiam
1050 3669 1117 3712 esee
1145 3646 1274 3710 dederat
1300 3662 1359 3707 neo

124 3746 223 3826 ipsum
245 3749 365 3826 diridit;
387 3751 432 3814 sio
451 3752 579 3816 ioannes
601 3747 714 3831 paiiter
736 3751 821 3814 dioit:
852 3752 892 3816 Bt
917 3751 1138 3814 Vertomaro
1160 3749 1278 3827 foetum
1299 3756 1353 3816 est,

124 3859 153 3911 et
175 3849 322 3917 dubitauit
343 3856 375 3916 in
396 3853 498 3927 sodis,
522 3864 551 3915 et
572 3855 701 3916 uidimus
723 3853 854 3932 plore'um
875 3857 958 3923 eius,
981 3851 1111 3931 pioriom
1132 3851 1221 3931 quase·
1245 3845 1355 3925 Uniqe-

124 3955 184 4014 triti
203 3972 223 4015 ο
244 3953 346 4018 Patre.
391 3953 452 4016 Neo
474 3955 553 4017 enim
574 3954 703 4018 loannes
726 3954 775 4016 hie
795 3954 894 4034 ipsum
916 3951 1036 4026 divisit,
1060 3951 1114 4014 sed
1135 3948 1263 4012 eundem
1285 3965 1354 4008 esse

124 4181 169 4222 ete.
205 4173 284 4226 Ceteri
309 4183 333 4226 at
353 4175 410 4228 editi
428 4167 513 4228 sessu
530 4171 573 4228 dei
589 4167 621 4226 ri
637 4166 719 4242 ἅγιον
768 4168 814 4224 καὶ
830 4167 925 4241 λόγος·
943 4166 980 4226 oie
995 4165 1050 4239 ἔφη
1070 4163 1085 4222 d
1103 4162 1204 4236 eurio.
1230 4151 1297 4218 idi
1310 4177 1357 4248 eto.

126 4248 163 4290 0¹⁰
769 4243 830 4294 itam
855 4243 911 4294 toto.
935 4242 994 4304 neg.
1012 4243 1114 4303 Sequar.
1133 4239 1206 4290 Besit.
1225 4247 1249 4288 et
1265 4238 1356 4299 tertre.

159 4323 180 4358 e.
205 4307 245 4359 Sio
263 4309 321 4372 neg.
340 4311 441 4374 Sequar.
458 4311 532 4362 Beeii.
552 4321 576 4361 et
593 4311 716 4376 inplicam
767 4305 800 4358 τὸ
818 4309 926 4376 πνεῦμα
943 4303 975 4358 τὸ
993 4300 1088 4373 ἅγιον,
1115 4315 1182 4358 utet
1200 4307 1271 4358 hebet
1288 4305 1356 4358 Seri·

125 4377 152 4424 tt
175 4376 215 4426 aiii
240 4385 263 4427 et
281 4379 338 4428 editi
357 4371 371 4426 ὃ
390 4381 510 4429 omittunt.
547 4379 639 4430 ibidem
659 4381 715 4442 iieq.
766 4387 845 4444 ptorr.
881 4379 928 4430 titt
950 4391 1006 4430 rere
1032 4393 1085 4428 eom
1110 4368 1355 4440 editissdmripaa

126 4443 222 4506 &guen
241 4445 314 4496 Basit.
333 4455 358 4498 et
374 4449 465 4510 doqtio.
489 4442 537 4495 soti
553 4438 642 4511 λόγος.
668 4441 716 4496 καὶ
767 4439 903 4505 ἀληθείας.

127 4501 162 4566 35
174 4523 261 4578 ΨΜ
279 4507 293 4561 ὖ
313 4508 406 4580 “miv
419 4507 482 4580 περὶ
490 4513 540 4564 τοῦ
552 4509 714 4580 πνεύματος.
800 4511 821 4566 i.'
837 4517 893 4578 aaa.
904 4517 1004 4576 segon.
1014 4513 1086 4566 Basil.
1105 4521 1130 4564 et
1142 4511 1233 4574 inite.
1251 4504 1298 4560 eet
1314 4501 1358 4559 ἐν·

127 4577 195 4630 dett.
219 4583 292 4633 hehet
309 4583 366 4634 item
386 4595 481 4650 φησιν.
517 4583 597 4634 Ceteri
615 4592 639 4636 et
655 4585 714 4636 editi
765 4582 864 4634 reete.
902 4583 931 4636 lo
948 4583 1002 4636 otiis
1020 4590 1044 4634 et
1060 4582 1130 4634 editis
1146 4575 1287 4650 suipdeeat.
