3158 5050
533 355 640 400 omaro
656 356 695 399 rr.
712 356 829 402 conam
844 357 980 402 muros.
1300 347 1364 410 bib

127 505 228 570 rebus
250 505 335 570 tactis
358 505 585 586 appropinquat,
608 505 717 586 quippe
739 525 806 570 cum
828 505 895 568 illae
917 507 979 569 siut
1000 508 1059 590 ipsi
1074 519 1223 588 externae,
1246 513 1450 576 atFiiioe.ur.

127 617 240 689 utpote
261 609 385 689 proprio
408 625 469 670 non
491 607 726 688 appropinquat,
749 608 856 670 sedin
879 627 915 669 eo
938 618 1001 683 est,
1024 629 1080 674 uec
1100 613 1241 676 adhaeret
1260 613 1366 689 Filius,

128 711 190 772 sed
213 729 272 784 uua
294 727 361 772 cum
382 709 470 770 Patre
493 717 550 770 est.
594 708 678 770 Unde
697 727 804 770 rursus
818 708 938 789 Moyses
960 708 991 770 iu
1013 712 1118 774 eodem
1132 712 1366 786 Deuteronomio

130 812 181 874 sic
201 812 351 892 loquitur:
378 811 480 874 Vocem
503 815 566 872 er'us
589 811 719 881 nudr'etie
741 823 771 875 et
792 813 854 891 ipsi
874 829 928 876 cnr
951 813 1163 894 ndiuoqeme'ni.
1209 815 1296 888 Quod
1310 835 1366 878 au·

131 921 198 976 tem
220 912 400 994 adeuntur,
423 911 609 974 extrinsecus
631 909 811 990 adiungitur.

221 1018 251 1080 6.
295 1015 356 1076 iam
385 1014 464 1094 quod
491 1012 624 1093 pertinet
651 1013 806 1076 adiuvem
828 1022 858 1076 et
879 1014 1037 1078 humanam
1058 1016 1235 1080 atrianorum
1258 1019 1365 1099 opica·

129 1116 265 1190 tionem,
288 1135 346 1196 qun
368 1135 476 1196 nempe
498 1115 657 1184 Dominum
680 1133 805 1194 egenum
827 1117 921 1180 fuisse
943 1137 979 1180 cx
1001 1119 1049 1182 his
1068 1119 1167 1198 ipsius
1188 1120 1287 1182 verbis
1309 1140 1363 1184 su·

130 1218 304 1298 spicautur:
336 1219 419 1282 Doto
441 1230 488 1282 eet
508 1219 600 1295 mibi,
629 1220 731 1297 accepi
737 1265 746 1290 ,
779 1226 813 1280 ut
840 1227 870 1282 ct
891 1238 928 1282 ex
948 1219 997 1282 his
1018 1220 1102 1284 Pauli
1121 1221 1215 1284 iocis:
1246 1221 1366 1287 idcirco

132 1319 285 1385 eeatrwu
306 1321 403 1392 ilium,
428 1329 457 1382 et
479 1317 564 1382 Secti
586 1337 605 1382 c
627 1321 762 1392 deutris,
785 1319 909 1400 aliisque
932 1321 1096 1397 similibus,
1123 1323 1366 1403 respondendum

132 1430 185 1485 est
204 1421 361 1484 Dominum
390 1430 541 1495 nostrum,
572 1421 622 1500 qui
650 1421 731 1482 idem
752 1421 881 1484 Verbum
911 1431 942 1482 et
962 1423 1054 1485 Filius
1076 1423 1130 1485 Dei
1158 1432 1221 1500 est,
1255 1444 1366 1505 corpus

132 1531 280 1602 gestasse,
303 1531 333 1584 et
354 1523 446 1586 tilium
469 1541 587 1602 quoque
608 1522 740 1584 bominis
763 1523 872 1584 sactum
893 1523 997 1600 tuisse,
1020 1533 1054 1586 ut
1073 1525 1190 1588 medius
1204 1525 1301 1590 Derim
1314 1528 1364 1590 iu·

129 1633 184 1686 ter
211 1634 241 1686 et
267 1624 407 1689 homines
429 1625 569 1698 effectus,
598 1641 675 1704 quea
695 1623 749 1688 nei
771 1633 856 1698 sunt,
888 1625 977 1688 nobis
999 1625 1256 1704 subministraret,
1289 1647 1365 1708 quae

130 1725 244 1800 nostri,
266 1726 328 1786 Deo
352 1726 485 1788 offerret.
531 1725 678 1798 Quocirca
699 1745 768 1788 cum
790 1726 921 1801 esurire,
953 1727 1042 1802 flere,
1074 1729 1227 1808 defatigari
1250 1737 1281 1792 et
1301 1730 1363 1792 cia·

130 1845 218 1890 mare
232 1827 312 1892 ‹dter
332 1827 405 1912 Birt
425 1827 549 1901 dicitur,
576 1846 653 1908 quae
682 1827 802 1908 quidem
823 1828 970 1890 humanae
991 1836 1112 1892 nocuae
1134 1839 1207 1896 aunt
1227 1832 1364 1894 affectio·

129 1949 190 1992 nes
212 1939 242 1992 et
263 1929 417 2002 miseriae,
441 1947 492 1991 eas
514 1948 529 1990 a
553 1927 641 1990 nobis
663 1928 771 2009 accipit
792 1947 826 1991 ac
846 1929 927 1991 Patri
950 1931 1053 2005 offert,
1076 1939 1107 1994 et
1127 1951 1184 2012 pro
1205 1932 1293 1996 nobis
1316 1933 1365 1996 iu·

130 2031 275 2106 tercedit,
304 2039 338 2092 ut
363 2031 394 2092 in
422 2031 490 2110 ipso
518 2030 639 2110 penitus
662 2029 825 2092 deleantur.
868 2031 922 2093 His
944 2041 1043 2094 autem
1065 2033 1189 2096 Verbis:
1215 2033 1298 2098 Doto
1319 2045 1366 2098 ret

128 2134 211 2198 mtto·
232 2143 383 2215 potestur,
413 2142 447 2194 ct
466 2135 583 2212 cerepi,
613 2133 777 2194 etidcirco
800 2131 949 2199 recitavit
970 2153 1037 2196 eum
1057 2135 1160 2208 neue,
1187 2153 1312 2196 munera
1333 2135 1365 2196 iu

128 2253 191 2298 nus
223 2253 240 2298 a
268 2233 330 2296 Deo
363 2253 418 2314 per
446 2231 533 2296 illum
567 2231 670 2294 collata
700 2232 914 2312 significentur.
957 2234 1020 2298 Nec
1041 2235 1121 2298 euim
1143 2235 1279 2316 indigene
1302 2244 1448 2302 craterae.

87 2407 93 2414 ,
127 2336 263 2400 Verbum
284 2336 331 2398 rel
353 2351 484 2416 unquam
505 2335 613 2396 iactum
637 2341 698 2408 est,
720 2353 776 2395 nec
797 2353 903 2396 rursus
924 2336 1062 2398 homiues
1085 2337 1186 2399 idonei
1208 2345 1293 2400 erant
1313 2339 1365 2418 qui

127 2437 189 2502 ieta
218 2437 275 2500 sibi
302 2443 526 2518 comparareut;
555 2435 609 2498 sed
631 2453 686 2515 per
707 2435 837 2498 Verbum
860 2435 947 2499 uobis
967 2422 1078 2500 donata
1100 2447 1186 2513 sunt,
1214 2439 1293 2502 unde
1315 2440 1365 2502 itta

129 2545 270 2618 tanquam
293 2539 350 2619 ipsi
372 2537 481 2602 donata
502 2535 592 2598 nobis
613 2535 833 2615 impertiuntur.
877 2536 1031 2616 Siquidem
1053 2557 1119 2600 cam
1138 2540 1176 2602 ob
1191 2559 1257 2604 rem
1268 2541 1363 2602 bomo

127 2641 227 2704 sactus
258 2650 320 2714 est,
348 2649 382 2704 ut
409 2640 460 2704 ilia
486 2637 567 2700 reiut
596 2635 654 2698 eibi
685 2637 753 2698 data
780 2638 811 2698 in
833 2655 889 2700 nos
912 2640 1155 2701 nansierreutur.
1200 2640 1263 2702 Neo
1282 2639 1363 2702 euim

127 2761 226 2822 purus
248 2742 340 2803 bomo
363 2743 470 2821 diguus
493 2757 623 2818 unquam
645 2739 765 2812 ruisset,
787 2738 838 2818 qui
858 2740 933 2801 haec
953 2740 1111 2820 acciperet,
1132 2759 1189 2803 nec
1209 2739 1281 2817 itequ
1302 2759 1361 2820 pu·

125 2863 198 2907 rum
210 2844 339 2906 Verbum
359 2843 408 2905 bis
429 2849 537 2924 posset
557 2841 709 2921 indigere3
730 2839 922 2908 coniunctum
944 2839 1034 2920 igitur
1055 2840 1143 2904 nobie
1167 2850 1212 2904 cet
1222 2841 1362 2914 Verbum,

129 2953 261 3026 tuncque
282 2963 343 3008 noe
362 2944 521 3026 potcstatis
533 2943 704 3022 participes
726 2941 857 3004 reddidit
878 2949 909 3004 et
930 2941 1076 3004 exaltavit
1120 2943 1250 3006 Verbum
1264 2943 1361 3024 siqui·

128 3047 200 3110 dem
222 3047 253 3111 in
275 3047 397 3110 bomine
420 3045 552 3107 arietem
575 3044 729 3106 bominem
752 3042 899 3118 exaltarit,
922 3052 951 3106 et
971 3043 1069 3106 Verbo
1092 3045 1164 3108 item
1186 3045 1217 3106 iu
1238 3043 1361 3108 bomine

126 3149 278 3212 existente
299 3145 537 3229 accepit'hemo.
581 3145 659 3219 Quia
682 3163 755 3227 ergo
778 3145 876 3208 Verbo
899 3146 930 3208 in
953 3165 1041 3208 carm
1056 3129 1203 3211 existento
1217 3145 1362 3224 exaitams

125 3251 223 3312 bomo
252 3259 299 3313 cet
328 3255 566 3330 potestatemque
592 3248 722 3329 accepit,
750 3246 861 3310 idcirco
890 3247 948 3310 ista
970 3247 1006 3312 ad
1028 3248 1158 3314 Verbum
1179 3251 1361 3323 referuntur,

126 3349 366 3432 quandoquidem
397 3358 521 3432 propter
553 3349 655 3430 ipsum
685 3349 753 3412 data
785 3359 863 3412 sunt.
907 3349 989 3412 Haec
1016 3351 1096 3414 enim
1124 3352 1203 3414 dona
1234 3359 1358 3432 propter

126 3452 264 3514 Verbum
280 3452 311 3514 iu
331 3453 453 3514 homine
476 3451 608 3514 existens
631 3469 776 3514 concessa
798 3459 877 3514 sunt
922 3451 1005 3514 Unde
1020 3452 1270 3532 quemadmodum
1285 3452 1360 3514 Ver·
1447 3503 1450 3510 .

127 3552 200 3616 bum
229 3571 298 3616 carn
326 3553 435 3614 iactum
457 3561 520 3628 est,
549 3553 590 3614 ita
612 3542 755 3616 ethome
778 3571 854 3633 quae
875 3554 990 3633 accepit
1009 3573 1064 3634 per
1085 3553 1214 3618 Verbum
1235 3552 1359 3631 aceepit.

127 3653 237 3716 Omnia
259 3654 349 3727 euim,
371 3672 448 3734 quae
468 3654 559 3716 bomo
582 3653 705 3734 accepit,
727 3653 856 3716 Verbum
879 3655 1033 3733 accepisse
1054 3648 1175 3726 dicitur,
1198 3661 1232 3714 ut
1252 3651 1359 3714 rideli-
1456 3711 1457 3716 ,

127 3763 182 3817 cet
207 3756 431 3829 ostenderetur,
460 3753 601 3834 quoniam
614 3755 715 3836 bomo
737 3772 795 3833 pro
817 3733 892 3818 suae
913 3763 1036 3833 paterae
1058 3753 1230 3824 conditione
1252 3751 1359 3832 dignus

124 3873 189 3917 non
212 3865 303 3930 esset,
324 3856 377 3935 qui
398 3855 449 3917 itia
470 3855 625 3936 acciperet,
648 3873 704 3935 per
721 3853 852 3918 Verbum
874 3873 994 3916 caruem
1016 3855 1126 3918 iactum
1148 3873 1182 3918 ca
1204 3853 1286 3916 itum
1306 3871 1359 3916 ac·

127 3957 257 4038 cepisse.
302 3957 449 4030 Quocirca
479 3957 506 4022 ai
538 3957 611 4038 quid
638 3955 767 4020 Domino
797 3956 897 4045 datum
926 3974 994 4018 esse
1016 3955 1063 4030 rei
1084 3955 1195 4048 qiiquid
1216 3954 1359 4018 buiuacc·
1381 3935 1400 3962 ⁶

161 4245 179 4294 i.
204 4245 244 4296 Sic
262 4245 318 4307 Ber.
343 4244 444 4307 Sequor.
477 4251 501 4296 et
525 4245 596 4296 basii.
639 4243 719 4296 Ceteri
770 4235 900 4300 ἔξουσίας.
930 4243 975 4294 diii
992 4251 1015 4294 et
1033 4242 1090 4294 editi
1107 4233 1202 4302 τότεὴ
1224 4238 1272 4303 τῆς
1288 4232 1361 4298 ἔξω·

127 4320 208 4364 autem
227 4321 251 4363 et
268 4313 327 4364 editi
342 4305 451 4362 ἑαυτόν.
770 4306 842 4368 cicc,
862 4312 986 4362 mendose.
1162 4333 1168 4340 ·

161 4395 184 4444 q.
203 4381 244 4431 Sic
263 4395 321 4431 mss.
337 4397 431 4432 omnes.
458 4380 520 4430 Editi
532 4395 587 4430 rero
599 4372 717 4428 δίδοται.

128 4448 220 4499 ibidem
239 4449 296 4512 iieq.
322 4458 347 4500 et
364 4451 462 4512 Sequor.
481 4442 527 4496 καὶ
543 4439 720 4514 ἐνηνθρῶπη·

129 4526 183 4566 cer.
221 4517 249 4568 ln
268 4517 323 4567 eliis
341 4525 365 4566 et
382 4517 453 4566 editis
471 4509 519 4563 καί
538 4517 614 4566 deest.

158 4585 187 4636 ta.
204 4585 245 4636 Sic
262 4585 321 4649 deq.
336 4595 361 4636 et
377 4586 479 4648 Sequor.
521 4589 550 4636 at
566 4584 640 4639 desit.
658 4577 720 4634 τότε

805 4413 821 4464 i.
840 4413 880 4464 Sic
898 4413 955 4476 fleg.
974 4420 997 4462 ct
1009 4411 1039 4461 Se
1057 4425 1108 4462 uer.
1138 4411 1201 4464 Editi
1220 4425 1276 4462 reru
1293 4401 1361 4470 εἴλη-

772 4491 839 4548 φεν·
869 4473 922 4529 ὅσα
949 4471 1005 4547 γὰρ
1035 4425 1055 4529 ἔ
1078 4471 1226 4548 ἄνθρωπος
1255 4469 1360 4546 sitque,

770 4543 862 4600 πάντα
880 4541 894 4599 ὅ
912 4541 994 4615 λόγος
1011 4557 1056 4602 etc.
