<?xml version="1.0" encoding="UTF-8"?>
<!DOCTYPE html PUBLIC "-//W3C//DTD XHTML 1.0 Transitional//EN"
    "http://www.w3.org/TR/xhtml1/DTD/xhtml1-transitional.dtd">
<html xmlns="http://www.w3.org/1999/xhtml" xml:lang="en" lang="en">
 <head>
  <title>
</title>
<meta http-equiv="Content-Type" content="text/html;charset=utf-8" />
  <meta name='ocr-system' content='tesseract 3.04.00' />
  <meta name='ocr-capabilities' content='ocr_page ocr_carea ocr_par ocr_line ocrx_word'/>
</head>
<body>
  <div class='ocr_page' id='page_1' title='image "./sanctiathanasii01athagoog_0838.png"; bbox 0 0 3062 5044; ppageno 0'>
   <div class='ocr_carea' id='block_1_1' title="bbox 444 327 1268 392">
    <p class='ocr_par' dir='ltr' id='par_1_1' title="bbox 444 327 1268 392">
     <span class='ocr_line' id='line_1_1' title="bbox 444 327 1268 392; baseline 0.01 -8"><span class='ocrx_word' id='word_1_1' title='bbox 444 339 590 386; x_wconf 79' lang='lat' dir='ltr'><strong>assereus</strong></span> <span class='ocrx_word' id='word_1_2' title='bbox 603 339 642 384; x_wconf 77' lang='lat' dir='ltr'><strong>ra.</strong></span> <span class='ocrx_word' id='word_1_3' title='bbox 657 341 694 386; x_wconf 90' lang='lat' dir='ltr'><strong>sa</strong></span> <span class='ocrx_word' id='word_1_4' title='bbox 710 339 907 386; x_wconf 82' lang='lat' dir='ltr'><strong>sassrmusa.</strong></span> <span class='ocrx_word' id='word_1_5' title='bbox 1207 327 1268 392; x_wconf 74' lang='lat' dir='ltr'><strong>tet</strong></span> 
     </span>
    </p>
   </div>
   <div class='ocr_carea' id='block_1_2' title="bbox 39 491 1379 2816">
    <p class='ocr_par' dir='ltr' id='par_1_2' title="bbox 45 491 1353 676">
     <span class='ocr_line' id='line_1_2' title="bbox 45 491 1353 574; baseline -0.002 -19"><span class='ocrx_word' id='word_1_6' title='bbox 45 503 113 568; x_wconf 72' lang='lat' dir='ltr'><strong>turs</strong></span> <span class='ocrx_word' id='word_1_7' title='bbox 144 501 372 556; x_wconf 75' lang='lat' dir='ltr'><strong>oouaaomuenm</strong></span> <span class='ocrx_word' id='word_1_8' title='bbox 393 509 520 573; x_wconf 86' lang='lat' dir='ltr'><strong>prorsus</strong></span> <span class='ocrx_word' id='word_1_9' title='bbox 542 499 604 563; x_wconf 87' lang='lat' dir='ltr'><strong>eat,</strong></span> <span class='ocrx_word' id='word_1_10' title='bbox 633 497 665 556; x_wconf 91' lang='lat' dir='ltr'><strong>ut</strong></span> <span class='ocrx_word' id='word_1_11' title='bbox 686 491 736 572; x_wconf 85' lang='lat' dir='ltr'><strong>qui</strong></span> <span class='ocrx_word' id='word_1_12' title='bbox 757 501 833 573; x_wconf 78' lang='lat' dir='ltr'><strong>post,</strong></span> <span class='ocrx_word' id='word_1_13' title='bbox 847 491 998 574; x_wconf 73' lang='lat' dir='ltr'><strong>baptism</strong></span> <span class='ocrx_word' id='word_1_14' title='bbox 1018 495 1266 574; x_wconf 71' lang='lat' dir='ltr'><strong>praevaricantur,</strong></span> <span class='ocrx_word' id='word_1_15' title='bbox 1278 509 1353 556; x_wconf 67' lang='grc' dir='ltr'>ιιιιι.</span> 
     </span>
     <span class='ocr_line' id='line_1_3' title="bbox 45 591 1269 676; baseline 0.001 -18"><span class='ocrx_word' id='word_1_16' title='bbox 45 596 76 658; x_wconf 90' lang='lat' dir='ltr'><strong>in</strong></span> <span class='ocrx_word' id='word_1_17' title='bbox 101 603 230 661; x_wconf 72' lang='lat' dir='ltr'><strong>semmam</strong></span> <span class='ocrx_word' id='word_1_18' title='bbox 253 601 283 657; x_wconf 91' lang='lat' dir='ltr'><strong>et</strong></span> <span class='ocrx_word' id='word_1_19' title='bbox 303 593 458 658; x_wconf 82' lang='lat' dir='ltr'><strong>indivisam</strong></span> <span class='ocrx_word' id='word_1_20' title='bbox 480 593 655 656; x_wconf 72' lang='lat' dir='ltr'>Trinitatem</span> <span class='ocrx_word' id='word_1_21' title='bbox 677 591 892 675; x_wconf 83' lang='lat' dir='ltr'><strong>blasphement</strong></span> <span class='ocrx_word' id='word_1_22' title='bbox 935 593 973 656; x_wconf 79' lang='lat' dir='ltr'><strong>Et</strong></span> <span class='ocrx_word' id='word_1_23' title='bbox 997 594 1055 657; x_wconf 86' lang='lat' dir='ltr'><strong>boe</strong></span> <span class='ocrx_word' id='word_1_24' title='bbox 1075 613 1201 676; x_wconf 88' lang='lat' dir='ltr'><strong>aequum</strong></span> <span class='ocrx_word' id='word_1_25' title='bbox 1223 607 1269 660; x_wconf 91' lang='lat' dir='ltr'><strong>est</strong></span> 
     </span>
    </p>

    <p class='ocr_par' dir='ltr' id='par_1_3' title="bbox 44 695 1268 881">
     <span class='ocr_line' id='line_1_4' title="bbox 45 695 1268 778; baseline 0.001 -17"><span class='ocrx_word' id='word_1_26' title='bbox 45 697 86 761; x_wconf 87' lang='lat' dir='ltr'><strong>ita</strong></span> <span class='ocrx_word' id='word_1_27' title='bbox 108 697 238 778; x_wconf 71' lang='lat' dir='ltr'><strong>rogitare</strong></span> <span class='ocrx_word' id='word_1_28' title='bbox 260 704 290 760; x_wconf 92' lang='lat' dir='ltr'><strong>et</strong></span> <span class='ocrx_word' id='word_1_29' title='bbox 310 696 483 776; x_wconf 72' lang='lat' dir='ltr'><strong>intelligere.</strong></span> <span class='ocrx_word' id='word_1_30' title='bbox 528 695 613 758; x_wconf 84' lang='lat' dir='ltr'><strong>Certe</strong></span> <span class='ocrx_word' id='word_1_31' title='bbox 636 695 662 757; x_wconf 89' lang='lat' dir='ltr'><strong>si</strong></span> <span class='ocrx_word' id='word_1_32' title='bbox 683 695 720 769; x_wconf 93' lang='lat' dir='ltr'><strong>ii,</strong></span> <span class='ocrx_word' id='word_1_33' title='bbox 751 713 827 776; x_wconf 82' lang='lat' dir='ltr'><strong>quos</strong></span> <span class='ocrx_word' id='word_1_34' title='bbox 849 695 898 758; x_wconf 89' lang='lat' dir='ltr'><strong>ille</strong></span> <span class='ocrx_word' id='word_1_35' title='bbox 919 695 1140 777; x_wconf 74' lang='lat' dir='ltr'><strong>alloquebatur,</strong></span> <span class='ocrx_word' id='word_1_36' title='bbox 1161 699 1268 762; x_wconf 83' lang='lat' dir='ltr'><strong>Phari-</strong></span> 
     </span>
     <span class='ocr_line' id='line_1_5' title="bbox 44 797 1267 881; baseline 0.002 -19"><span class='ocrx_word' id='word_1_37' title='bbox 44 799 110 862; x_wconf 88' lang='lat' dir='ltr'><strong>saei</strong></span> <span class='ocrx_word' id='word_1_38' title='bbox 130 813 257 880; x_wconf 89' lang='lat' dir='ltr'><strong>nempe,</strong></span> <span class='ocrx_word' id='word_1_39' title='bbox 279 797 425 862; x_wconf 80' lang='lat' dir='ltr'><strong>lavacrum</strong></span> <span class='ocrx_word' id='word_1_40' title='bbox 447 797 681 878; x_wconf 77' lang='lat' dir='ltr'><strong>regenerationis</strong></span> <span class='ocrx_word' id='word_1_41' title='bbox 703 798 889 879; x_wconf 82' lang='lat' dir='ltr'><strong>aceepisseut</strong></span> <span class='ocrx_word' id='word_1_42' title='bbox 910 806 940 860; x_wconf 92' lang='lat' dir='ltr'><strong>et</strong></span> <span class='ocrx_word' id='word_1_43' title='bbox 961 799 1032 861; x_wconf 90' lang='lat' dir='ltr'><strong>doni</strong></span> <span class='ocrx_word' id='word_1_44' title='bbox 1054 801 1148 864; x_wconf 88' lang='lat' dir='ltr'><strong>saneti</strong></span> <span class='ocrx_word' id='word_1_45' title='bbox 1170 799 1267 881; x_wconf 87' lang='lat' dir='ltr'><strong>Spiri-</strong></span> 
     </span>
    </p>

    <p class='ocr_par' dir='ltr' id='par_1_4' title="bbox 43 899 1267 983">
     <span class='ocr_line' id='line_1_6' title="bbox 43 899 1267 983; baseline 0 -19"><span class='ocrx_word' id='word_1_46' title='bbox 43 910 94 964; x_wconf 90' lang='lat' dir='ltr'><strong>tus</strong></span> <span class='ocrx_word' id='word_1_47' title='bbox 120 901 179 964; x_wconf 88' lang='lat' dir='ltr'><strong>iam</strong></span> <span class='ocrx_word' id='word_1_48' title='bbox 206 901 365 983; x_wconf 82' lang='lat' dir='ltr'><strong>participes</strong></span> <span class='ocrx_word' id='word_1_49' title='bbox 393 901 537 974; x_wconf 77' lang='lat' dir='ltr'><strong>luissent,</strong></span> <span class='ocrx_word' id='word_1_50' title='bbox 568 899 738 962; x_wconf 76' lang='lat' dir='ltr'><strong>verisimilis</strong></span> <span class='ocrx_word' id='word_1_51' title='bbox 767 908 849 963; x_wconf 89' lang='lat' dir='ltr'><strong>esset</strong></span> <span class='ocrx_word' id='word_1_52' title='bbox 875 901 1022 964; x_wconf 87' lang='lat' dir='ltr'><strong>eiusmodi</strong></span> <span class='ocrx_word' id='word_1_53' title='bbox 1051 900 1267 982; x_wconf 86' lang='lat' dir='ltr'><strong>interpretatio.</strong></span> 
     </span>
    </p>

    <p class='ocr_par' dir='ltr' id='par_1_5' title="bbox 43 1001 1268 1086">
     <span class='ocr_line' id='line_1_7' title="bbox 43 1001 1268 1086; baseline 0.001 -21"><span class='ocrx_word' id='word_1_54' title='bbox 43 1003 86 1065; x_wconf 91' lang='lat' dir='ltr'><strong>illi</strong></span> <span class='ocrx_word' id='word_1_55' title='bbox 109 1003 219 1086; x_wconf 87' lang='lat' dir='ltr'><strong>quippe</strong></span> <span class='ocrx_word' id='word_1_56' title='bbox 240 1020 256 1065; x_wconf 89' lang='lat' dir='ltr'><strong>a</strong></span> <span class='ocrx_word' id='word_1_57' title='bbox 283 1003 393 1064; x_wconf 87' lang='lat' dir='ltr'><strong>iustitia</strong></span> <span class='ocrx_word' id='word_1_58' title='bbox 416 1001 611 1066; x_wconf 80' lang='lat' dir='ltr'><strong>desciuissent</strong></span> <span class='ocrx_word' id='word_1_59' title='bbox 632 1009 661 1064; x_wconf 88' lang='lat' dir='ltr'><strong>et</strong></span> <span class='ocrx_word' id='word_1_60' title='bbox 683 1002 714 1064; x_wconf 91' lang='lat' dir='ltr'><strong>in</strong></span> <span class='ocrx_word' id='word_1_61' title='bbox 736 1001 879 1084; x_wconf 87' lang='lat' dir='ltr'><strong>Spiritum</strong></span> <span class='ocrx_word' id='word_1_62' title='bbox 901 1011 1036 1066; x_wconf 74' lang='lat' dir='ltr'><strong>asumum</strong></span> <span class='ocrx_word' id='word_1_63' title='bbox 1056 1002 1268 1086; x_wconf 73' lang='lat' dir='ltr'><strong>delioplssent3</strong></span> 
     </span>
    </p>

    <p class='ocr_par' dir='ltr' id='par_1_6' title="bbox 41 1103 1309 1798">
     <span class='ocr_line' id='line_1_8' title="bbox 44 1103 1267 1184; baseline 0.003 -17"><span class='ocrx_word' id='word_1_64' title='bbox 44 1105 97 1168; x_wconf 90' lang='lat' dir='ltr'><strong>sed</strong></span> <span class='ocrx_word' id='word_1_65' title='bbox 122 1123 187 1168; x_wconf 83' lang='lat' dir='ltr'><strong>mm</strong></span> <span class='ocrx_word' id='word_1_66' title='bbox 208 1104 354 1168; x_wconf 76' lang='lat' dir='ltr'><strong>lavacrum</strong></span> <span class='ocrx_word' id='word_1_67' title='bbox 376 1123 437 1168; x_wconf 90' lang='lat' dir='ltr'><strong>non</strong></span> <span class='ocrx_word' id='word_1_68' title='bbox 458 1103 634 1184; x_wconf 69' lang='lat' dir='ltr'><strong>revenerint,</strong></span> <span class='ocrx_word' id='word_1_69' title='bbox 657 1103 711 1167; x_wconf 85' lang='lat' dir='ltr'><strong>sed</strong></span> <span class='ocrx_word' id='word_1_70' title='bbox 733 1104 820 1166; x_wconf 87' lang='lat' dir='ltr'><strong>etiam</strong></span> <span class='ocrx_word' id='word_1_71' title='bbox 841 1104 987 1184; x_wconf 86' lang='lat' dir='ltr'><strong>baptisma</strong></span> <span class='ocrx_word' id='word_1_72' title='bbox 1001 1105 1120 1168; x_wconf 86' lang='lat' dir='ltr'><strong>loannis</strong></span> <span class='ocrx_word' id='word_1_73' title='bbox 1143 1103 1267 1184; x_wconf 79' lang='lat' dir='ltr'><strong>vilipen-</strong></span> 
     </span>
     <span class='ocr_line' id='line_1_9' title="bbox 44 1205 1266 1288; baseline 0 -20"><span class='ocrx_word' id='word_1_74' title='bbox 44 1206 154 1280; x_wconf 85' lang='lat' dir='ltr'><strong>derint,</strong></span> <span class='ocrx_word' id='word_1_75' title='bbox 176 1223 230 1268; x_wconf 88' lang='lat' dir='ltr'><strong>eur</strong></span> <span class='ocrx_word' id='word_1_76' title='bbox 250 1205 317 1269; x_wconf 87' lang='lat' dir='ltr'><strong>illos</strong></span> <span class='ocrx_word' id='word_1_77' title='bbox 338 1205 503 1280; x_wconf 80' lang='lat' dir='ltr'><strong>accusabat,</strong></span> <span class='ocrx_word' id='word_1_78' title='bbox 526 1216 559 1270; x_wconf 90' lang='lat' dir='ltr'><strong>ut</strong></span> <span class='ocrx_word' id='word_1_79' title='bbox 580 1206 630 1286; x_wconf 91' lang='lat' dir='ltr'><strong>qui</strong></span> <span class='ocrx_word' id='word_1_80' title='bbox 648 1206 905 1288; x_wconf 70' lang='lat' dir='ltr'><strong>blasphemassent</strong></span> <span class='ocrx_word' id='word_1_81' title='bbox 918 1207 950 1270; x_wconf 90' lang='lat' dir='ltr'><strong>ia</strong></span> <span class='ocrx_word' id='word_1_82' title='bbox 965 1206 1107 1287; x_wconf 86' lang='lat' dir='ltr'><strong>Spiritum</strong></span> <span class='ocrx_word' id='word_1_83' title='bbox 1122 1216 1266 1282; x_wconf 72' lang='lat' dir='ltr'><strong>sendum,</strong></span> 
     </span>
     <span class='ocr_line' id='line_1_10' title="bbox 43 1305 1279 1390; baseline -0.002 -18"><span class='ocrx_word' id='word_1_84' title='bbox 43 1309 130 1372; x_wconf 83' lang='lat' dir='ltr'><strong>maius</strong></span> <span class='ocrx_word' id='word_1_85' title='bbox 150 1309 283 1372; x_wconf 79' lang='lat' dir='ltr'><strong>nondum</strong></span> <span class='ocrx_word' id='word_1_86' title='bbox 311 1307 482 1389; x_wconf 78' lang='lat' dir='ltr'><strong>participes·</strong></span> <span class='ocrx_word' id='word_1_87' title='bbox 499 1309 602 1372; x_wconf 86' lang='lat' dir='ltr'><strong>elleoti·</strong></span> <span class='ocrx_word' id='word_1_88' title='bbox 623 1305 762 1374; x_wconf 75' lang='lat' dir='ltr'><strong>merant?</strong></span> <span class='ocrx_word' id='word_1_89' title='bbox 805 1309 871 1372; x_wconf 86' lang='lat' dir='ltr'><strong>Nou</strong></span> <span class='ocrx_word' id='word_1_90' title='bbox 900 1309 979 1372; x_wconf 91' lang='lat' dir='ltr'><strong>enim</strong></span> <span class='ocrx_word' id='word_1_91' title='bbox 1007 1308 1180 1390; x_wconf 80' lang='lat' dir='ltr'><strong>simpliciter</strong></span> <span class='ocrx_word' id='word_1_92' title='bbox 1209 1309 1279 1372; x_wconf 50' lang='lat' dir='ltr'><strong>do*</strong></span> 
     </span>
     <span class='ocr_line' id='line_1_11' title="bbox 43 1401 1309 1491; baseline -0.002 -17"><span class='ocrx_word' id='word_1_93' title='bbox 43 1411 139 1474; x_wconf 91' lang='lat' dir='ltr'><strong>oendo</strong></span> <span class='ocrx_word' id='word_1_94' title='bbox 163 1407 307 1474; x_wconf 78' lang='lat' dir='ltr'><strong>bominum</strong></span> <span class='ocrx_word' id='word_1_95' title='bbox 327 1410 400 1473; x_wconf 83' lang='lat' dir='ltr'><strong>baeu</strong></span> <span class='ocrx_word' id='word_1_96' title='bbox 421 1409 613 1491; x_wconf 87' lang='lat' dir='ltr'><strong>loquebatur,</strong></span> <span class='ocrx_word' id='word_1_97' title='bbox 643 1429 739 1490; x_wconf 75' lang='lat' dir='ltr'><strong>repre</strong></span> <span class='ocrx_word' id='word_1_98' title='bbox 759 1409 808 1485; x_wconf 93' lang='lat' dir='ltr'><strong>iis,</strong></span> <span class='ocrx_word' id='word_1_99' title='bbox 831 1409 880 1490; x_wconf 93' lang='lat' dir='ltr'><strong>qui</strong></span> <span class='ocrx_word' id='word_1_100' title='bbox 902 1409 992 1474; x_wconf 87' lang='lat' dir='ltr'><strong>iuturi</strong></span> <span class='ocrx_word' id='word_1_101' title='bbox 1020 1419 1120 1485; x_wconf 89' lang='lat' dir='ltr'><strong>eraut,</strong></span> <span class='ocrx_word' id='word_1_102' title='bbox 1151 1401 1267 1491; x_wconf 89' lang='lat' dir='ltr'><strong>suppli-</strong></span> <span class='ocrx_word' id='word_1_103' title='bbox 1304 1433 1309 1450; x_wconf 75' lang='lat'><strong><em>¹</em></strong></span> 
     </span>
     <span class='ocr_line' id='line_1_12' title="bbox 42 1511 1266 1593; baseline -0.002 -17"><span class='ocrx_word' id='word_1_104' title='bbox 42 1514 123 1576; x_wconf 76' lang='lat' dir='ltr'><strong>mum</strong></span> <span class='ocrx_word' id='word_1_105' title='bbox 145 1512 406 1592; x_wconf 64' lang='lat' dir='ltr'><strong>interserebatur,</strong></span> <span class='ocrx_word' id='word_1_106' title='bbox 436 1513 489 1575; x_wconf 93' lang='lat' dir='ltr'><strong>sed</strong></span> <span class='ocrx_word' id='word_1_107' title='bbox 512 1511 731 1593; x_wconf 87' lang='lat' dir='ltr'><strong>inpraesentia</strong></span> <span class='ocrx_word' id='word_1_108' title='bbox 753 1529 822 1576; x_wconf 85' lang='lat' dir='ltr'><strong>rere</strong></span> <span class='ocrx_word' id='word_1_109' title='bbox 844 1512 1020 1576; x_wconf 86' lang='lat' dir='ltr'><strong>Pharisaeos</strong></span> <span class='ocrx_word' id='word_1_110' title='bbox 1047 1513 1187 1576; x_wconf 88' lang='lat' dir='ltr'><strong>iuoueans</strong></span> <span class='ocrx_word' id='word_1_111' title='bbox 1216 1521 1266 1574; x_wconf 92' lang='lat' dir='ltr'><strong>ut·</strong></span> 
     </span>
     <span class='ocr_line' id='line_1_13' title="bbox 41 1613 1267 1704; baseline 0 -28"><span class='ocrx_word' id='word_1_112' title='bbox 41 1623 114 1694; x_wconf 90' lang='lat' dir='ltr'><strong>pote</strong></span> <span class='ocrx_word' id='word_1_113' title='bbox 137 1622 235 1678; x_wconf 70' lang='lat' dir='ltr'><strong>mutae</strong></span> <span class='ocrx_word' id='word_1_114' title='bbox 254 1613 454 1695; x_wconf 75' lang='lat' dir='ltr'><strong>blasphemiae</strong></span> <span class='ocrx_word' id='word_1_115' title='bbox 477 1615 534 1678; x_wconf 88' lang='lat' dir='ltr'><strong>iam</strong></span> <span class='ocrx_word' id='word_1_116' title='bbox 555 1633 626 1678; x_wconf 88' lang='lat' dir='ltr'><strong>reos</strong></span> <span class='ocrx_word' id='word_1_117' title='bbox 655 1613 725 1704; x_wconf 88' lang='lat' dir='ltr'><strong>illud</strong></span> <span class='ocrx_word' id='word_1_118' title='bbox 754 1614 870 1679; x_wconf 88' lang='lat' dir='ltr'><strong>dioebat</strong></span> <span class='ocrx_word' id='word_1_119' title='bbox 897 1615 1054 1678; x_wconf 85' lang='lat' dir='ltr'><strong>Dominus.</strong></span> <span class='ocrx_word' id='word_1_120' title='bbox 1098 1615 1267 1678; x_wconf 86' lang='lat' dir='ltr'><strong>Pharisaeis</strong></span> 
     </span>
     <span class='ocr_line' id='line_1_14' title="bbox 42 1712 1267 1798; baseline 0.003 -22"><span class='ocrx_word' id='word_1_121' title='bbox 42 1716 134 1796; x_wconf 73' lang='lat' dir='ltr'><strong>igitur</strong></span> <span class='ocrx_word' id='word_1_122' title='bbox 154 1715 196 1780; x_wconf 90' lang='lat' dir='ltr'><strong>ita</strong></span> <span class='ocrx_word' id='word_1_123' title='bbox 216 1717 371 1792; x_wconf 68' lang='lat' dir='ltr'><strong>ammas,</strong></span> <span class='ocrx_word' id='word_1_124' title='bbox 394 1718 567 1798; x_wconf 84' lang='lat' dir='ltr'><strong>priusquam</strong></span> <span class='ocrx_word' id='word_1_125' title='bbox 589 1716 734 1797; x_wconf 87' lang='lat' dir='ltr'><strong>baptisma</strong></span> <span class='ocrx_word' id='word_1_126' title='bbox 752 1717 969 1798; x_wconf 80' lang='lat' dir='ltr'><strong>percepissent,</strong></span> <span class='ocrx_word' id='word_1_127' title='bbox 991 1712 1049 1781; x_wconf 85' lang='lat' dir='ltr'><strong>boe</strong></span> <span class='ocrx_word' id='word_1_128' title='bbox 1063 1726 1142 1780; x_wconf 82' lang='lat' dir='ltr'><strong>eene</strong></span> <span class='ocrx_word' id='word_1_129' title='bbox 1156 1716 1267 1780; x_wconf 81' lang='lat' dir='ltr'><strong>diruam</strong></span> 
     </span>
    </p>

    <p class='ocr_par' dir='ltr' id='par_1_7' title="bbox 39 1817 1266 2103">
     <span class='ocr_line' id='line_1_15' title="bbox 42 1817 1266 1900; baseline -0.002 -20"><span class='ocrx_word' id='word_1_130' title='bbox 42 1837 97 1881; x_wconf 87' lang='lat' dir='ltr'><strong>ens</strong></span> <span class='ocrx_word' id='word_1_131' title='bbox 119 1819 241 1882; x_wconf 86' lang='lat' dir='ltr'><strong>mirsime</strong></span> <span class='ocrx_word' id='word_1_132' title='bbox 264 1825 389 1900; x_wconf 80' lang='lat' dir='ltr'><strong>apertat,</strong></span> <span class='ocrx_word' id='word_1_133' title='bbox 411 1819 460 1900; x_wconf 82' lang='lat' dir='ltr'><strong>qui</strong></span> <span class='ocrx_word' id='word_1_134' title='bbox 481 1827 553 1899; x_wconf 90' lang='lat' dir='ltr'><strong>post</strong></span> <span class='ocrx_word' id='word_1_135' title='bbox 574 1819 719 1882; x_wconf 74' lang='lat' dir='ltr'><strong>brumum</strong></span> <span class='ocrx_word' id='word_1_136' title='bbox 741 1819 991 1900; x_wconf 86' lang='lat' dir='ltr'><strong>praerasioautur.</strong></span> <span class='ocrx_word' id='word_1_137' title='bbox 1032 1817 1071 1881; x_wconf 83' lang='lat' dir='ltr'><strong>lit</strong></span> <span class='ocrx_word' id='word_1_138' title='bbox 1090 1819 1266 1897; x_wconf 86' lang='lat' dir='ltr'><strong>praesertim</strong></span> 
     </span>
     <span class='ocr_line' id='line_1_16' title="bbox 41 1918 1265 2006; baseline 0 -24"><span class='ocrx_word' id='word_1_139' title='bbox 41 1920 115 2002; x_wconf 85' lang='lat' dir='ltr'><strong>quia</strong></span> <span class='ocrx_word' id='word_1_140' title='bbox 144 1937 196 1984; x_wconf 89' lang='lat' dir='ltr'><strong>eos</strong></span> <span class='ocrx_word' id='word_1_141' title='bbox 222 1937 284 1982; x_wconf 90' lang='lat' dir='ltr'><strong>nou</strong></span> <span class='ocrx_word' id='word_1_142' title='bbox 311 1920 348 1982; x_wconf 93' lang='lat' dir='ltr'><strong>de</strong></span> <span class='ocrx_word' id='word_1_143' title='bbox 371 1918 551 2001; x_wconf 79' lang='lat' dir='ltr'><strong>quibuslibet</strong></span> <span class='ocrx_word' id='word_1_144' title='bbox 579 1921 724 2001; x_wconf 82' lang='lat' dir='ltr'><strong>pereatis,</strong></span> <span class='ocrx_word' id='word_1_145' title='bbox 757 1921 810 1984; x_wconf 90' lang='lat' dir='ltr'><strong>sed</strong></span> <span class='ocrx_word' id='word_1_146' title='bbox 838 1921 875 1984; x_wconf 91' lang='lat' dir='ltr'><strong>de</strong></span> <span class='ocrx_word' id='word_1_147' title='bbox 896 1920 1079 2002; x_wconf 85' lang='lat' dir='ltr'><strong>blasphemia</strong></span> <span class='ocrx_word' id='word_1_148' title='bbox 1101 1919 1265 2006; x_wconf 69' lang='lat' dir='ltr'><strong>memabat</strong></span> 
     </span>
     <span class='ocr_line' id='line_1_17' title="bbox 39 2019 1265 2103; baseline 0.001 -19"><span class='ocrx_word' id='word_1_149' title='bbox 39 2019 127 2084; x_wconf 87' lang='lat' dir='ltr'><strong>liaeo</strong></span> <span class='ocrx_word' id='word_1_150' title='bbox 147 2029 241 2086; x_wconf 88' lang='lat' dir='ltr'><strong>autem</strong></span> <span class='ocrx_word' id='word_1_151' title='bbox 262 2021 341 2084; x_wconf 90' lang='lat' dir='ltr'><strong>inter</strong></span> <span class='ocrx_word' id='word_1_152' title='bbox 362 2041 395 2086; x_wconf 90' lang='lat' dir='ltr'><strong>se</strong></span> <span class='ocrx_word' id='word_1_153' title='bbox 416 2021 575 2096; x_wconf 75' lang='lat' dir='ltr'><strong>differunt,</strong></span> <span class='ocrx_word' id='word_1_154' title='bbox 597 2023 677 2103; x_wconf 84' lang='lat' dir='ltr'><strong>quod</strong></span> <span class='ocrx_word' id='word_1_155' title='bbox 699 2022 750 2103; x_wconf 88' lang='lat' dir='ltr'><strong>qui</strong></span> <span class='ocrx_word' id='word_1_156' title='bbox 770 2031 882 2102; x_wconf 83' lang='lat' dir='ltr'><strong>peceat,</strong></span> <span class='ocrx_word' id='word_1_157' title='bbox 904 2023 999 2103; x_wconf 81' lang='lat' dir='ltr'><strong>legem</strong></span> <span class='ocrx_word' id='word_1_158' title='bbox 1021 2022 1265 2102; x_wconf 81' lang='lat' dir='ltr'><strong>transgrediatur,</strong></span> 
     </span>
    </p>

    <p class='ocr_par' dir='ltr' id='par_1_8' title="bbox 40 2123 1266 2206">
     <span class='ocr_line' id='line_1_18' title="bbox 40 2123 1266 2206; baseline 0 -20"><span class='ocrx_word' id='word_1_159' title='bbox 40 2125 94 2205; x_wconf 83' lang='lat' dir='ltr'><strong>qui</strong></span> <span class='ocrx_word' id='word_1_160' title='bbox 118 2141 189 2186; x_wconf 78' lang='lat' dir='ltr'><strong>aero</strong></span> <span class='ocrx_word' id='word_1_161' title='bbox 209 2125 404 2206; x_wconf 84' lang='lat' dir='ltr'><strong>blasphemat,</strong></span> <span class='ocrx_word' id='word_1_162' title='bbox 427 2124 459 2187; x_wconf 91' lang='lat' dir='ltr'><strong>in</strong></span> <span class='ocrx_word' id='word_1_163' title='bbox 479 2125 573 2205; x_wconf 86' lang='lat' dir='ltr'><strong>ipsam</strong></span> <span class='ocrx_word' id='word_1_164' title='bbox 596 2125 735 2188; x_wconf 87' lang='lat' dir='ltr'><strong>deitatem</strong></span> <span class='ocrx_word' id='word_1_165' title='bbox 757 2124 847 2205; x_wconf 91' lang='lat' dir='ltr'><strong>impie</strong></span> <span class='ocrx_word' id='word_1_166' title='bbox 869 2133 946 2206; x_wconf 74' lang='lat' dir='ltr'><strong>agat.</strong></span> <span class='ocrx_word' id='word_1_167' title='bbox 990 2123 1062 2188; x_wconf 75' lang='lat' dir='ltr'><strong>Gom</strong></span> <span class='ocrx_word' id='word_1_168' title='bbox 1084 2134 1182 2188; x_wconf 89' lang='lat' dir='ltr'><strong>autem</strong></span> <span class='ocrx_word' id='word_1_169' title='bbox 1198 2125 1266 2187; x_wconf 92' lang='lat' dir='ltr'><strong>illos</strong></span> 
     </span>
    </p>

    <p class='ocr_par' dir='ltr' id='par_1_9' title="bbox 39 2223 1379 2816">
     <span class='ocr_line' id='line_1_19' title="bbox 41 2223 1379 2314; baseline 0 -26"><span class='ocrx_word' id='word_1_170' title='bbox 41 2226 78 2288; x_wconf 85' lang='lat' dir='ltr'><strong>de</strong></span> <span class='ocrx_word' id='word_1_171' title='bbox 101 2225 204 2288; x_wconf 88' lang='lat' dir='ltr'><strong>multis</strong></span> <span class='ocrx_word' id='word_1_172' title='bbox 226 2225 398 2290; x_wconf 76' lang='lat' dir='ltr'><strong>criminibus</strong></span> <span class='ocrx_word' id='word_1_173' title='bbox 420 2223 504 2306; x_wconf 89' lang='lat' dir='ltr'><strong>prius</strong></span> <span class='ocrx_word' id='word_1_174' title='bbox 526 2235 679 2288; x_wconf 79' lang='lat' dir='ltr'><strong>emuseret</strong></span> <span class='ocrx_word' id='word_1_175' title='bbox 700 2225 850 2313; x_wconf 78' lang='lat' dir='ltr'><strong>Salvator,</strong></span> <span class='ocrx_word' id='word_1_176' title='bbox 878 2225 958 2312; x_wconf 80' lang='lat' dir='ltr'><strong>qupsl</strong></span> <span class='ocrx_word' id='word_1_177' title='bbox 981 2227 1093 2289; x_wconf 82' lang='lat' dir='ltr'><strong>seilicet</strong></span> <span class='ocrx_word' id='word_1_178' title='bbox 1115 2225 1209 2306; x_wconf 79' lang='lat' dir='ltr'><strong>legem</strong></span> <span class='ocrx_word' id='word_1_179' title='bbox 1230 2227 1268 2288; x_wconf 90' lang='lat' dir='ltr'><strong>de</strong></span> <span class='ocrx_word' id='word_1_180' title='bbox 1373 2224 1379 2314; x_wconf 22' lang='lat' dir='ltr'><strong>&#39;n</strong></span> 
     </span>
     <span class='ocr_line' id='line_1_20' title="bbox 40 2327 1267 2410; baseline 0 -20"><span class='ocrx_word' id='word_1_181' title='bbox 40 2327 216 2408; x_wconf 85' lang='lat' dir='ltr'><strong>parentibus</strong></span> <span class='ocrx_word' id='word_1_182' title='bbox 237 2327 325 2390; x_wconf 75' lang='lat' dir='ltr'><strong>bum</strong></span> <span class='ocrx_word' id='word_1_183' title='bbox 346 2335 469 2408; x_wconf 87' lang='lat' dir='ltr'><strong>propter</strong></span> <span class='ocrx_word' id='word_1_184' title='bbox 489 2329 643 2408; x_wconf 81' lang='lat' dir='ltr'><strong>pomulam</strong></span> <span class='ocrx_word' id='word_1_185' title='bbox 672 2327 967 2409; x_wconf 79' lang='lat' dir='ltr'><strong>transgrederentur,</strong></span> <span class='ocrx_word' id='word_1_186' title='bbox 993 2337 1025 2391; x_wconf 87' lang='lat' dir='ltr'><strong>et</strong></span> <span class='ocrx_word' id='word_1_187' title='bbox 1050 2328 1267 2410; x_wconf 84' lang='lat' dir='ltr'><strong>Prophetarum</strong></span> 
     </span>
     <span class='ocr_line' id='line_1_21' title="bbox 41 2429 1267 2510; baseline 0.002 -20"><span class='ocrx_word' id='word_1_188' title='bbox 41 2429 117 2492; x_wconf 85' lang='lat' dir='ltr'><strong>dieta</strong></span> <span class='ocrx_word' id='word_1_189' title='bbox 140 2439 326 2510; x_wconf 87' lang='lat' dir='ltr'><strong>respuerent,</strong></span> <span class='ocrx_word' id='word_1_190' title='bbox 349 2447 384 2492; x_wconf 87' lang='lat' dir='ltr'><strong>ae</strong></span> <span class='ocrx_word' id='word_1_191' title='bbox 404 2430 525 2492; x_wconf 91' lang='lat' dir='ltr'><strong>domum</strong></span> <span class='ocrx_word' id='word_1_192' title='bbox 540 2429 593 2492; x_wconf 86' lang='lat' dir='ltr'><strong>llei</strong></span> <span class='ocrx_word' id='word_1_193' title='bbox 609 2429 730 2492; x_wconf 87' lang='lat' dir='ltr'><strong>domam</strong></span> <span class='ocrx_word' id='word_1_194' title='bbox 745 2432 875 2492; x_wconf 83' lang='lat' dir='ltr'><strong>tenerent</strong></span> <span class='ocrx_word' id='word_1_195' title='bbox 896 2429 1117 2510; x_wconf 75' lang='lat' dir='ltr'><strong>negotiationis,</strong></span> <span class='ocrx_word' id='word_1_196' title='bbox 1139 2439 1267 2494; x_wconf 84' lang='lat' dir='ltr'><strong>attamen</strong></span> 
     </span>
     <span class='ocr_line' id='line_1_22' title="bbox 41 2530 1267 2612; baseline 0.002 -20"><span class='ocrx_word' id='word_1_197' title='bbox 41 2531 217 2594; x_wconf 80' lang='lat' dir='ltr'><strong>benabetm·</strong></span> <span class='ocrx_word' id='word_1_198' title='bbox 237 2549 291 2594; x_wconf 88' lang='lat' dir='ltr'><strong>eos</strong></span> <span class='ocrx_word' id='word_1_199' title='bbox 313 2539 347 2594; x_wconf 87' lang='lat' dir='ltr'><strong>ut</strong></span> <span class='ocrx_word' id='word_1_200' title='bbox 366 2531 579 2612; x_wconf 73' lang='lat' dir='ltr'><strong>prandentium</strong></span> <span class='ocrx_word' id='word_1_201' title='bbox 600 2538 732 2610; x_wconf 78' lang='lat' dir='ltr'><strong>agerent.</strong></span> <span class='ocrx_word' id='word_1_202' title='bbox 776 2531 883 2596; x_wconf 79' lang='lat' dir='ltr'><strong>Verum</strong></span> <span class='ocrx_word' id='word_1_203' title='bbox 905 2530 955 2594; x_wconf 91' lang='lat' dir='ltr'><strong>ubi</strong></span> <span class='ocrx_word' id='word_1_204' title='bbox 977 2531 1075 2612; x_wconf 88' lang='lat' dir='ltr'><strong>ipsum</strong></span> <span class='ocrx_word' id='word_1_205' title='bbox 1090 2531 1222 2594; x_wconf 81' lang='lat' dir='ltr'><strong>dieerem</strong></span> <span class='ocrx_word' id='word_1_206' title='bbox 1235 2532 1267 2594; x_wconf 91' lang='lat' dir='ltr'><strong>in</strong></span> 
     </span>
     <span class='ocr_line' id='line_1_23' title="bbox 39 2629 1378 2712; baseline -0.001 -16"><span class='ocrx_word' id='word_1_207' title='bbox 39 2629 216 2696; x_wconf 72' lang='lat' dir='ltr'><strong>beelzebule</strong></span> <span class='ocrx_word' id='word_1_208' title='bbox 239 2632 346 2696; x_wconf 88' lang='lat' dir='ltr'><strong>eiioere</strong></span> <span class='ocrx_word' id='word_1_209' title='bbox 368 2631 533 2707; x_wconf 87' lang='lat' dir='ltr'><strong>daemonia,</strong></span> <span class='ocrx_word' id='word_1_210' title='bbox 556 2649 617 2694; x_wconf 92' lang='lat' dir='ltr'><strong>non</strong></span> <span class='ocrx_word' id='word_1_211' title='bbox 639 2633 698 2695; x_wconf 90' lang='lat' dir='ltr'><strong>boo</strong></span> <span class='ocrx_word' id='word_1_212' title='bbox 717 2632 795 2694; x_wconf 78' lang='lat' dir='ltr'><strong>ulae</strong></span> <span class='ocrx_word' id='word_1_213' title='bbox 816 2641 969 2712; x_wconf 74' lang='lat' dir='ltr'><strong>peceatum</strong></span> <span class='ocrx_word' id='word_1_214' title='bbox 992 2631 1182 2712; x_wconf 76' lang='lat' dir='ltr'><strong>simpliciter,</strong></span> <span class='ocrx_word' id='word_1_215' title='bbox 1212 2633 1266 2694; x_wconf 86' lang='lat' dir='ltr'><strong>sed</strong></span> <span class='ocrx_word' id='word_1_216' title='bbox 1372 2632 1378 2644; x_wconf 85' lang='grc'><em>“</em></span> 
     </span>
     <span class='ocr_line' id='line_1_24' title="bbox 40 2733 1309 2816; baseline -0.002 -18"><span class='ocrx_word' id='word_1_217' title='bbox 40 2735 257 2816; x_wconf 80' lang='lat' dir='ltr'><strong>blasphemiam</strong></span> <span class='ocrx_word' id='word_1_218' title='bbox 278 2733 353 2798; x_wconf 82' lang='lat' dir='ltr'><strong>dixit</strong></span> <span class='ocrx_word' id='word_1_219' title='bbox 373 2753 442 2798; x_wconf 89' lang='lat' dir='ltr'><strong>esse</strong></span> <span class='ocrx_word' id='word_1_220' title='bbox 464 2743 585 2809; x_wconf 77' lang='lat' dir='ltr'><strong>mutam,</strong></span> <span class='ocrx_word' id='word_1_221' title='bbox 606 2735 711 2816; x_wconf 83' lang='lat' dir='ltr'><strong>utqui</strong></span> <span class='ocrx_word' id='word_1_222' title='bbox 732 2733 801 2796; x_wconf 90' lang='lat' dir='ltr'><strong>talia</strong></span> <span class='ocrx_word' id='word_1_223' title='bbox 821 2735 958 2814; x_wconf 76' lang='lat' dir='ltr'><strong>prolerre</strong></span> <span class='ocrx_word' id='word_1_224' title='bbox 978 2733 1043 2796; x_wconf 89' lang='lat' dir='ltr'><strong>ausi</strong></span> <span class='ocrx_word' id='word_1_225' title='bbox 1065 2743 1189 2809; x_wconf 87' lang='lat' dir='ltr'><strong>essent,</strong></span> <span class='ocrx_word' id='word_1_226' title='bbox 1211 2751 1268 2798; x_wconf 86' lang='lat' dir='ltr'><strong>aee</strong></span> <span class='ocrx_word' id='word_1_227' title='bbox 1300 2775 1309 2796; x_wconf 72' lang='grc'><strong><em>,</em></strong></span> 
     </span>
    </p>
   </div>
   <div class='ocr_carea' id='block_1_3' title="bbox 38 2837 847 2936">
    <p class='ocr_par' dir='ltr' id='par_1_10' title="bbox 38 2837 847 2936">
     <span class='ocr_line' id='line_1_25' title="bbox 38 2837 847 2936; baseline -0.002 -36"><span class='ocrx_word' id='word_1_228' title='bbox 38 2853 170 2936; x_wconf 77' lang='lat' dir='ltr'><strong>paenam</strong></span> <span class='ocrx_word' id='word_1_229' title='bbox 191 2839 322 2918; x_wconf 73' lang='lat' dir='ltr'><strong>effugere</strong></span> <span class='ocrx_word' id='word_1_230' title='bbox 342 2855 398 2900; x_wconf 87' lang='lat' dir='ltr'><strong>nee</strong></span> <span class='ocrx_word' id='word_1_231' title='bbox 418 2837 533 2900; x_wconf 81' lang='lat' dir='ltr'><strong>reniam</strong></span> <span class='ocrx_word' id='word_1_232' title='bbox 555 2837 690 2900; x_wconf 80' lang='lat' dir='ltr'><strong>obduere</strong></span> <span class='ocrx_word' id='word_1_233' title='bbox 710 2843 847 2916; x_wconf 80' lang='lat' dir='ltr'><strong>possent.</strong></span> 
     </span>
    </p>
   </div>
   <div class='ocr_carea' id='block_1_4' title="bbox 35 3239 1265 3835">
    <p class='ocr_par' dir='ltr' id='par_1_11' title="bbox 35 3239 1265 3835">
     <span class='ocr_line' id='line_1_26' title="bbox 133 3239 1264 3328; baseline -0.004 -17"><span class='ocrx_word' id='word_1_234' title='bbox 133 3249 180 3314; x_wconf 68' lang='lat' dir='ltr'><strong>ld.</strong></span> <span class='ocrx_word' id='word_1_235' title='bbox 221 3246 339 3328; x_wconf 74' lang='lat' dir='ltr'><strong>Alioqui</strong></span> <span class='ocrx_word' id='word_1_236' title='bbox 361 3247 388 3310; x_wconf 91' lang='lat' dir='ltr'><strong>si</strong></span> <span class='ocrx_word' id='word_1_237' title='bbox 410 3239 514 3309; x_wconf 87' lang='lat' dir='ltr'><strong>eorum</strong></span> <span class='ocrx_word' id='word_1_238' title='bbox 536 3263 640 3320; x_wconf 75' lang='lat' dir='ltr'><strong>musa,</strong></span> <span class='ocrx_word' id='word_1_239' title='bbox 669 3243 720 3324; x_wconf 83' lang='lat' dir='ltr'><strong>qui</strong></span> <span class='ocrx_word' id='word_1_240' title='bbox 740 3250 812 3324; x_wconf 89' lang='lat' dir='ltr'><strong>post</strong></span> <span class='ocrx_word' id='word_1_241' title='bbox 831 3241 978 3306; x_wconf 75' lang='lat' dir='ltr'><strong>brumum</strong></span> <span class='ocrx_word' id='word_1_242' title='bbox 998 3251 1136 3322; x_wconf 80' lang='lat' dir='ltr'><strong>pereant,</strong></span> <span class='ocrx_word' id='word_1_243' title='bbox 1164 3243 1194 3306; x_wconf 90' lang='lat' dir='ltr'><strong>id</strong></span> <span class='ocrx_word' id='word_1_244' title='bbox 1216 3243 1264 3306; x_wconf 89' lang='lat' dir='ltr'><strong>di·</strong></span> 
     </span>
     <span class='ocr_line' id='line_1_27' title="bbox 37 3345 1264 3438; baseline -0.002 -24"><span class='ocrx_word' id='word_1_245' title='bbox 37 3357 120 3414; x_wconf 86' lang='lat' dir='ltr'><strong>etum</strong></span> <span class='ocrx_word' id='word_1_246' title='bbox 142 3349 260 3424; x_wconf 84' lang='lat' dir='ltr'><strong>llsiseet,</strong></span> <span class='ocrx_word' id='word_1_247' title='bbox 283 3357 314 3412; x_wconf 88' lang='lat' dir='ltr'><strong>et</strong></span> <span class='ocrx_word' id='word_1_248' title='bbox 332 3348 373 3412; x_wconf 86' lang='lat' dir='ltr'><strong>illi</strong></span> <span class='ocrx_word' id='word_1_249' title='bbox 396 3347 510 3412; x_wconf 77' lang='lat' dir='ltr'><strong>senum</strong></span> <span class='ocrx_word' id='word_1_250' title='bbox 523 3355 720 3438; x_wconf 66' lang='lat' dir='ltr'><strong>¹peooatousm</strong></span> <span class='ocrx_word' id='word_1_251' title='bbox 742 3345 879 3408; x_wconf 75' lang='lat' dir='ltr'><strong>oblinam</strong></span> <span class='ocrx_word' id='word_1_252' title='bbox 900 3361 962 3406; x_wconf 89' lang='lat' dir='ltr'><strong>uon</strong></span> <span class='ocrx_word' id='word_1_253' title='bbox 983 3353 1117 3424; x_wconf 87' lang='lat' dir='ltr'><strong>possent,</strong></span> <span class='ocrx_word' id='word_1_254' title='bbox 1139 3363 1193 3408; x_wconf 89' lang='lat' dir='ltr'><strong>our</strong></span> <span class='ocrx_word' id='word_1_255' title='bbox 1206 3345 1264 3412; x_wconf 81' lang='lat' dir='ltr'><strong>luo·</strong></span> 
     </span>
     <span class='ocr_line' id='line_1_28' title="bbox 35 3445 1264 3532; baseline -0.005 -18"><span class='ocrx_word' id='word_1_256' title='bbox 35 3453 151 3515; x_wconf 85' lang='lat' dir='ltr'><strong>minem</strong></span> <span class='ocrx_word' id='word_1_257' title='bbox 173 3452 250 3532; x_wconf 88' lang='lat' dir='ltr'><strong>apud</strong></span> <span class='ocrx_word' id='word_1_258' title='bbox 272 3451 444 3514; x_wconf 57' lang='lat' dir='ltr'><strong>&amp;moabiae</strong></span> <span class='ocrx_word' id='word_1_259' title='bbox 466 3450 677 3532; x_wconf 85' lang='lat' dir='ltr'><strong>poenitentem,</strong></span> <span class='ocrx_word' id='word_1_260' title='bbox 699 3448 730 3512; x_wconf 88' lang='lat' dir='ltr'><strong>in</strong></span> <span class='ocrx_word' id='word_1_261' title='bbox 752 3447 873 3512; x_wconf 80' lang='lat' dir='ltr'><strong>caritate</strong></span> <span class='ocrx_word' id='word_1_262' title='bbox 896 3445 1180 3522; x_wconf 72' lang='lat' dir='ltr'><strong>enumeremus,</strong></span> <span class='ocrx_word' id='word_1_263' title='bbox 1203 3447 1264 3509; x_wconf 81' lang='lat' dir='ltr'><strong>Ga-</strong></span> 
     </span>
     <span class='ocr_line' id='line_1_29' title="bbox 36 3548 1265 3632; baseline -0.004 -18"><span class='ocrx_word' id='word_1_264' title='bbox 36 3553 113 3616; x_wconf 84' lang='lat' dir='ltr'><strong>latae</strong></span> <span class='ocrx_word' id='word_1_265' title='bbox 137 3569 211 3615; x_wconf 81' lang='lat' dir='ltr'><strong>asro</strong></span> <span class='ocrx_word' id='word_1_266' title='bbox 233 3563 399 3616; x_wconf 86' lang='lat' dir='ltr'><strong>retrorsum</strong></span> <span class='ocrx_word' id='word_1_267' title='bbox 421 3552 564 3616; x_wconf 88' lang='lat' dir='ltr'><strong>abeuntes</strong></span> <span class='ocrx_word' id='word_1_268' title='bbox 586 3551 722 3632; x_wconf 82' lang='lat' dir='ltr'><strong>parturit,</strong></span> <span class='ocrx_word' id='word_1_269' title='bbox 745 3553 840 3615; x_wconf 81' lang='lat' dir='ltr'><strong>donee</strong></span> <span class='ocrx_word' id='word_1_270' title='bbox 858 3551 1017 3630; x_wconf 74' lang='lat' dir='ltr'><strong>{emetur</strong></span> <span class='ocrx_word' id='word_1_271' title='bbox 1037 3551 1148 3611; x_wconf 83' lang='lat' dir='ltr'><strong>s‘terssss</strong></span> <span class='ocrx_word' id='word_1_272' title='bbox 1168 3548 1198 3610; x_wconf 91' lang='lat' dir='ltr'><strong>in</strong></span> <span class='ocrx_word' id='word_1_273' title='bbox 1220 3549 1265 3610; x_wconf 86' lang='lat' dir='ltr'><strong>eis</strong></span> 
     </span>
     <span class='ocr_line' id='line_1_30' title="bbox 39 3647 1263 3732; baseline -0.006 -14"><span class='ocrx_word' id='word_1_274' title='bbox 39 3651 209 3720; x_wconf 71' lang='lat' dir='ltr'><strong>aarum?</strong></span> <span class='ocrx_word' id='word_1_275' title='bbox 251 3653 324 3718; x_wconf 81' lang='lat' dir='ltr'><strong>Cum</strong></span> <span class='ocrx_word' id='word_1_276' title='bbox 346 3663 445 3718; x_wconf 87' lang='lat' dir='ltr'><strong>autem</strong></span> <span class='ocrx_word' id='word_1_277' title='bbox 466 3653 535 3716; x_wconf 88' lang='lat' dir='ltr'><strong>dieit</strong></span> <span class='ocrx_word' id='word_1_278' title='bbox 556 3657 677 3726; x_wconf 76' lang='lat' dir='ltr'><strong>iterun,</strong></span> <span class='ocrx_word' id='word_1_279' title='bbox 699 3652 856 3732; x_wconf 86' lang='lat' dir='ltr'><strong>pristinem</strong></span> <span class='ocrx_word' id='word_1_280' title='bbox 879 3667 982 3714; x_wconf 86' lang='lat' dir='ltr'><strong>eorum</strong></span> <span class='ocrx_word' id='word_1_281' title='bbox 1003 3649 1035 3710; x_wconf 89' lang='lat' dir='ltr'><strong>iu</strong></span> <span class='ocrx_word' id='word_1_282' title='bbox 1057 3647 1171 3728; x_wconf 89' lang='lat' dir='ltr'><strong>Spiritu</strong></span> <span class='ocrx_word' id='word_1_283' title='bbox 1191 3665 1263 3729; x_wconf 84' lang='lat' dir='ltr'><strong>per·</strong></span> 
     </span>
     <span class='ocr_line' id='line_1_31' title="bbox 35 3749 1263 3835; baseline -0.005 -17"><span class='ocrx_word' id='word_1_284' title='bbox 35 3758 200 3820; x_wconf 76' lang='lat' dir='ltr'><strong>terdonam</strong></span> <span class='ocrx_word' id='word_1_285' title='bbox 221 3757 359 3820; x_wconf 81' lang='lat' dir='ltr'><strong>dederat.</strong></span> <span class='ocrx_word' id='word_1_286' title='bbox 403 3756 463 3820; x_wconf 84' lang='lat' dir='ltr'><strong>Gur</strong></span> <span class='ocrx_word' id='word_1_287' title='bbox 483 3773 554 3819; x_wconf 84' lang='lat' dir='ltr'><strong>rere</strong></span> <span class='ocrx_word' id='word_1_288' title='bbox 575 3753 722 3817; x_wconf 73' lang='lat' dir='ltr'><strong>uanum</strong></span> <span class='ocrx_word' id='word_1_289' title='bbox 748 3753 900 3835; x_wconf 63' lang='lat' dir='ltr'><strong>summos</strong></span> <span class='ocrx_word' id='word_1_290' title='bbox 921 3749 1133 3832; x_wconf 86' lang='lat' dir='ltr'><strong>poeniteutiam</strong></span> <span class='ocrx_word' id='word_1_291' title='bbox 1156 3749 1263 3814; x_wconf 81' lang='lat' dir='ltr'><strong>toden-</strong></span> 
     </span>
    </p>
   </div>
   <div class='ocr_carea' id='block_1_5' title="bbox 33 3897 1265 4244">
    <p class='ocr_par' dir='ltr' id='par_1_12' title="bbox 33 3897 1265 4244">
     <span class='ocr_line' id='line_1_32' title="bbox 66 3897 1265 3988; baseline -0.008 -28"><span class='ocrx_word' id='word_1_292' title='bbox 66 3913 83 3961; x_wconf 84' lang='lat' dir='ltr'><strong>t.</strong></span> <span class='ocrx_word' id='word_1_293' title='bbox 103 3913 167 3975; x_wconf 70' lang='lat' dir='ltr'><strong>lies.</strong></span> <span class='ocrx_word' id='word_1_294' title='bbox 193 3919 218 3961; x_wconf 90' lang='lat' dir='ltr'><strong>et</strong></span> <span class='ocrx_word' id='word_1_295' title='bbox 240 3911 339 3976; x_wconf 64' lang='lat' dir='ltr'><strong>Serum.</strong></span> <span class='ocrx_word' id='word_1_296' title='bbox 357 3901 462 3965; x_wconf 72' lang='grc' dir='ltr'><strong>αὐτούς.</strong></span> <span class='ocrx_word' id='word_1_297' title='bbox 498 3910 549 3960; x_wconf 86' lang='lat' dir='ltr'><strong>llos</strong></span> <span class='ocrx_word' id='word_1_298' title='bbox 567 3909 624 3971; x_wconf 66' lang='lat' dir='ltr'><strong>lter.</strong></span> <span class='ocrx_word' id='word_1_299' title='bbox 675 3897 884 3988; x_wconf 36' lang='lat' dir='ltr'><strong>nsplnlt&#39;aosirso</strong></span> <span class='ocrx_word' id='word_1_300' title='bbox 900 3897 1265 3983; x_wconf 31' lang='lat' dir='ltr'><strong>upgoposdpsorllspmilso</strong></span> 
     </span>
     <span class='ocr_line' id='line_1_33' title="bbox 33 3965 1264 4060; baseline -0.006 -30"><span class='ocrx_word' id='word_1_301' title='bbox 33 3981 138 4060; x_wconf 63' lang='lat' dir='ltr'><strong>Sepone.</strong></span> <span class='ocrx_word' id='word_1_302' title='bbox 165 3979 263 4057; x_wconf 68' lang='lat' dir='ltr'><strong>qobler.</strong></span> <span class='ocrx_word' id='word_1_303' title='bbox 287 3987 311 4030; x_wconf 83' lang='lat' dir='ltr'><strong>st</strong></span> <span class='ocrx_word' id='word_1_304' title='bbox 334 3979 438 4032; x_wconf 73' lang='lat' dir='ltr'><strong>deletu.</strong></span> <span class='ocrx_word' id='word_1_305' title='bbox 460 3979 481 4028; x_wconf 93' lang='lat' dir='ltr'><strong>l.</strong></span> <span class='ocrx_word' id='word_1_306' title='bbox 496 3971 625 4056; x_wconf 68' lang='lat' dir='ltr'><strong>¹lupellus.</strong></span> <span class='ocrx_word' id='word_1_307' title='bbox 676 3989 726 4025; x_wconf 86' lang='lat' dir='ltr'><strong>rou</strong></span> <span class='ocrx_word' id='word_1_308' title='bbox 745 3973 843 4056; x_wconf 68' lang='lat' dir='ltr'><strong>Perper</strong></span> <span class='ocrx_word' id='word_1_309' title='bbox 859 3965 1014 4053; x_wconf 66' lang='lat' dir='ltr'><strong>lantonae.</strong></span> <span class='ocrx_word' id='word_1_310' title='bbox 1048 3971 1139 4050; x_wconf 57' lang='lat' dir='ltr'><strong>§emulsa</strong></span> <span class='ocrx_word' id='word_1_311' title='bbox 1163 3973 1264 4023; x_wconf 85' lang='lat' dir='ltr'><strong>babetur</strong></span> 
     </span>
     <span class='ocr_line' id='line_1_34' title="bbox 33 4039 1264 4244; baseline -0.003 -82"><span class='ocrx_word' id='word_1_312' title='bbox 33 4039 629 4200; x_wconf 58' lang='lat' dir='ltr'><strong>5:2¹¹.ss&#39;i&#39;ddoil&#39;0,.ttt.illlltl</strong></span> <span class='ocrx_word' id='word_1_313' title='bbox 678 4045 761 4178; x_wconf 68' lang='grc' dir='ltr'>ιιι.</span> <span class='ocrx_word' id='word_1_314' title='bbox 824 4041 1264 4244; x_wconf 55' lang='lat' dir='ltr'><strong>puu·,⁸a¹⁰¹0·:::.,::f‘:a</strong></span> 
     </span>
    </p>
   </div>
   <div class='ocr_carea' id='block_1_6' title="bbox 35 4175 1264 4315">
    <p class='ocr_par' dir='ltr' id='par_1_13' title="bbox 35 4175 1264 4315">
     <span class='ocr_line' id='line_1_35' title="bbox 35 4175 1264 4244; baseline -0.005 -12"><span class='ocrx_word' id='word_1_315' title='bbox 35 4187 56 4232; x_wconf 84' lang='lat' dir='ltr'><strong>is</strong></span> <span class='ocrx_word' id='word_1_316' title='bbox 73 4185 109 4234; x_wconf 73' lang='lat' dir='ltr'><strong>de</strong></span> <span class='ocrx_word' id='word_1_317' title='bbox 128 4221 136 4234; x_wconf 85' lang='lat'>.</span> <span class='ocrx_word' id='word_1_318' title='bbox 158 4185 258 4244; x_wconf 69' lang='lat' dir='ltr'><strong>Senes.</strong></span> <span class='ocrx_word' id='word_1_319' title='bbox 277 4183 373 4234; x_wconf 82' lang='lat' dir='ltr'><strong>Gobler.</strong></span> <span class='ocrx_word' id='word_1_320' title='bbox 393 4191 417 4234; x_wconf 84' lang='lat' dir='ltr'><strong>et</strong></span> <span class='ocrx_word' id='word_1_321' title='bbox 434 4181 538 4232; x_wconf 78' lang='lat' dir='ltr'><strong>t&#39;elelm</strong></span> <span class='ocrx_word' id='word_1_322' title='bbox 558 4181 580 4232; x_wconf 86' lang='lat' dir='ltr'><strong>l.</strong></span> <span class='ocrx_word' id='word_1_323' title='bbox 679 4181 820 4230; x_wconf 72' lang='lat' dir='ltr'><strong>luteciam</strong></span> <span class='ocrx_word' id='word_1_324' title='bbox 842 4175 950 4228; x_wconf 79' lang='lat' dir='ltr'><strong>Tomll.</strong></span> <span class='ocrx_word' id='word_1_325' title='bbox 969 4191 994 4241; x_wconf 89' lang='lat' dir='ltr'><strong>p.</strong></span> <span class='ocrx_word' id='word_1_326' title='bbox 1004 4175 1054 4226; x_wconf 72' lang='lat' dir='ltr'><strong>bal</strong></span> <span class='ocrx_word' id='word_1_327' title='bbox 1067 4175 1091 4224; x_wconf 84' lang='lat' dir='ltr'><strong>li.</strong></span> <span class='ocrx_word' id='word_1_328' title='bbox 1095 4175 1106 4238; x_wconf 75' lang='lat' dir='ltr'>J</span> <span class='ocrx_word' id='word_1_329' title='bbox 1117 4175 1178 4224; x_wconf 84' lang='lat' dir='ltr'><strong>iutra</strong></span> <span class='ocrx_word' id='word_1_330' title='bbox 1188 4175 1264 4226; x_wconf 85' lang='lat' dir='ltr'><strong>eden·</strong></span> 
     </span>
     <span class='ocr_line' id='line_1_36' title="bbox 64 4199 1263 4315; baseline -0.003 -15"><span class='ocrx_word' id='word_1_331' title='bbox 64 4269 87 4314; x_wconf 63' lang='lat' dir='ltr'><strong>a.</strong></span> <span class='ocrx_word' id='word_1_332' title='bbox 108 4199 127 4312; x_wconf 44' lang='grc' dir='ltr'>ξ</span> <span class='ocrx_word' id='word_1_333' title='bbox 148 4251 220 4300; x_wconf 83' lang='lat' dir='ltr'><strong>deest</strong></span> <span class='ocrx_word' id='word_1_334' title='bbox 236 4251 261 4300; x_wconf 90' lang='lat' dir='ltr'><strong>iu</strong></span> <span class='ocrx_word' id='word_1_335' title='bbox 279 4249 351 4301; x_wconf 81' lang='lat' dir='ltr'><strong>basil.</strong></span> <span class='ocrx_word' id='word_1_336' title='bbox 388 4239 630 4315; x_wconf 74' lang='lat' dir='ltr'><strong>Paulepoataairp&#39;r</strong></span> <span class='ocrx_word' id='word_1_337' title='bbox 679 4248 724 4299; x_wconf 89' lang='lat' dir='ltr'><strong>dis.</strong></span> <span class='ocrx_word' id='word_1_338' title='bbox 759 4247 811 4297; x_wconf 70' lang='lat' dir='ltr'><strong>loa</strong></span> <span class='ocrx_word' id='word_1_339' title='bbox 829 4245 886 4296; x_wconf 87' lang='lat' dir='ltr'><strong>editi</strong></span> <span class='ocrx_word' id='word_1_340' title='bbox 904 4253 959 4295; x_wconf 90' lang='lat' dir='ltr'><strong>ants</strong></span> <span class='ocrx_word' id='word_1_341' title='bbox 975 4235 1263 4310; x_wconf 68' lang='lat' dir='ltr'><strong>praemussitantes</strong></span> 
     </span>
    </p>
   </div>
   <div class='ocr_carea' id='block_1_7' title="bbox 32 4306 1321 4658">
    <p class='ocr_par' dir='ltr' id='par_1_14' title="bbox 33 4306 1265 4378">
     <span class='ocr_line' id='line_1_37' title="bbox 33 4306 1265 4378; baseline -0.003 -10"><span class='ocrx_word' id='word_1_342' title='bbox 33 4321 101 4370; x_wconf 84' lang='lat' dir='ltr'><strong>abest</strong></span> <span class='ocrx_word' id='word_1_343' title='bbox 120 4337 135 4370; x_wconf 86' lang='lat' dir='ltr'><strong>s</strong></span> <span class='ocrx_word' id='word_1_344' title='bbox 157 4317 233 4369; x_wconf 82' lang='lat' dir='ltr'><strong>basil.</strong></span> <span class='ocrx_word' id='word_1_345' title='bbox 679 4315 767 4366; x_wconf 85' lang='lat' dir='ltr'><strong>babent</strong></span> <span class='ocrx_word' id='word_1_346' title='bbox 783 4306 843 4374; x_wconf 73' lang='lat' dir='ltr'><strong>reis,</strong></span> <span class='ocrx_word' id='word_1_347' title='bbox 862 4315 903 4378; x_wconf 89' lang='lat' dir='ltr'><strong>qni</strong></span> <span class='ocrx_word' id='word_1_348' title='bbox 920 4313 990 4363; x_wconf 86' lang='lat' dir='ltr'><strong>deest</strong></span> <span class='ocrx_word' id='word_1_349' title='bbox 1007 4315 1030 4364; x_wconf 89' lang='lat' dir='ltr'><strong>iu</strong></span> <span class='ocrx_word' id='word_1_350' title='bbox 1049 4313 1105 4374; x_wconf 67' lang='lat' dir='ltr'><strong>iles.</strong></span> <span class='ocrx_word' id='word_1_351' title='bbox 1123 4312 1265 4374; x_wconf 65' lang='lat' dir='ltr'><strong>Seramisa.</strong></span> 
     </span>
    </p>

    <p class='ocr_par' dir='ltr' id='par_1_15' title="bbox 32 4377 1321 4658">
     <span class='ocr_line' id='line_1_38' title="bbox 65 4377 1321 4448; baseline -0.005 -10"><span class='ocrx_word' id='word_1_352' title='bbox 65 4391 89 4438; x_wconf 89' lang='lat' dir='ltr'><strong>b.</strong></span> <span class='ocrx_word' id='word_1_353' title='bbox 109 4387 214 4448; x_wconf 66' lang='lat' dir='ltr'><strong>Regias,</strong></span> <span class='ocrx_word' id='word_1_354' title='bbox 231 4385 331 4448; x_wconf 68' lang='lat' dir='ltr'><strong>Saeuam</strong></span> <span class='ocrx_word' id='word_1_355' title='bbox 348 4385 469 4445; x_wconf 78' lang='lat' dir='ltr'><strong>lasliean.</strong></span> <span class='ocrx_word' id='word_1_356' title='bbox 488 4385 586 4437; x_wconf 82' lang='lat' dir='ltr'><strong>Gebler.</strong></span> <span class='ocrx_word' id='word_1_357' title='bbox 604 4391 629 4436; x_wconf 85' lang='lat' dir='ltr'><strong>et</strong></span> <span class='ocrx_word' id='word_1_358' title='bbox 679 4381 776 4436; x_wconf 82' lang='lat' dir='ltr'><strong>Gobler.</strong></span> <span class='ocrx_word' id='word_1_359' title='bbox 793 4382 923 4445; x_wconf 49' lang='lat' dir='ltr'><strong>duplicat</strong></span> <span class='ocrx_word' id='word_1_360' title='bbox 941 4379 1078 4431; x_wconf 65' lang='lat' dir='ltr'><strong>delebunt.</strong></span> <span class='ocrx_word' id='word_1_361' title='bbox 1097 4377 1152 4430; x_wconf 71' lang='lat' dir='ltr'><strong>etl.</strong></span> <span class='ocrx_word' id='word_1_362' title='bbox 1189 4382 1263 4432; x_wconf 79' lang='lat' dir='ltr'><strong>Paulo</strong></span> <span class='ocrx_word' id='word_1_363' title='bbox 1317 4378 1321 4390; x_wconf 89' lang='grc'><strong><em>’</em></strong></span> 
     </span>
     <span class='ocr_line' id='line_1_39' title="bbox 33 4436 1266 4518; baseline -0.007 -12"><span class='ocrx_word' id='word_1_364' title='bbox 33 4456 142 4508; x_wconf 68' lang='lat' dir='ltr'><strong>retum.</strong></span> <span class='ocrx_word' id='word_1_365' title='bbox 161 4454 184 4505; x_wconf 90' lang='grc' dir='ltr'><strong>ι.</strong></span> <span class='ocrx_word' id='word_1_366' title='bbox 201 4446 330 4518; x_wconf 59' lang='lat' dir='ltr'><strong>ussup.</strong></span> <span class='ocrx_word' id='word_1_367' title='bbox 365 4453 426 4504; x_wconf 76' lang='lat' dir='ltr'><strong>earu</strong></span> <span class='ocrx_word' id='word_1_368' title='bbox 445 4445 468 4503; x_wconf 72' lang='lat' dir='ltr'><strong>ds</strong></span> <span class='ocrx_word' id='word_1_369' title='bbox 485 4454 525 4503; x_wconf 76' lang='lat' dir='ltr'><strong>ssu</strong></span> <span class='ocrx_word' id='word_1_370' title='bbox 538 4447 628 4501; x_wconf 75' lang='lat' dir='ltr'><strong>asee-</strong></span> <span class='ocrx_word' id='word_1_371' title='bbox 679 4460 735 4517; x_wconf 75' lang='lat' dir='ltr'><strong>pou</strong></span> <span class='ocrx_word' id='word_1_372' title='bbox 762 4451 817 4514; x_wconf 72' lang='lat' dir='ltr'><strong>uss.</strong></span> <span class='ocrx_word' id='word_1_373' title='bbox 845 4457 869 4500; x_wconf 85' lang='lat' dir='ltr'><strong>u</strong></span> <span class='ocrx_word' id='word_1_374' title='bbox 893 4449 924 4499; x_wconf 73' lang='lat' dir='ltr'><strong>se</strong></span> <span class='ocrx_word' id='word_1_375' title='bbox 942 4461 993 4499; x_wconf 73' lang='lat' dir='ltr'><strong>m.</strong></span> <span class='ocrx_word' id='word_1_376' title='bbox 1011 4439 1177 4514; x_wconf 61' lang='lat' dir='ltr'><strong>omnum</strong></span> <span class='ocrx_word' id='word_1_377' title='bbox 1193 4436 1266 4500; x_wconf 69' lang='lat' dir='ltr'><strong>siras</strong></span> 
     </span>
     <span class='ocr_line' id='line_1_40' title="bbox 32 4509 1263 4588; baseline -0.002 -18"><span class='ocrx_word' id='word_1_378' title='bbox 32 4537 79 4588; x_wconf 67' lang='grc' dir='ltr'><strong>τῃ.</strong></span> <span class='ocrx_word' id='word_1_379' title='bbox 116 4522 196 4574; x_wconf 83' lang='lat' dir='ltr'><strong>Baail.</strong></span> <span class='ocrx_word' id='word_1_380' title='bbox 214 4519 388 4584; x_wconf 66' lang='lat' dir='ltr'><strong>admeruissem</strong></span> <span class='ocrx_word' id='word_1_381' title='bbox 402 4515 623 4586; x_wconf 62' lang='lat' dir='ltr'><strong>toreumata».</strong></span> <span class='ocrx_word' id='word_1_382' title='bbox 677 4517 743 4574; x_wconf 71' lang='grc' dir='ltr'><strong><em>τοῖς·</em></strong></span> <span class='ocrx_word' id='word_1_383' title='bbox 796 4511 830 4567; x_wconf 81' lang='lat' dir='ltr'><strong>rs&#39;s</strong></span> <span class='ocrx_word' id='word_1_384' title='bbox 862 4509 894 4566; x_wconf 72' lang='lat' dir='ltr'><strong>sl</strong></span> <span class='ocrx_word' id='word_1_385' title='bbox 919 4577 923 4584; x_wconf 36' lang='grc' dir='ltr'>Ι</span> <span class='ocrx_word' id='word_1_386' title='bbox 954 4510 1038 4586; x_wconf 73' lang='lat' dir='ltr'><strong>aspir</strong></span> <span class='ocrx_word' id='word_1_387' title='bbox 1065 4509 1263 4584; x_wconf 67' lang='grc' dir='ltr'><strong>ἁμαρτάνουσι</strong></span> 
     </span>
     <span class='ocr_line' id='line_1_41' title="bbox 33 4578 1258 4658; baseline -0.011 -13"><span class='ocrx_word' id='word_1_388' title='bbox 33 4593 91 4658; x_wconf 63' lang='lat' dir='ltr'><strong>lies.</strong></span> <span class='ocrx_word' id='word_1_389' title='bbox 101 4591 240 4655; x_wconf 69' lang='lat' dir='ltr'><strong>etSernsr.</strong></span> <span class='ocrx_word' id='word_1_390' title='bbox 250 4591 311 4642; x_wconf 82' lang='lat' dir='ltr'><strong>haee</strong></span> <span class='ocrx_word' id='word_1_391' title='bbox 326 4590 357 4642; x_wconf 88' lang='lat' dir='ltr'><strong>ad</strong></span> <span class='ocrx_word' id='word_1_392' title='bbox 375 4592 507 4655; x_wconf 72' lang='lat' dir='ltr'><strong>marginem</strong></span> <span class='ocrx_word' id='word_1_393' title='bbox 524 4589 626 4641; x_wconf 81' lang='lat' dir='ltr'><strong>lubeat:</strong></span> <span class='ocrx_word' id='word_1_394' title='bbox 677 4589 744 4654; x_wconf 68' lang='lat' dir='ltr'><strong>tiles.</strong></span> <span class='ocrx_word' id='word_1_395' title='bbox 756 4578 977 4657; x_wconf 74' lang='lat' dir='ltr'><strong>npapssimrar)</strong></span> <span class='ocrx_word' id='word_1_396' title='bbox 993 4578 1100 4655; x_wconf 65' lang='grc' dir='ltr'><strong>εἴρηται</strong></span> <span class='ocrx_word' id='word_1_397' title='bbox 1116 4579 1150 4636; x_wconf 75' lang='lat' dir='ltr'><strong>ab</strong></span> <span class='ocrx_word' id='word_1_398' title='bbox 1168 4578 1258 4651; x_wconf 73' lang='grc' dir='ltr'><strong><em>ῥητόν.</em></strong></span> 
     </span>
    </p>
   </div>
   <div class='ocr_carea' id='block_1_8' title="bbox 0 0 1536 5044">
    <p class='ocr_par' dir='ltr' id='par_1_16' title="bbox 0 0 1536 5044">
     <span class='ocr_line' id='line_1_42' title="bbox 0 0 1536 5044; baseline 0 2"><span class='ocrx_word' id='word_1_399' title='bbox 0 0 1536 5044; x_wconf 95' lang='lat' dir='ltr'><strong> </strong></span> 
     </span>
    </p>
   </div>
  </div>
 </body>
</html>
