3110 5064
385 375 527 418 srtsrott
544 372 582 416 DE
597 373 740 416 DRGRD'HD
756 371 900 417 ΜΟΑΕΝΑΒ
916 373 1032 417 sinunt.
1281 354 1321 421 ⁴3
1338 413 1342 422 ,

117 523 249 596 didenmt,
271 541 327 587 nec
347 526 425 586 idem
448 543 516 587 esse
537 532 638 604 potest
659 523 737 586 titius
761 533 791 585 et
812 531 939 598 creatus,
961 541 1000 585 ne
1022 523 1156 586 videlicet
1179 525 1243 587 eius
1265 541 1406 588 uer-ren.

116 635 170 688 tura
191 635 274 687 etex
295 626 358 688 Deo
381 631 411 687 et
432 619 513 687 extre
537 625 630 686 Deum
653 641 723 686 esse
746 623 938 687 existimetur.
1037 695 1040 706 Ι

187 1035 231 1094 tr.
275 1032 352 1094 Num
386 1049 457 1112 ergo
490 1033 598 1093 frustra
630 1031 719 1093 rerba
755 1031 803 1093 ilia
831 1031 940 1111 scripta
969 1029 1062 1092 sunt?
1105 1029 1148 1094 tta
1177 1031 1256 1092 euim
1279 1031 1320 1093 ilii
1412 1095 1416 1104 ,

112 1130 187 1192 veluti
207 1131 329 1193 cuiiorrm
353 1151 474 1194 examen
497 1141 692 1194 murmurant.
736 1132 856 1194 Minime
877 1151 967 1204 νοτυς
989 1149 1050 1192 non
1065 1131 1174 1192 trustra
1190 1132 1238 1194 iiia
1253 1142 1322 1194 sunt

112 1231 221 1311 scripte,
250 1234 302 1294 sed
325 1251 468 1314 perquam
489 1231 670 1295 necessarie.
714 1233 765 1294 iiie
789 1234 866 1295 enim
890 1233 976 1294 etiam
1000 1232 1092 1294 creari
1116 1232 1239 1307 dicitur,
1267 1233 1320 1294 sed

111 1351 165 1394 urm
191 1335 278 1396 homo
310 1336 404 1396 tactus
433 1342 495 1410 est3
527 1334 557 1396 id
586 1335 664 1396 enim
687 1341 735 1396 est
755 1333 885 1396 hominis
907 1335 1071 1415 proprium.
1116 1332 1202 1394 Hunc
1223 1339 1405 1398 antemonet.

112 1451 166 1495 esse
187 1435 354 1515 scripturae
377 1454 500 1498 sensum
522 1435 570 1496 ilie
593 1437 732 1514 reperiet,
755 1436 805 1514 qui
828 1453 878 1496 eas
902 1453 963 1497 nou
985 1453 1055 1496 esse
1071 1434 1168 1495 obiter
1182 1435 1320 1515 legendus

111 1536 234 1608 edemus,
256 1544 394 1617 tempus,
423 1555 571 1617 personas
600 1555 633 1597 ac
661 1555 761 1598 rerum
784 1537 960 1616 scriptarum
982 1553 1100 1598 causam
1123 1537 1321 1616 investigabit,

109 1655 136 1697 er
153 1637 270 1716 proinde
292 1657 368 1718 quae
389 1639 503 1717 legerit,
526 1637 663 1718 dispiciet
678 1637 903 1718 'perpendetque
925 1657 1036 1700 secum.
1081 1638 1182 1717 itaque
1204 1637 1322 1701 iilorum

109 1737 248 1800 corborum
276 1747 396 1820 tempus
419 1757 488 1802 esse
511 1739 657 1812 inveniet,
686 1757 752 1800 cum
776 1740 914 1801 nimirum
938 1739 1098 1810 Dominus,
1128 1740 1178 1818 qui
1204 1759 1323 1820 semper

110 1847 155 1912 est,
175 1850 273 1919 postea
296 1841 328 1902 in
351 1842 409 1902 tine
432 1841 617 1904 soeculorum
640 1842 731 1902 homo
754 1843 926 1913 estractus,
950 1847 978 1901 et
1001 1841 1050 1920 qui
1066 1840 1119 1902 Dei
1134 1841 1226 1902 Filius
1250 1849 1321 1914 eret,

110 1943 188 2003 tauns
210 1942 295 2004 etiam
319 1951 368 2003 est
389 1943 480 2004 Filius
502 1941 642 2014 hominis.
688 1941 814 2004 Causam
830 1959 948 2022 quoque
963 1941 1115 2021 percipiet,
1132 1943 1198 2021 quia
1214 1961 1321 2022 nempe

110 2059 164 2102 cum
183 2043 228 2105 iiie
249 2049 387 2106 nostrum
409 2054 546 2126 mortemm
559 2043 646 2104 veliet
668 2043 833 2116 destruere,
857 2043 994 2123 sibiipsi
1018 2063 1126 2124 corpus
1150 2063 1185 2105 ex
1207 2045 1319 2124 virgine

108 2143 183 2206 diaria
212 2147 341 2226 occepit,
359 2153 406 2238 ἱιιι
437 2143 509 2206 iDud
541 2163 597 2224 pro
627 2145 766 2206 omnibus
794 2145 942 2206 victimam
972 2145 1050 2206 Petri
1085 2146 1230 2219 offerens,
1264 2163 1320 2208 nos

110 2261 196 2307 omues
217 2247 379 2319 liberaret,
409 2252 462 2330 pua·
480 2255 562 2308 metu
583 2250 692 2310 mortis
712 2265 771 2328 per
794 2257 889 2308 totoue
911 2252 1004 2310 eitum
1027 2251 1170 2310 seruituti
1197 2249 1323 2310 educarit

109 2365 222 2411 eremos.
264 2349 402 2412 Persona
425 2357 522 2411 autom
535 2347 695 2410 Salvatoris
718 2357 775 2422 est,
798 2350 879 2429 quod
901 2349 1020 2429 quidem
1035 2357 1105 2411 tunc
1120 2348 1237 2423 dieitur,
1253 2367 1320 2410 curm

110 2445 156 2508 iam
181 2469 302 2530 corpore
332 2459 450 2530 eccepto
479 2449 553 2512 haec
581 2450 635 2511 ait:
666 2451 815 2514 Dominus
844 2454 960 2514 erooer't
986 2471 1033 2514 me
1055 2454 1175 2513 initium
1197 2454 1318 2512 ciorum

110 2567 218 2613 suorum
237 2559 271 2615 tn
295 2571 391 2634 opero
413 2571 480 2614 suu.
524 2551 562 2614 Ut
584 2551 661 2613 enirn
684 2551 742 2627 iili,
765 2561 911 2632 quatenus
934 2551 1024 2613 Filius
1047 2552 1099 2613 Dei
1121 2560 1184 2626 est,
1208 2552 1320 2632 optime

111 2653 226 2714 convenit
253 2663 284 2716 et
314 2661 467 2716 aeternum
497 2671 567 2714 esse
597 2661 628 2714 et
654 2653 684 2714 in
717 2653 785 2714 sinu
807 2653 903 2715 Patris
932 2671 1016 2727 esse3
1046 2654 1085 2714 ita
1107 2651 1220 2714 homini
1243 2654 1319 2714 sacto

109 2761 175 2812 recte
195 2763 362 2836 congruunt
383 2755 457 2816 haec
477 2755 582 2816 rerba:
605 2755 754 2817 Dominus
778 2758 895 2818 creauit
915 2774 970 2816 me.
1016 2754 1101 2815 Tunc
1123 2752 1200 2813 enirn
1224 2752 1260 2813 de
1283 2769 1318 2811 eo

109 2851 212 2932 dieitur:
244 2865 275 2920 et
309 2855 445 2920 esurivit‘
463 2863 492 2916 et
520 2856 614 2918 sitivit
640 2865 671 2917 et
692 2856 886 2935 interrogavit
908 2855 956 2918 urbi
980 2856 1090 2916 iaceret
1110 2853 1258 2925 Lazarus,
1289 2862 1320 2913 et

108 2969 198 3028 passus
226 2965 292 3032 est,
321 2975 356 3018 ac
384 2957 555 3020 resurrexit.
602 2957 859 3030 Quemadmodum
888 2959 959 3019 item
982 2975 1047 3018 cum
1071 2973 1138 3018 eum
1160 2953 1318 3016 Dominum

109 3061 133 3112 et
148 3055 234 3118 Deum
253 3077 290 3120 ac
310 3077 409 3119 reram
432 3059 528 3121 lucem
550 3059 691 3138 appellari
714 3059 860 3134 audimus,
885 3060 965 3122 ilium
990 3057 1180 3137 intelligimus
1203 3075 1237 3118 ex
1260 3056 1318 3120 Pu-

109 3161 145 3215 tre
164 3175 239 3220 csse:
271 3160 316 3221 sic
338 3179 403 3222 cum
428 3160 476 3220 iila
499 3160 652 3233 audimus,
677 3161 816 3237 Creovit,
839 3181 948 3225 seruus
971 3171 1001 3223 ot
1018 3177 1132 3242 possus
1156 3169 1216 3230 est,
1246 3159 1320 3220 haec

109 3255 162 3319 eius
186 3259 330 3322 diuinitati
357 3261 490 3323 tribuere
513 3281 639 3341 aequum
662 3281 722 3323 non
746 3271 808 3336 est,
831 3272 864 3324 ut
886 3269 956 3343 pote
978 3281 1053 3341 quae
1075 3261 1111 3322 ub
1135 3260 1238 3322 eadem
1261 3259 1319 3320 sint

108 3356 196 3434 alieno,
217 3363 269 3424 sed
294 3362 391 3435 carni,
415 3381 502 3442 quern
524 3370 648 3442 propter
669 3381 726 3424 nos
750 3365 877 3444 accepit,
901 3365 984 3426 cuius
1008 3365 1063 3424 ista
1086 3361 1225 3424 nimirum
1250 3370 1319 3422 sunt

108 3462 226 3538 propriu
254 3481 330 3543 quae
359 3463 477 3543 quidem
507 3481 575 3526 caro
604 3482 664 3525 non
693 3463 769 3526 alius
792 3465 845 3526 sed
868 3464 963 3545 ipsius
987 3474 1033 3526 est
1054 3463 1151 3524 Verbi.
1198 3463 1318 3542 Siquis

110 3575 165 3618 roro
186 3571 281 3624 ortum
303 3565 372 3626 inde
394 3563 625 3627 emolumentum
648 3565 763 3628 discere
784 3567 871 3642 velit,
901 3567 929 3628 id
952 3566 1040 3627 etiam
1064 3575 1111 3626 est
1133 3573 1317 3643 reperturus.

110 3655 314 3728 nanterum
344 3683 415 3728 coro
438 3667 638 3746 factumest,
673 3676 705 3730 ut
734 3677 761 3729 et
790 3687 854 3730 eam
876 3687 932 3748 pro
956 3667 1094 3729 omnibus
1118 3668 1255 3738 offerret,
1289 3672 1320 3724 et

111 3775 155 3820 uos
179 3763 240 3826 eius
269 3767 391 3846 spiritus
422 3767 490 3830 iacti
511 3768 671 3848 participes
694 3768 733 3829 dii
755 3771 820 3832 fieri
842 3788 1021 3849 possemus,
1050 3769 1128 3847 quod
1152 3767 1236 3826 aliter
1258 3781 1318 3838 non

109 3865 291 3937 potuissemus
320 3869 481 3948 consequi,
509 3869 568 3930 uisi
597 3870 662 3949 ipse
690 3880 820 3934 creatum
850 3879 988 3933 nostrum
1018 3889 1125 3947 corpus
1155 3866 1317 3936 induissem

109 3962 146 4022 tic
172 3967 245 4030 euim
275 3969 381 4030 exinde
404 3977 434 4030 et
455 3971 592 4032 homines
615 3971 668 4032 Dei
699 3973 780 4033 etin
804 3971 922 4034 Christo
945 3971 1082 4034 homines
1107 3965 1246 4044 appellari
1268 3965 1316 4026 in-

109 4065 233 4142 cepimus.
276 4071 336 4132 Sed
363 4079 397 4132 ut
423 4091 480 4133 nos
503 4073 613 4152 Spiritu
644 4082 764 4151 accepto
792 4075 944 4153 propriam
974 4089 1034 4131 non
1068 4068 1230 4128 amittimus
1263 4085 1317 4128 ua-

108 4169 203 4240 turam,
234 4172 271 4232 ita
293 4171 456 4247 Dominus,
490 4183 647 4253 postquam
681 4173 771 4236 homo
793 4181 917 4255 propter
937 4191 994 4232 nus
1018 4173 1111 4232 tectus
1134 4176 1181 4231 est
1202 4177 1231 4230 et
1249 4187 1317 4230 eor-

108 4273 290 4352 reaccepit,
323 4274 403 4336 Deus
436 4273 628 4338 nihilominus
656 4276 789 4338 mansit'
819 4273 880 4334 Nee
912 4269 990 4332 enim
1024 4281 1149 4352 angusto
1182 4271 1316 4350 corporis

32 4513 36 4522 '
111 4523 207 4640 repostis
223 4527 315 4591 Regius.
351 4529 429 4580 Ceteri
450 4539 473 4580 et
490 4529 547 4580 editi
565 4532 677 4580 omittunt
762 4529 786 4576 b.
806 4528 861 4590 dep.
881 4519 976 4578 tettae.
