3088 5024
433 338 559 382 oenum
574 339 792 386 arommsnmu
806 340 895 386 mess
909 342 941 384 11.
1237 333 1297 401 931

67 486 176 570 pessis
204 485 302 550 locum
330 485 449 561 babuit.
480 488 606 568 ipseque
639 497 684 550 est
712 488 762 569 qui
790 507 807 552 e
835 491 976 570 passione
1005 502 1034 556 et
1065 503 1162 560 morte
1182 495 1385 563 uenatum.

72 592 186 654 Omnrb
203 608 262 668 per
282 592 382 670 ipsum
409 590 494 668 suctu
515 599 602 660 sust.
633 601 662 652 et
687 593 751 672 ipse
777 602 825 661 stt
852 603 943 674 caput
971 601 1111 676 corporis
1138 583 1299 673 ussurus,
1385 599 1387 604 ’
1416 603 1424 610 “

69 696 128 772 pot
148 701 193 776 ιιι
215 690 438 770 Primnpem'tus
461 695 652 762 semermis,
674 702 710 754 ιιι
731 695 772 756 ιιι
793 697 826 757 iar
849 694 997 768 omnibus,
1018 695 1123 776 iuquit,
1146 703 1210 779 spec
1228 706 1300 781 prr·-

67 801 189 862 monn
207 801 325 857 tenens.

163 997 212 1060 16.
257 993 316 1066 Cur
337 993 435 1074 itaque
457 993 645 1061 rationalium
668 1003 841 1059 naturarum
862 995 1033 1062 Creatorem
1052 997 1186 1073 vebum.
1203 1000 1301 1066 dicitis

70 1115 193 1160 earnem
212 1095 269 1158 sibi
291 1095 350 1175 ipsi
370 1095 597 1161 commiscuisse
617 1105 647 1158 et
664 1097 840 1165 rationalem
857 1098 1010 1162 bominem
1025 1101 1133 1167 lectum
1155 1101 1247 1164 esse?
1269 1111 1302 1168 st

70 1197 225 1278 quomodo
245 1196 434 1263 immutabile
450 1205 481 1260 et
501 1197 671 1262 invariabile
693 1217 817 1264 manens
839 1199 930 1264 homo
953 1201 1061 1267 laeuum
1083 1210 1140 1278 est,
1161 1203 1191 1266 si
1205 1203 1299 1267 reuo-

71 1300 171 1364 nelem
193 1298 270 1363 servi
292 1301 418 1362 formem
439 1317 499 1362 non
522 1300 758 1376 concinnaverit,
787 1310 819 1362 ut
841 1311 871 1364 et
892 1301 1021 1367 vernon
1043 1303 1226 1371 immutabile
1247 1324 1299 1368 es·
1391 1377 1395 1388 1

73 1411 132 1475 set,
154 1417 277 1462 manens
299 1401 379 1480 quod
402 1409 480 1473 eret,
507 1408 541 1492 et
566 1401 719 1465 rationalis
748 1401 840 1464 bonno
868 1403 899 1464 in
929 1411 1005 1464 terre
1034 1404 1200 1480 videretur,
1232 1406 1302 1468 lieet

72 1511 173 1571 tames
194 1503 275 1569 Deus
304 1499 410 1564 esset?
435 1567 438 1578 ,
460 1501 533 1564 Nam
562 1503 699 1569 caelestis
727 1503 817 1582 bonap
848 1503 1098 1581 statuminis,
1131 1523 1193 1570 uon
1220 1507 1304 1588 quod

72 1621 193 1670 caruem
221 1623 257 1666 ex
284 1602 365 1666 caelo
393 1612 524 1686 ¹stipitum
546 1604 729 1678 exhibuerit,
762 1605 815 1668 sed
836 1607 915 1689 quod
939 1625 1021 1679 eam,
1049 1625 1137 1686 quem
1165 1617 1301 1674 exterra

71 1707 197 1780 sumsit,
222 1705 384 1771 caelestem
406 1705 604 1770 constitueris
648 1707 762 1773 idcirco
785 1706 879 1787 qualis
901 1715 951 1770 est
971 1707 1110 1784 meleslis
1131 1710 1197 1786 ille,
1226 1711 1300 1774 tales
1386 1751 1390 1762 ·

70 1799 105 1870 ol
127 1807 271 1872 caelestes
293 1807 344 1880 illi,
367 1806 419 1886 qui
439 1825 495 1886 per
516 1807 680 1873 sanctitatis
704 1807 767 1872 eius
789 1809 1046 1890 participationem
1065 1811 1211 1882 scelestes
1232 1813 1303 1879 lacti

74 1917 160 1978 sunt.
193 1909 340 1982 Quocirca
366 1908 426 1988 ipsi
455 1927 530 1988 quse
558 1927 702 1988 corperea
729 1918 800 1974 sunt
827 1911 948 1990 propria
969 1913 1063 1978 luere.
1099 1913 1159 1982 Sed
1179 1931 1302 1979 ameum

73 2011 221 2077 obiicitis:
251 2010 433 2086 „Quomodo
456 2009 614 2078 Dominum
642 2011 754 2091 glories
782 2012 1006 2086 crucifixerunt,
1037 2013 1108 2096 quin
1131 2023 1228 2085 tmen
1250 2034 1301 2078 sc·

71 2111 231 2187 „eundum
260 2131 315 2204 ros
344 2111 473 2177 Verbum
501 2112 751 2176 mucihxerinti“
802 2113 886 2178 Absit
916 2121 951 2174 ut
980 2114 1039 2178 boc
1067 2115 1218 2190 dicamus,
1248 2115 1304 2178 sed

70 2213 203 2279 Verbum
224 2213 385 2292 ipromirrin
407 2216 588 2290 effecerunt,
619 2215 691 2280 dum
709 2233 822 2296 corpus
847 2215 931 2278 Verbi
953 2216 1034 2286 cruci
1056 2217 1185 2284 affixere.
1229 2217 1304 2297 hap

69 2317 153 2380 Deus
175 2315 294 2394 quidem
316 2325 370 2390 est,
394 2318 444 2396 qui
467 2317 630 2396 ignominie
652 2319 774 2382 affectus
797 2326 853 2392 est,
876 2318 979 2396 passio
1002 2325 1100 2382 autem
1121 2327 1153 2380 et
1171 2337 1255 2388 mors
1269 2337 1387 2388 eornm

69 2418 255 2482 resurrectio
283 2426 345 2480 tum
375 2419 473 2480 carnis
501 2427 564 2482 tum
594 2419 709 2482 enimse
731 2418 784 2480 Dei
806 2418 869 2480 luit.
914 2419 1080 2506 Propterea
1099 2419 1216 2489 ludaeis
1239 2408 1306 2486 llo?

68 2519 172 2584 minus
194 2520 251 2586 eit:
275 2519 552 2600 Solvitetemplnm
575 2520 639 2594 boc,
664 2531 694 2584 et
715 2524 748 2584 ιιι
771 2520 869 2582 tribus
893 2521 994 2585 diebus
1013 2522 1150 2590 accitu-lo
1164 2521 1251 2593 iilud,
1272 2530 1305 2586 ut

71 2621 118 2687 eit
137 2621 304 2700 Propheta:
326 2621 389 2684 Pro
412 2623 519 2703 peiles
542 2622 656 2688 credun
678 2631 724 2685 est
747 2625 779 2684 in
800 2631 928 2684 morans
951 2626 1052 2684 σιιιιιισ
1074 2625 1147 2694 eius,
1171 2623 1305 2686 sednon

70 2723 173 2804 ipsum
195 2721 334 2786 Verbum.
378 2722 504 2784 loannes
526 2731 624 2787 eutem
646 2722 705 2786 ail:
729 2720 786 2784 lile
808 2725 939 2786 σιιιιιισιιι
962 2739 1049 2782 ιιισιη
1068 2739 1128 2802 pro
1145 2723 1231 2786 nutu
1244 2742 1304 2802 pe-

70 2829 147 2890 suit.
193 2824 351 2896 Quomodo
379 2823 470 2903 igitur
497 2831 658 2903 potnerunt
684 2822 784 2886 iudsei
813 2820 955 2903 templum
976 2822 1029 2884 Ilei
1059 2821 1175 2886 solvere
1202 2831 1233 2886 et
1252 2823 1303 2888 in·-

71 2925 282 2988 dissolubiienn
307 2924 404 2990 carnis
426 2943 492 2988 cunr
515 2925 611 2988 Verbo
635 2923 875 2989 coniunctionem
898 2923 1055 2997 dirimere,
1077 2923 1104 2986 si
1126 2931 1158 2985 ut
1179 2943 1232 2986 ros
1255 2924 1303 2986 di-

70 3026 142 3092 citis
171 3027 308 3106 corporis
341 3045 424 3090 mors
447 3026 507 3090 'teli
534 3023 625 3096 modo
659 3023 803 3105 contigit?
846 3025 950 3104 Neque
984 3024 1062 3086 eninr
1095 3025 1226 3090 occisum
1258 3033 1305 3090 est

70 3146 204 3208 eorpus,
233 3129 260 3188 si
288 3145 305 3188 a
337 3128 418 3192 nullo
441 3137 610 3208 separatum
634 3135 689 3190 est.
732 3127 765 3189 Si
788 3127 866 3191 eninr
889 3126 1044 3190 dissolutio
1066 3129 1224 3190 iudanon
1247 3135 1303 3198 cst.

71 3249 174 3310 neque
195 3247 279 3292 mors
302 3229 440 3308 contigit3
464 3229 491 3295 si
512 3247 595 3292 mors
618 3247 679 3290 non
702 3228 765 3301 luit,
792 3245 890 3307 neque
912 3228 1092 3290 resurreetio
1115 3229 1180 3310 luit
1219 3210 1306 3292 ¹tlon-

72 3332 174 3396 eedite
193 3331 285 3411 igitur
307 3331 532 3394 dissolutionem
555 3339 585 3394 ct
608 3329 826 3409 separationem
849 3349 865 3390 a
889 3347 1016 3410 corpore
1037 3331 1143 3394 lactem
1163 3348 1252 3406 esse,
1275 3337 1309 3392 ut

73 3433 221 3513 scriptum
251 3442 298 3494 est
326 3433 357 3493 in
384 3431 565 3510 Evangeliis:
595 3432 791 3514 Exspiravit,
820 3439 850 3494 et
873 3431 1025 3494 inclinate
1055 3435 1151 3510 cupite
1180 3432 1309 3494 tradidit

72 3539 230 3616 spiritum,
253 3541 287 3596 ut
308 3533 447 3609 sciamus,
468 3533 586 3614 qualem
608 3534 748 3614 spiritum
770 3533 946 3596 existimetis
962 3549 978 3592 a
994 3548 1122 3609 corpere
1137 3531 1307 3592 excessisse

71 3639 181 3716 sicque
202 3645 327 3701 mortem
351 3635 520 3700 obvenisse.
564 3634 687 3697 Dixistis
711 3634 799 3707 enim,
822 3651 889 3696 eum
911 3649 1029 3696 carnem
1052 3647 1114 3692 non
1136 3628 1306 3693 subsisten-

73 3749 140 3804 tem
163 3737 220 3806 sibi
243 3737 481 3800 commiscuisset
503 3735 647 3808 Verbum,
680 3753 750 3796 rere
771 3733 947 3796 rationalem
970 3741 1000 3796 et
1020 3731 1186 3812 perieulum
1206 3729 1307 3795 bomi-

71 3856 149 3902 nem
170 3838 350 3903 exhibuisse.
394 3838 426 3900 Si
448 3838 538 3918 igitur
559 3835 687 3905 Verbrun
714 3835 844 3898 excessit
865 3853 881 3896 c
904 3851 1032 3912 corpore
1052 3838 1141 3910 atque
1160 3832 1204 3896 itu
1225 3847 1308 3904 mors

71 3939 208 4013 obvenit,
226 3940 373 4003 xadversus
395 3939 489 4004 ileum
511 3939 612 4004 ludaei
634 3937 836 4014 invaluerunt,
867 3953 934 4000 cum
962 3932 1200 4002 indissolubilem
1221 3949 1307 3996 conr.-

69 4161 209 4224 θρωπσν,
236 4167 331 4221 preater
354 4158 459 4208 Felclnn.
477 4158 517 4218 2,
548 4160 588 4223 qni
613 4173 666 4208 cunr
754 4175 774 4208 c.
792 4147 853 4205 καθ’
874 4147 945 4221 ὑμᾶς
963 4155 1031 4204 deest
1049 4153 1072 4202 in
1091 4153 1192 4213 Segner.
1335 4212 1339 4220 Ι

72 4228 151 4280 editis
168 4226 241 4276 habet
258 4219 462 4292 συστησάμενος
483 4222 597 4292 γέγονεν
623 4217 669 4274 ἄν·
753 4227 776 4276 d.
795 4225 893 4276 Goblsr.
912 4231 935 4272 et
952 4222 1057 4272 inicum.
1072 4220 1094 4270 1.
1117 4213 1163 4268 set
1186 4211 1309 4268 i’lmcir·

71 4297 200 4364 θρωπσς.
718 4307 766 4352 rope
784 4283 867 4345 αιίτός
884 4299 929 4341 etc.

108 4365 136 4412 b.
160 4363 259 4424 sepner.
279 4354 329 4422 τὴν
357 4351 386 4416 ἐξ
408 4351 500 4412 αὐτοῦ.
543 4361 587 4412 stu
611 4375 668 4412 sero
754 4375 775 4411 e.
794 4351 830 4407 ἄν
846 4361 915 4410 deest
933 4359 957 4408 in
975 4357 1075 4418 Segosa.

73 4445 134 4481 cum
153 4429 224 4480 editis
241 4421 292 4488 τὴν
310 4419 402 4478 αὐτοῦ.
437 4429 490 4480 hlos
506 4422 549 4477 διὸ
566 4423 613 4476 καὶ
630 4419 668 4478 oi·
754 4428 771 4478 i.
790 4419 833 4475 itt
856 4427 925 4477 deest
950 4427 974 4474 iu
998 4425 1099 4484 Seguer.
1141 4422 1194 4474 idon
1212 4422 1310 4481 Gobler.

69 4492 189 4548 scentes
206 4489 240 4545 ut
259 4494 307 4545 τοῦ
325 4490 454 4563 σώματος
471 4498 558 4548 desunt
581 4499 604 4548 in
623 4495 668 4548 Se·
719 4503 743 4546 et
761 4495 867 4553 delebor.
883 4494 906 4544 1.
918 4485 1049 4574 ‚strepa

72 4581 146 4630 guen.
165 4565 264 4618 Gobler.
282 4572 305 4616 et
323 4565 429 4616 Fetcbm.
450 4565 470 4614 ι.
753 4572 776 4626 32
793 4563 892 4627 Ssgner.
910 4555 1108 4612 ανιιιιόιακτιι.

1051 4643 1107 4696 es*
