3006 5054
228 349 270 411 *ίο
628 360 654 404 ε.
669 359 823 404 numm
839 361 1063 405 ιιισσπειεεουι

143 505 535 592 νωκύπολυμβάνοντες,
567 505 599 572 οἱ
620 513 757 594 ποίησιν
779 500 880 572 αύτού
901 503 959 594 τὴν
981 511 1081 573 θείαν
1102 504 1158 572 καὶ
1179 505 1321 594 άῤῥητον
1341 511 1447 592 γέννη-

230 633 284 676 σιν
306 611 410 694 λέγειν
431 609 625 692 τολμῶντες.
671 602 737 673 055
762 597 820 674 σόν
841 607 1066 693 καταμερίζειν
1086 607 1145 695 χρὴ
1169 607 1216 686 εἰς
1229 617 1318 693 τρεῖς
1332 606 1450 692 θεότη-

228 735 291 789 τος
318 708 376 796 τὴν
403 707 603 796 θαυμαστὴν
630 707 686 774 καὶ
713 715 813 777 θείαν
834 707 979 793 μονάδα,
1002 705 1078 775 ούτε
1099 708 1236 794 ποιήσει
1256 708 1390 776 κωλύειν
1409 709 1448 774 τὸ

229 805 362 895 άξίωμα
382 808 437 876 καὶ
458 807 497 875 τό
519 804 725 895 ὑπερβάλλον
746 813 889 894 μέγεθος
909 811 968 875 τοῦ
990 815 1112 896 κυρίου,
1137 804 1221 874 άλλόι
1235 815 1450 876 πεπιστευκέ-

230 935 288 980 ναι
314 911 362 989 ελς
389 908 472 978 θεὸν
494 915 623 995 πατέρα
644 909 911 996 παντοκράτορα,
940 909 997 976 καλ
1018 909 1065 988 εἷς
1086 907 1234 994 Χριστόν
1253 906 1374 996 Ἰησοῦν
1394 908 1450 976 τόν

230 1010 304 1078 υίὸν
334 1007 451 1090 αὐτοῦ,
480 1009 536 1077 καὶ
565 1010 612 1089 εἷς
633 1010 671 1076 τὸ
694 1007 788 1095 άγιον
810 1015 956 1094 πνεῦμα,
989 1006 1145 1096 ἡνῶσθαι
1167 1011 1203 1076 δέ
1224 1013 1272 1096 τῷ
1293 1013 1365 1097 θεῷ
1385 1014 1451 1076 τῶν

231 1109 318 1178 ὅλων
339 1111 398 1179 τὸν
419 1110 533 1198 λόγον·
556 1111 619 1198 ἐγὼ
640 1109 711 1197 γάρ,
735 1117 827 1199 φησί,
850 1110 906 1178 καὶ
928 1106 947 1177 5
969 1110 1079 1199 πατὴρ
1102 1111 1136 1178 έν
1157 1110 1299 1195 ἔσμεν’)·
1322 1104 1452 1196 καλέγώ

231 1213 265 1282 έν
295 1217 342 1300 τῷ
371 1220 490 1299 πατρί,
521 1212 576 1280 καλ
605 1208 622 1278 5
652 1212 761 1300 πατὴρ
785 1213 818 1280 ἰν
841 1212 953 1297 ἐμοί’).
999 1208 1085 1278 ούτω
1108 1210 1169 1297 γὰρ
1192 1207 1232 1278 ἂν
1253 1211 1310 1279 καὶ
1332 1208 1350 1299 5
1371 1217 1451 1278 θεία

158 1377 167 1389 ,
229 1313 325 1402 τριὰς
346 1318 399 1381 καί
421 1313 460 1379 τὸ
482 1311 575 1398 άγιον
597 1311 742 1400 κήρυγμα
763 1317 821 1398 τῆς
841 1320 1021 1398 μοναρχίας
1043 1312 1250 1394 όισσῶζοιτο.

279 1475 286 1492 ,
316 1422 367 1482 27.
411 1413 499 1498 Περὶ
525 1415 561 1480 δὲ
588 1415 647 1479 τοῦ
670 1409 786 1492 άῖόίως
816 1425 963 1482 συνεῖναι
983 1413 1041 1480 τόν
1063 1413 1159 1500 λόγον
1181 1418 1228 1500 τῷ
1250 1419 1369 1496 πατρί,
1397 1410 1453 1478 καὶ

229 1517 274 1601 μὴ
299 1516 411 1600 ἑτέρας
433 1508 548 1591 ούσίας
568 1507 590 1601 5
612 1508 842 1594 ὑποστάσεως,
873 1502 961 1582 ἀλλά
977 1518 1036 1603 τῆς
1056 1518 1114 1580 τοῦ
1137 1515 1265 1599 πατρός
1287 1515 1372 1582 ἴδιον
1393 1507 1455 1579 55-

230 1613 288 1682 τὸν
311 1609 404 1694 εἶναι,
429 1610 474 1693 ῶς
496 1613 662 1702 εἰρήκασιν
685 1614 717 1681 οἱ
740 1614 773 1682 ἐν
788 1617 828 1702 τῇ
844 1615 981 1701 συνόδῳ,
1005 1615 1124 1695 έξέοτω
1140 1615 1243 1682 πάλιν
1257 1611 1342 1699 ὑμᾶς
1357 1609 1449 1682 5555-

178 1733 180 1738 ’
232 1737 291 1782 σαι
317 1715 374 1784 καὶ
401 1714 494 1802 παρὰ
519 1719 579 1781 τοῦ
610 1715 798 1804 φιλοπόνου
824 1711 1014 1800 Ὠριγενούς,
1061 1713 1083 1782 5
1110 1718 1170 1799 μὲν
1198 1715 1258 1802 γὰρ
1283 1713 1328 1794 ῶς
1349 1716 1454 1803 ζητῶν

145 1841 222 1887 1³55.
231 1817 285 1884 καλ
307 1815 477 1901 γυμνάζων
499 1816 632 1902 ἐ’γραψε,
655 1820 759 1884 ταῦτα
779 1815 824 1904 μὴ
841 1811 886 1895 ῶς
900 1812 1000 1883 αύτοῢ
1012 1821 1213 1905 φρονοῦντος
1224 1819 1373 1899 δεχέσθω
1387 1837 1455 1894 τις·

231 1910 334 1982 ·άλλὰ
360 1920 426 1983 τῶν
456 1915 541 2002 πρός
569 1917 638 2002 ἔριν
660 1917 934 2005 φιλονεικούντων
957 1916 990 1984 ἒν
1012 1921 1059 2004 τῷ
1080 1918 1188 2004 ζητεῖν
1210 1911 1315 1996 ἀδεῶς
1338 1914 1456 2004 ὁρίζων

232 2009 467 2102 ἀποφαίνεται,
491 2020 607 2082 1’τοῦτο
629 2021 688 2082 τοῦ
711 2017 898 2104 φιλοπόνου
920 2017 959 2084 τό
982 2018 1134 2105 φρόνημά
1156 2017 1236 2085 ἐστι.
1273 2018 1356 2103 μετά
1377 2022 1457 2104 γοῦν

231 2114 274 2182 τὰ
295 2109 341 2194 ῶς
363 2115 396 2183 ἐν
417 2124 581 2204 γυμνασίᾳ
603 2117 760 2237 λεγόμεγα
782 2118 868 2203 πρὸς
889 2117 966 2197 τοὺς
988 2117 1186 2203 αἱρετικούς,
1222 2113 1323 2197 εὐθὺς
1355 2114 1456 2198 αὐτὸς

231 2216 441 2302 έπιφέρει
406 2241 448 2284 τα
469 2218 541 2286 ἰ’όια
563 2220 665 2304 λέγων
687 2214 809 2344 ρότως·
833 2219 879 2286 εἰ
902 2220 990 2290 ἔστινΙ
1013 2218 1107 2286 είκιόν
1128 2223 1187 2286 τού
1209 2222 1292 2286 5555
1314 2223 1373 2286 τού
1397 2213 1458 2286 55-

230 2315 349 2438 ρότοη,
380 2312 521 2403 άόρστος
550 2317 660 2386 εἰκῶν·
690 2318 753 2404 ε’γῶ
783 2321 818 2386 δὲ
846 2321 1013 2442 τολμησας
1035 2319 1263 2408 προςθείην”
1240 2347 1295 2400 αν,
1326 2317 1379 2388 ότι
1400 2320 1459 2387 καὶ

230 2414 394 2540 ὁμοιότης
416 2421 586 2541 τυγχάνων
609 2423 669 2486 τοῦ
697 2419 825 2504 πατρὸς
847 2416 905 2486 οὐκ
927 2421 1015 2488 ἔστιν
1039 2417 1094 2488 ότι
1116 2415 1174 2488 ούκ
1194 2421 1243 2506 ἠν.
1287 2419 1371 2488 πότε
1393 2420 1458 2508 γὰρ

232 2514 251 2584 5
271 2515 394 2598 θεὸς(
378 2543 395 2584 ο
411 2520 493 2586 κατὰ
507 2519 565 2588 τὸν
577 2515 725 2608 Ἰωάννην
742 2525 815 2610 φῶς
829 2517 1046 2608 λεγόμενος,“
1030 2519 1145 2600 οόεός
1159 2521 1220 2608 γὰρ
1236 2525 1309 2609 φῶς
1302 2521 1432 2588 Μ’ἒοτιν
1432 2535 1457 2602 J,

232 2613 436 2706 ἀπαύγασμα
458 2617 515 2688 οόκ
538 2618 681 2710 εἶχετῆς
704 2621 790 2746 ἰδίας
813 2622 924 2710 δόξης,
948 2623 1004 2690 ἵνα
1024 2621 1191 2710 τολμήσας
1211 2647 1263 2701 τις
1284 2618 1393 2743 άρχην
1406 2623 1458 2708 δῷ

231 2717 371 2790 εἶναι(
338 2726 462 2790 υιού
434 2723 615 2810 πρότερον
638 2721 695 2796 ούκ
717 2721 830 2806 5203,-
864 2723 949 2793 πότε
970 2719 1046 2792 55‘
1027 2749 1048 2810 η
1068 2727 1127 2811 τῆς
1149 2719 1289 2845 άῤῥήτου
1305 2722 1360 2790 καί
1374 2717 1459 2790 555-

230 2824 436 2908 τονομάστου
458 2824 515 2892 καὶ
536 2821 766 2946 άφθέγκτου”
749 2825 965 2904 υποστάσεως
985 2829 1044 2891 τοῦ
1066 2824 1194 2910 πατρὸς
1215 2821 1378 2904 ιιελιιιόν,
1362 2847 1459 2944 525-

230 2948 350 3008 ρακτηρ
360 2928 390 3004 ¹)
414 2923 560 3010 55759,t
543 2951 561 2992 ο
582 2927 750 3011 γινώσκων
772 2926 830 2992 τὸν
852 2931 990 3046 πατέρα,
1014 2921 1072 2992 οόκ
1086 2929 1144 3052 55,-
1178 2931 1376 2996 κατανοείτω
1384 2924 1460 3046 γάρ

231 3019 403 3105 ότσλμῶν
424 3024 480 3094 καὶ
502 3017 661 3109 λέγων’*
642 3053 681 3110 ην
703 3050 788 3092 ποτε
809 3022 865 3092 ὅτε
887 3022 945 3092 σύκ
965 3029 1004 3112 ἦν
1028 3023 1045 3092 ό
1068 3025 1148 3106 υἱός,
1173 3022 1226 3092 ότι
1248 3025 1316 3111 ερεῑ
1336 3023 1393 3091 καὶ
1414 3025 1459 3095 τό

231 3132 337 3210 σοφία
359 3126 442 3190 ποτὲ
464 3120 522 3192 οόκ
542 3115 590 3211 ἦν,
613 3151 669 3194 και
660 3126 786 3212 λόγος
808 3121 865 3193 οόκ
886 3116 935 3212 ἧν,
958 3130 1012 3194 καὶ
1034 3127 1099 3214 ζωὴ
1122 3121 1180 3194 οόκ
1201 3117 1248 3214 ἦν.
1279 3151 1335 3192 και
1326 3125 1460 3197 πάλιν

231 3223 265 3290 έν
287 3221 465 3310 ἑτέροις(
433 3222 520 3292 ούτω
542 3227 644 3311 λέγει·
667 3221 735 3292 άλλ
760 3222 796 3293 σύ
820 3233 921 3312 θέμις
943 3227 1031 3294 ἐστὶν
1047 3223 1123 3294 οόδὲ
1138 3222 1307 3296 ἀκίνδυνον
1325 3225 1382 3294 διὰ
1395 3227 1462 3313 τὴν

231 3317 410 3392 ἀσθένειαν
436 3321 529 3411 ἡμῶν
556 3325 596 3394 τό
625 3324 705 3396 όσσν
733 3322 783 3415 ἐφ’
807 3324 900 3416 ’ἡμῖν
923 3325 1191 3414 ἀποστερεῖσθαι
1210 3326 1268 3396 τόν
1288 3328 1373 3396 θεὸν
1394 3333 1459 3394 τοῦ

231 3419 285 3491 άελ
300 3424 455 3506 συνόντος
470 3424 559 3514 αύτῷ
575 3427 672 3516 λόγου
687 3433 892 3514 μονογενοῦς,
910 3436 1032 3518 σοφίας
1047 3427 1142 3508 ὄντος
1155 3419 1177 3517 5
1192 3434 1461 3516 προςέχαιρενἽ·

230 3522 318 3594 οὕτω
346 3527 407 3614 γάρ
429 3522 506 3596 οὐδὲ
528 3525 581 3598 άεὶ
600 3533 724 3618 χαίρων
746 3531 957 3616 νοηθήσεται.
1003 3531 1075 3598 ι’δοό
1097 3527 1193 3617 Ιἡμεῖς
1213 3532 1272 3614 μέν
1295 3530 1330 3596 ἐκ
1350 3537 1462 3598 πατέ-

230 3653 297 3714 ρων
321 3628 368 3750 559
390 3635 536 3714 πατέρας
558 3631 787 3718 διαβεβηκέναι
807 3629 866 3716 τὴν
888 3630 1042 3716 τοιαύτην
1064 3631 1214 3700 διάνοιαν
1236 3625 1461 3698 άποδεικνύο-

230 3751 306 3814 μεν·
335 3725 429 3814 ὑμεῖς
452 3731 504 3809 δέ,
534 3721 561 3798 5
584 3737 653 3800 νέοι
671 3726 826 3800 Ἰουδαῖοι
845 3734 901 3800 καὶ
923 3735 981 3798 τοῦ
1003 3732 1144 3820 Καιάφα
1164 3737 1331 3819 μαθηταί,
1360 3738 1461 3812 νίας

231 3831 296 3919 άρα
323 3835 390 3898 τῶν
418 3828 617 3920 ῥημάτων’
600 3836 691 3918 υμῶν
720 3833 807 3916 ἐ’χετε
829 3833 936 3951 δεῖξαι
956 3838 1120 3920 πατέραςχ
1154 3828 1222 3899 ἀλλ’
1249 3827 1366 3900 ούδένα
1388 3837 1461 3900 τῶν

231 3931 403 4022 φρονίμων
424 3933 480 4000 καὶ
500 3937 616 4022 σοφῶν
639 3927 679 4000 άν
694 3934 837 4000 εἴποιτε·
859 3933 982 4012 πάντες
995 3931 1060 4055 γὰρ
1071 3929 1156 4016 ὑμᾶς
1152 3928 1459 4054 άποστρέφσνται,

229 4035 318 4121 πλὴν
339 4034 442 4121 μόνον
464 4037 523 4102 τοῦ
545 4033 719 4120 διαβόλου·
741 4032 843 4118 μόνος
856 4033 917 4120 γὰρ
933 4029 1010 4116 υμῖν
1021 4057 1118 4114 ουτος
1128 4059 1186 4120 της
1196 4058 1350 4120 τοιαύτης
1364 4028 1461 4102 555-

301 4221 408 4276 Ῑλίοτσ.
430 4225 529 4286 1030.
616 4225 642 4285 2)
659 4224 726 4274 Ιοσσ.
748 4221 786 4284 14,
806 4222 845 4273 10.
932 4221 956 4282 3)
977 4223 1074 4274 λίοιο.
1096 4223 1119 4284 ί,
1138 4223 1162 4274 0.
1248 4223 1364 4286 5555.
1386 4223 1409 4282 1,
1430 4224 1457 4274 ἃ

231 4287 257 4348 5)
276 4287 343 4338 Ριοτ,
362 4289 386 4348 8,
405 4291 446 4340 30.

264 4421 375 4472 κῦετιε
394 4421 521 4482 legendum
541 4417 634 4474 σίλλΗ
616 4441 649 4480 α,
670 4427 741 4491 idque
759 4441 813 4477 σοι·
867 4427 923 4505 οος.
940 4437 1011 4491 μετα
1027 4439 1110 4490 γσυν
1137 4423 1177 4474 ubi
1202 4423 1242 4474 alii
1266 4421 1364 4474 5055
1381 4418 1461 4488 μετὰ

229 4492 287 4541 m'no
306 4489 377 4552 exigit
390 4503 487 4540 τουτον
868 4479 924 4541 σόν.

262 4560 286 4609 b.
304 4557 345 4608 Sic
360 4556 418 4620 Βες.
452 4557 497 4608 Alii
515 4567 538 4609 ιι
556 4559 612 4612 editi
630 4552 737 4610 τούτου.
762 4560 815 4612 Mox
901 4578 922 4612 α
939 4555 1047 4626 [flacc
1041 4575 1065 4612 ιο
1083 4561 1113 4612 iis
1131 4573 1192 4624 ηοει
1209 4559 1281 4612 hodie
1299 4564 1378 4610 ετιεσι
1397 4557 1461 4610 θεῖ-
