3106 5056
470 322 579 368 enarro
594 323 627 366 u.
644 321 909 368 murenarum.
955 316 965 334 ¹
1236 309 1306 374 tau

84 473 232 554 muroqui,
260 481 492 555 mnstauterque
512 473 543 536 in
566 472 685 536 Cirristo
709 472 858 546 vivemus,
881 474 1020 554 quoniam
1042 483 1111 539 ante
1133 473 1181 540 illa
1204 475 1390 540 omniur-ut.

84 575 135 638 rite
155 582 260 638 aesna
282 575 313 636 in
336 573 455 638 Christo
478 575 548 638 lesu
568 575 687 638 tundata
710 582 741 637 et
762 584 862 656 parato
885 577 984 639 tuerit.
1074 657 1083 677 ·

162 679 213 740 77.
257 675 319 738 Neu
347 677 425 738 enim
449 678 480 738 in
503 676 560 738 alio
583 693 671 756 quam
699 675 730 737 in
757 675 902 754 Domino,
936 678 986 758 qui
1015 687 1064 740 est
1088 687 1158 744 ante
1190 681 1307 749 meula

83 787 110 839 et
128 795 182 857 per
203 795 292 858 quem
314 777 389 840 taeta
411 787 483 840 sunt
505 778 639 853 saecuta,
670 777 759 840 auam
788 785 925 842 noemam
953 779 1070 844 untni
1091 799 1145 861 par
1164 791 1247 856 erut,
1274 793 1308 848 ut

55 933 58 942 .
82 897 143 940 oum
165 878 214 940 iiia
236 878 267 940 in
288 867 357 959 ipso
377 879 468 942 saluti
491 887 589 953 eeset,
616 897 675 941 nus
704 879 792 942 etiam
814 887 954 948 aeternae
976 880 1052 945 ritae
1073 881 1217 946 hammes
1239 903 1307 948 erae

81 997 248 1060 possemus.
289 979 393 1042 Bonus
416 980 495 1042 enim
518 987 566 1042 est
586 979 675 1056 Deus,
698 979 885 1062 proindeque
906 1001 974 1044 cum
997 981 1038 1044 sit
1057 1001 1179 1064 semper
1199 984 1307 1060 butu,

82 1081 108 1142 id
128 1083 265 1162 protecte
285 1081 394 1155 voluit,
424 1081 534 1162 quippe
554 1081 606 1162 qui
628 1082 774 1146 infirmam
797 1091 930 1146 nostram
953 1091 1089 1148 naturam
1110 1085 1175 1148 eius
1197 1085 1307 1148 auritio

82 1191 110 1244 et
128 1183 224 1246 astute
246 1201 323 1264 opus
345 1182 457 1246 habere
479 1193 684 1263 cognosceret
716 1185 755 1246 at
775 1183 1024 1264 quomadmodum
1046 1186 1073 1250 si
1095 1186 1164 1266 quis
1186 1183 1307 1266 sapiens

81 1283 256 1348 architectus
287 1283 410 1346 domum
442 1292 587 1348 statueret
618 1285 792 1360 aedideore,
822 1286 971 1368 simulque
998 1287 1030 1348 in
1056 1286 1157 1350 animo
1184 1286 1308 1350 habam(

81 1386 214 1462 eandem
236 1385 264 1448 si
284 1387 362 1448 torte
384 1395 490 1468 postea
513 1385 700 1460 destruatur,
723 1389 856 1464 reticere,
879 1389 929 1450 ilie
950 1389 1054 1469 utique
1074 1390 1159 1470 prius
1179 1407 1308 1470 praepa-

81 1496 159 1549 raret
179 1487 322 1567 daretque
350 1487 455 1550 ortidoi
482 1505 532 1561 ea,
564 1505 640 1568 quae
667 1489 704 1551 ad
727 1488 971 1552 instaurationem
999 1499 1101 1556 “sent
1127 1491 1308 1567 necessaria,

77 1587 176 1668 itique
196 1589 372 1650 denotante
393 1587 515 1652 domum
536 1589 633 1670 ipsum
656 1589 721 1652 eius
743 1591 967 1654 instaurationis
997 1593 1201 1673 praeparatiuq
1228 1593 1310 1659 haud

78 1689 161 1753 aliter
182 1697 306 1754 nostrae
329 1689 432 1752 salutis
462 1691 617 1754 renuardo
639 1691 670 1754 in
693 1691 814 1754 Christo
842 1699 911 1754 ante
939 1711 997 1754 nos
1029 1693 1149 1759 tundata
1180 1701 1242 1770 est,
1275 1703 1310 1758 ut
1371 1769 1374 1774 ¹

77 1791 106 1854 in
127 1794 198 1874 ipso
220 1809 338 1871 quoque
359 1789 441 1854 retici
462 1811 633 1872 possemus.
678 1791 869 1874 Quapropter
890 1795 1045 1858 consitium
1067 1803 1099 1858 et
1118 1797 1392 1876 prepositum-tu·

77 1902 142 1956 ante
163 1911 271 1957 aevum
294 1901 341 1956 est
361 1901 516 1974 paratum,
549 1901 619 1958 tarne
647 1901 758 1958 autem·
775 1896 914 1958 effectum
936 1913 1013 1976 opus
1037 1904 1101 1972 est,
1123 1915 1189 1958 oram
1211 1897 1310 1977 eregit

74 1997 243 2060 necessitas
271 2001 302 2058 et
324 1993 459 2058 Salvator
487 1995 613 2058 advenit
658 1995 791 2076 Namque
811 1997 878 2077 ipse
892 1997 1039 2060 Dominus
1060 1997 1155 2063 instar
1175 1998 1310 2060 omnium

75 2097 162 2160 nobis
187 2097 220 2160 in
242 2095 331 2160 caelis
353 2096 419 2168 erit,
441 2115 508 2160 oum
530 2116 587 2160 nus
602 2098 636 2160 iu
656 2107 807 2162 aeternam
829 2100 920 2161 ritum
942 2098 1087 2162 admittet.
1131 2099 1212 2161 Haeo
1231 2117 1307 2179 pru-

74 2199 151 2262 ieeto
174 2199 314 2264 sufficere
335 2197 455 2279 possint
476 2199 513 2260 ad
535 2200 765 2274 ostendendum,
787 2200 842 2262 nu
859 2200 988 2264 Verbum
1009 2207 1140 2264 creatum
1155 2219 1217 2262 non
1240 2219 1309 2262 esee

73 2311 246 2382 rectamque
269 2300 442 2382 scripturae
464 2318 534 2363 esse
554 2303 744 2364 sententiam.
780 2301 890 2366 Verum
913 2303 1151 2382 quandoquidem
1173 2311 1309 2366 aourrate

72 2421 208 2483 expensa
236 2401 285 2466 itta
313 2403 402 2464 rerba
435 2410 549 2464 rectum
582 2421 697 2483 quaqua
726 2423 761 2466 ex
791 2411 875 2484 parte
903 2423 1026 2466 sensnm
1049 2403 1201 2466 indudere
1223 2421 1307 2465 oum·-

69 2507 249 2585 periuntur,
282 2522 300 2566 e
327 2522 362 2567 re
390 2522 460 2566 esse
491 2503 608 2566 ridetur
637 2523 693 2566 nen
713 2505 804 2567 istum
834 2505 977 2580 redoere3
1009 2505 1086 2566 sorte
1114 2503 1242 2578 aecidat,
1275 2511 1311 2566 ut

70 2607 175 2670 multia
210 2603 371 2668 afferendis
401 2603 517 2685 pudore
549 2603 715 2668 afficiantur
745 2606 854 2668 insani.
909 2606 964 2668 His
996 2614 1111 2679 antona,
1143 2623 1219 2684 quae
1251 2605 1309 2666 iam

71 2716 196 2772 tractata
221 2715 300 2781 sunt,
325 2725 401 2787 opus
423 2705 512 2770 nobis
533 2715 597 2781 est;
619 2706 668 2770 hio
690 2706 770 2771 enim
786 2707 823 2770 de
838 2707 951 2794 endem·
959 2698 1119 2788 proverbio
1135 2704 1172 2767 do
1187 2705 1309 2766 eadem-

69 2829 128 2890 que
152 2809 304 2890 sapientia
325 2809 432 2889 aqitm.
475 2808 542 2870 Non
565 2807 640 2870 dixit
659 2807 798 2880 Verbum,
813 2829 847 2872 se
868 2817 973 2872 natura
992 2827 1065 2872 esse
1087 2815 1235 2880 ereetum,
1256 2807 1311 2870 sed

66 2911 98 2974 in
121 2909 300 2976 Proverbiis
322 2910 409 2974 dixit:
436 2900 588 2974 Dominus
611 2914 728 2973 meavit
748 2929 805 2974 mo.
847 2909 1035 2974 Manifestum
1057 2917 1106 2972 est
1126 2916 1240 2982 autam,
1262 2907 1313 2970 laio

65 3031 200 3078 sensum
232 3013 359 3093 aliquem
387 3031 449 3074 non
480 3011 600 3074 ebrium
621 3012 676 3074 sed
705 3012 846 3074 dmentem
874 3011 1050 3092 significari,
1082 3027 1169 3090 quem
1191 3010 1310 3090 quidem

65 3133 313 3195 consequemur,
345 3114 371 3176 si
399 3113 550 3194 proverbii
572 3113 669 3177 velum
693 3113 896 3176 detrahamus.
939 3112 1048 3193 Ecquis
1071 3112 1150 3173 enim
1173 3109 1310 3191 opificem

64 3217 260 3299 Sapientiam
282 3216 430 3278 dicentem
451 3216 592 3278 audiens:
614 3216 764 3280 Domtaua
787 3221 902 3278 creauit
917 3234 962 3276 me
981 3216 1169 3295 priuupa'um
1190 3217 1312 3274 odorum

63 3339 223 3392 mrem,
257 3337 319 3380 non
353 3318 496 3381 continuo
515 3335 666 3395 asensum⁸
680 3318 816 3398 exquirat
843 3333 1005 3397 secumque
1028 3314 1140 3395 anguet
1159 3297 1323 3393 quomedo'

64 3419 330 3484 creatrix.ureari
358 3415 479 3498 pessit?
514 3419 591 3492 Quis
621 3418 806 3498 unigenitum
827 3419 881 3482 nei
904 3418 1010 3480 Filium
1033 3435 1068 3478 se
1088 3416 1203 3478 viarum
1224 3413 1311 3494 prin-

63 3523 187 3603 cipium
220 3520 315 3584 creari
344 3521 472 3582 menum
502 3521 625 3585 audiens
654 3539 716 3584 non
744 3540 801 3602 qua
824 3520 940 3584 ratione
962 3519 993 3582 id
1015 3516 1122 3580 dixerit
1142 3515 1310 3595 investiget,

64 3624 317 3703 admireturque,
345 3622 396 3702 qui
418 3621 483 3684 deri
505 3631 610 3715 queat,
638 3630 674 3685 ut
693 3623 865 3704 rmigenitus
886 3621 980 3684 F‘diue
1002 3620 1163 3682 multorum
1185 3615 1310 3678 diomm

62 3823 85 3860 er
112 3812 140 3862 4,
169 3800 373 3863 &ramlosae
397 3800 561 3874 παρασκευή.
598 3809 672 3859 Basti.
757 3809 781 3859 h.
799 3809 899 3872 Sepuer.
916 3799 949 3855 ad
968 3797 1059 3872 ῥητόν.
1095 3803 1138 3852 tut
1164 3809 1187 3853 et
1205 3801 1261 3850 editi
1279 3793 1311 3848 τὸ

62 3883 126 3944 ttrq.
149 3888 178 3930 et
204 3877 462 3928 ueteranorum
485 3879 542 3928 item
561 3867 673 3926 airma-
723 3872 808 3944 ῥῆμα.
844 3875 919 3924 Paulo
936 3882 994 3939 pust
1012 3873 1117 3922 Fetoim.
1134 3860 1212 3948 Ν
1238 3862 1311 3947 ioue.

59 3951 180 4001 m'araenc.
213 3946 275 3996 Editi
294 3954 318 3995 et
333 3945 375 3995 atu
387 3934 673 4013 ἂνακαὶνωσεωςπρο-
757 3947 773 3995 i.
794 3943 898 3993 Fetcim.
915 3942 939 3992 t.
958 3933 990 3988 τὸ
1008 3931 1108 4007 κύριος.
1144 3938 1310 4016 indemnem

58 4007 272 4084 ”³9⁰²th
724 4019 747 4062 et
770 4011 871 4073 Sequer.
894 4001 983 4058 anast
1005 4020 1041 4073 με
1063 3999 1138 4059 stet
1174 4020 1191 4052 u
1217 4001 1309 4083 amosi.

96 4101 121 4136 e.
143 4085 257 4144 Segasa,
280 4077 331 4140 eric
354 4073 492 4144 σωτηρίας
514 4075 564 4138 τῆς
580 4071 673 4145 ἧμιτέ-
724 4077 781 4158 atu,
794 4067 817 4128 dt
839 4077 914 4156 ,editio
934 4075 1051 4159 Cqmmel.
1070 4067 1144 4123 intr
1172 4085 1208 4138 με
1224 4064 1314 4137 aad»

57 4167 139 4270 t‘t.
170 4148 625 4282 iisd‘ipdrp‘imiiiafii‘iii
644 4147 675 4263 t·
724 4139 1117 4279 iittrit‘tt'aititi‘⁸tit
1132 4137 1313 4258 ‘iif'i‘ti

56 4283 206 4356 Χριστῷ.
727 4267 1199 4356 Conmet.ibid.taabentop¹urrd01'ar.
1235 4273 1314 4322 Editio

95 4359 114 4406 t.
138 4351 295 4406 Fetetmd.
308 4342 548 4413 ἇναιαινωθῆναι
574 4350 674 4414 Sequor.
726 4349 869 4398 Parisieueis
886 4341 1026 4414 παρενδὺς
1041 4359 1075 4392 oo
1092 4340 1170 4403 ζητεῖ.
1198 4341 1250 4391 tior
1269 4339 1316 4387 Se·

59 4424 173 4475 Guuier.
201 4420 306 4470 Μαίη.
327 4420 349 4469 1.
369 4409 561 4484 &respoudeat
726 4430 794 4478 puer.
818 4417 874 4478 Rop.
898 4417 990 4477 sagus.
1007 4413 1104 4466 contar.
1121 4409 1229 4462 detoim.
1242 4401 1304 4482 ,¹.·⁴

95 4508 121 4556 g.
143 4493 185 4541 Se
207 4501 259 4538 aar.
274 4481 480 4553 προλαμβάνων
497 4486 607 4552 etpauia
620 4492 677 4550 pest
726 4493 750 4532 et
769 4483 795 4533 d.
820 4475 835 4544 ai
858 4481 993 4541 πιέζουσα.
1030 4482 1057 4530 ta
1081 4480 1137 4534 atita
1163 4487 1187 4527 at
1209 4473 1279 4522 edum

55 4555 172 4626 μήτει
211 4569 240 4604 ur
255 4551 365 4622 κτίσμα.
729 4552 805 4602 deest.
1215 4569 1217 4576 v

94 4649 245 4690 amusan
257 4653 309 4688 ore.
321 4653 392 4686 noar.
407 4653 456 4690 ιιι,
1078 4629 1111 4681 29

582 4794 605 4837 ·“Ι
