3128 5052
512 347 655 394 ueterem
672 349 692 392 t.
707 351 743 392 on
760 350 956 395 suessionen.
1288 340 1349 402 725
1407 329 1411 336 ¹
1437 361 1454 398 s

116 511 222 564 nutem
245 501 412 580 beeipnitas
440 509 468 562 et
500 491 672 564 bumanitos
702 505 848 582 apparuit
870 499 1043 566 Soloatoris
1064 503 1257 578 mecaenat,
1287 523 1436 572 mennon.

19 665 22 673 ,
118 602 324 684 exoperibus
346 605 494 674 iustitiae,
525 621 600 682 quae
620 603 746 682 [ccimm
768 621 840 676 not,
864 604 916 666 scd
937 605 1100 669 secumdum
1121 625 1209 670 suam
1230 610 1352 682 miseri-

121 703 257 766 cordiam
279 702 383 766 saluos
405 721 462 765 nos
482 704 634 785 semiper
657 703 814 768 lavacrum
836 710 1076 784 regenerationis
1099 719 1128 769 et
1142 711 1350 772 renovationis

118 803 258 883 Spiritus
280 809 388 876 sancti,
411 823 496 888 quem
519 806 625 887 effudit
646 807 678 866 in
700 823 756 868 nos
779 805 897 870 abunde
914 825 975 886 per
990 805 1091 870 bessem
1109 807 1263 872 Christum
1277 808 1351 872 Sol-

120 915 259 968 notorem
281 916 430 978 nostrum
453 915 488 968 ut
511 906 670 988 iustificati
689 910 791 986 pratia
811 911 908 988 ipsius
931 908 1054 972 berarius
1077 913 1170 971 simus
1186 913 1351 974 secundum

118 1025 203 1084 spem
225 1009 304 1068 vitoe
325 1016 476 1070 enerues.
519 1007 555 1067 At
578 1005 657 1086 quod
679 1025 729 1068 res
753 1017 866 1070 meotes
888 1015 1010 1088 spectat,
1038 1009 1121 1089 ipsae
1142 1017 1260 1072 sanctae
1282 1009 1348 1074 effi·

120 1107 239 1170 ciuntur
260 1115 290 1170 et
311 1117 507 1170 renovantur:
529 1107 655 1172 dimittes
678 1107 756 1170 enim
771 1108 922 1190 Spiritum
944 1121 1029 1172 tuum
1050 1123 1080 1174 ct
1101 1111 1298 1182 creabantur,
1321 1119 1350 1174 st

120 1209 285 1272 renovabis
305 1208 414 1289 sociem
436 1219 550 1272 terroe.
593 1209 631 1270 Et
652 1208 778 1270 Paulus:
806 1209 998 1292 Impossibile
1025 1224 1071 1275 est
1093 1216 1172 1274 enim
1199 1230 1267 1284 eos,
1299 1215 1353 1292 qui

119 1309 215 1372 semei
234 1323 308 1376 sumt
329 1307 509 1382 r‘biunu'notc?
522 1320 725 1391 portaverunt
746 1315 834 1374 etiam
849 1311 960 1374 danum
976 1311 1112 1385 eoeleste,
1135 1323 1165 1376 et
1182 1316 1349 1394 participas

115 1411 199 1488 sacti
217 1423 291 1476 sunt
311 1412 449 1494 Spiritus
470 1415 579 1476 sancti.

207 1615 258 1678 23.
303 1615 404 1694 ltaque
427 1615 476 1696 qui
505 1633 567 1678 non
588 1613 624 1678 ab
648 1614 704 1676 abio
729 1623 848 1678 sanctus
871 1615 996 1678 efficitur
1017 1634 1115 1696 neque
1136 1615 1350 1678 sanctimoniae

118 1715 153 1775 ttt
175 1714 334 1796 particeps,
358 1717 411 1778 sod
433 1716 498 1796 ipse
521 1714 594 1778 elios
615 1715 775 1797 participes
798 1715 911 1790 reddit,
934 1717 963 1780 in
987 1736 1045 1796 quo
1069 1726 1098 1779 et
1118 1735 1169 1780 res
1191 1717 1349 1780 universae

119 1825 236 1878 creatae
259 1827 377 1881 satiatae
401 1817 584 1891 efficiuntur,
618 1823 668 1898 qut
697 1819 815 1897 inquens
843 1817 908 1880 fieri
928 1826 1030 1896 potest
1051 1825 1084 1880 ut
1105 1818 1131 1880 is
1153 1818 1251 1880 locum
1273 1818 1350 1882 inter

118 1935 171 1979 res
195 1937 299 1980 omnes
321 1919 437 1996 hebeat,
461 1919 505 1980 vel
526 1920 666 2000 proprius
689 1919 807 1982 iliorum
829 1921 879 1993 sit,
902 1919 953 1998 qui
968 1919 1064 2000 ipsius
1079 1920 1154 1982 irunt
1165 1901 1349 2000 participes?

119 2019 196 2080 Nem
218 2021 267 2099 qui
290 2021 423 2083 haesita
444 2040 511 2084 esse
533 2021 745 2101 pugnaverint,
779 2039 832 2086 ens
856 2019 943 2084 etiam
966 2021 1131 2084 concedere
1152 2039 1278 2084 neeesse
1300 2019 1350 2096 sit,

118 2119 246 2196 Filium,
273 2141 328 2202 per
349 2141 436 2202 quem
457 2141 507 2184 res
530 2141 635 2186 omnes
657 2125 750 2195 factm
767 2129 853 2198 sunt,
882 2140 971 2188 unam
1000 2132 1098 2186 tamen
1125 2123 1241 2188 illarum
1269 2139 1349 2186 esse.

120 2223 252 2302 Spiritus
281 2223 352 2286 item
386 2224 517 2288 vivificus
554 2226 674 2291 dicitur:
713 2227 776 2299 Qui
803 2230 979 2296 suscitavit,
1014 2224 1125 2304 inquit,
1156 2225 1351 2288 Cbristumu

118 2331 262 2402 mortuis,
285 2325 450 2407 vivificabit
472 2339 500 2390 ct
521 2327 666 2390 mortalia
688 2345 821 2408 corporo
842 2335 947 2389 oestro
967 2344 1024 2406 per
1045 2326 1261 2390 inhabitantem
1285 2327 1350 2388 eius
1376 2355 1379 2366 ·

120 2425 274 2508 Spiritum
294 2431 327 2489 in
349 2427 442 2490 vobit.
487 2427 525 2494 tu
545 2427 690 2488 Dominus
713 2427 829 2506 quidem
859 2426 925 2506 ipse
954 2435 1001 2488 est
1027 2426 1086 2488 vita
1114 2435 1145 2488 et
1172 2437 1281 2491 auctor
1303 2427 1353 2488 oi-

125 2541 190 2600 toe,
212 2535 246 2590 ut
266 2529 307 2590 eit
328 2527 444 2594 Petrus.
488 2529 570 2591 idem
593 2537 690 2594 temen
713 2525 858 2588 Dominus
886 2515 941 2588 eit:
971 2529 1065 2608 Aqua,
1089 2547 1177 2608 quam
1198 2545 1250 2606 epo
1275 2525 1351 2594 dubo

123 2632 167 2700 ei,
194 2630 248 2710 piet
276 2633 309 2692 in
338 2647 370 2692 co
399 2631 471 2709 [ons
499 2647 594 2712 aquae
626 2629 763 2692 salientis
786 2632 820 2690 in
841 2631 934 2689 oitam
955 2629 1121 2690 aeternam.
1163 2627 1229 2690 Hoc
1250 2635 1352 2690 autem

121 2731 201 2794 drmit
223 2731 257 2793 de
279 2730 407 2812 Spiritu,
432 2749 517 2812 quem
538 2732 695 2810 accepturi
714 2737 804 2790 erant
828 2727 1037 2790 credentasin
1055 2747 1131 2790 eum.
1176 2727 1352 2791 necantem

121 2839 255 2906 creatae,
283 2830 326 2892 uti
349 2831 457 2896 dictum
480 2841 543 2904 est,
575 2831 662 2892 eitam
685 2829 858 2910 peripsum
880 2827 1036 2908 accipiunt.
1082 2827 1140 2900 Qut
1159 2828 1252 2908 igitur
1272 2826 1350 2891 vitae
1376 2901 1380 2908 .

121 2951 183 2994 non
205 2933 239 2994 ut
259 2932 418 3013 particeps,
443 2933 495 2996 sed
519 2931 584 3012 ipse
607 2931 681 2994 alios
703 2930 861 3010 panticipes
884 2929 963 3004 fecit,
990 2937 1020 2992 et
1041 2928 1129 2992 ritem
1151 2928 1241 2994 rebus
1264 2947 1349 2997 eree-

122 3033 162 3095 tis
184 3033 326 3114 impertit,
349 3035 466 3114 qualem
488 3053 599 3114 quaeso
623 3033 829 3114 cognationem
852 3049 919 3094 cum
934 3031 1031 3112 ‚rebus
1053 3027 1138 3094 tectis
1160 3029 1270 3094 hebere
1291 3047 1350 3110 pn-

123 3133 205 3200 test?
248 3137 306 3215 Aut
327 3154 384 3216 que
407 3137 524 3222 tettdem
551 3136 668 3200 ratione
696 3136 774 3196 inter
801 3153 851 3198 res
874 3141 987 3199 nesus
1010 3131 1254 3205 messuisset,
1284 3149 1353 3195 cum

122 3239 207 3318 ipseo
230 3237 262 3303 in
281 3238 333 3302 ilio
352 3239 441 3310 vitem
463 3239 592 3300 eVorbo
614 3233 782 3318 accipient?
825 3235 931 3298 Unotio
947 3254 1065 3317 qunque
1081 3233 1210 3316 Spiritus
1232 3231 1352 3307 diuitem

121 3350 154 3404 et
174 3347 223 3403 est
243 3341 314 3405 dem
336 3339 496 3420 eigidum3·
512 3341 590 3404 unde
617 3340 745 3409 loettnes
775 3336 893 3402 soribit:
925 3336 964 3400 tto
992 3357 1048 3400 aas
1070 3340 1242 3404 unctionem
1263 3352 1353 3416 paam

122 3447 282 3524 accepistis
304 3443 341 3504 ob
364 3455 529 3513 ammonet
552 3445 583 3504 in
604 3443 700 3506 vobis.
743 3437 781 3504 dt
804 3457 868 3504 non
889 3457 1009 3502 neccsse
1031 3437 1161 3509 bebetis,
1182 3446 1219 3500 ut
1240 3435 1350 3516 aliquis

123 3543 230 3608 doceat
250 3561 321 3618 oos;
345 3543 397 3606 sed
419 3548 498 3608 sicut
519 3546 622 3606 unctio
645 3546 725 3614 eius,
747 3559 856 3624 nempe
879 3540 942 3607 eins
965 3539 1112 3618 Spiritus,
1135 3539 1219 3605 docet
1240 3554 1294 3600 uos
1317 3535 1438 3599 denote.

124 3644 270 3706 omnibns.
314 3643 352 3706 tu
374 3644 450 3724 apud
472 3643 588 3704 Esaiam
609 3641 789 3720 Prophetam
810 3641 932 3721 legitur:
956 3638 1093 3720 Spiritus
1114 3637 1239 3700 Domini
1258 3653 1352 3716 super

121 3763 182 3820 me,
213 3747 299 3806 ouius
331 3763 422 3808 cauto
449 3749 543 3808 unxit
567 3761 622 3806 me.
665 3742 776 3804 Paulus
805 3740 894 3806 etiam
916 3740 971 3802 eit:
1005 3737 1043 3802 bn
1066 3756 1124 3820 pua
1147 3747 1177 3800 at
1200 3735 1352 3798 credentes

122 3848 330 3940 sipnatilestis
358 3849 391 3908 in
420 3826 497 3908 diem
524 3831 728 3907 redemtionis.
772 3841 809 3903 nt
839 3859 889 3904 res
918 3848 1031 3903 oceane
1060 3837 1111 3900 illo
1140 3840 1295 3916 signentur
1323 3843 1354 3896 et

158 4048 178 4082 c.
198 4031 239 4085 Sic
256 4031 312 4095 fleg.
327 4031 349 4082 1.
369 4039 393 4082 et
409 4031 500 4094 anglia
535 4032 563 4082 m
580 4030 677 4084 Gobler.
690 4039 714 4082 et
797 4027 814 4078 i.
833 4027 890 4092 nea.
911 4027 932 4078 i.
950 4026 1049 4088 Sopater.
1066 4022 1164 4076 Gobber.
1180 4020 1318 4074 eti'eioitnt.
1329 4021 1354 4100 ξ.

125 4099 232 4152 t'ctctm.
253 4100 274 4150 1.
297 4094 429 4166 μετέχων.
470 4099 516 4149 etti
541 4114 595 4150 reto
615 4108 638 4150 ot
656 4097 714 4148 editi
765 4087 860 4164 ὥςπερ.
895 4096 954 4144 {tom
974 4094 1064 4172 [ispi.
1083 4101 1107 4145 et
1124 4091 1225 4154 Seguer.
1245 4097 1353 4154 postn-

123 4163 249 4232 μέτοχον.
285 4167 342 4230 fleg.
363 4168 385 4217 1.
404 4176 428 4217 et
445 4167 545 4230 sepner.
563 4182 617 4218 ntor
636 4157 714 4232 ἅγιά·
765 4178 846 4230 parnt
864 4163 954 4214 addant
970 4174 1024 4210 nat.
1186 4225 1191 4234 Ι
1324 4225 1329 4235 1

122 4231 224 4292 (oreae.
799 4245 821 4296 g.
841 4232 880 4282 Sic
899 4231 955 4294 Sep.
977 4227 999 4280 l.
1018 4229 1118 4288 sepnor.
1137 4224 1211 4304 Reid.
1223 4231 1247 4274 et
1261 4224 1352 4304 degite.

159 4305 181 4350 d.
203 4301 292 4363 trent.
311 4303 417 4353 Felcbm.
438 4299 461 4352 b.
481 4309 504 4350 et
522 4301 578 4352 editi
597 4298 712 4359 Coronos·
765 4299 792 4350 ln
811 4299 864 4350 eliis
883 4307 961 4348 entem
977 4305 1001 4348 ct
1019 4296 1088 4346 editis
1106 4294 1165 4342 hese
1183 4283 1236 4342 att
1257 4306 1293 4344 ore
1311 4307 1353 4342 us-

125 4367 180 4418 οῠν.
218 4369 344 4432 eotnsg.
365 4359 714 4432 l.etSeguer.tneom'1a-
765 4382 812 4430 que
837 4367 870 4444 ad
889 4355 1194 4442 neptsabpcoyttesum
1228 4359 1302 4415 essu,
1320 4361 1352 4412 ib.

126 4435 193 4484 σοῦν
211 4439 330 4486 omittunt.
765 4435 838 4484 hebet
855 4427 920 4482 αλλὰ
938 4446 970 4480 to
990 4443 1074 4480 aaron
1092 4438 1138 4479 eto.

160 4519 181 4552 e.
200 4505 240 4554 Sia
259 4507 314 4568 [teg.
326 4506 350 4555 1.
368 4505 468 4568 Seguer.
487 4503 591 4554 etbesii.
626 4501 671 4554 etti
690 4511 713 4553 et
799 4501 823 4550 h.
840 4502 881 4552 Sic
900 4501 955 4564 Reg.
970 4499 991 4550 1.
1010 4499 1110 4562 Seguer.
1128 4494 1200 4576 besil.
1216 4495 1355 4574 §obicum

123 4571 181 4622 editi
200 4562 300 4626 αὐτοῖς.
546 4577 548 4582 ’
670 4587 672 4594 κ
764 4569 912 4620 Feltini.
949 4567 1027 4620 Ceteri
1046 4575 1069 4618 et
1087 4565 1144 4616 editi
1161 4577 1185 4613 ει
1203 4557 1232 4612 de
1249 4571 1354 4628 ταμεν
