3110 5064
319 359 327 374 ·
347 365 492 410 urrerem
506 364 545 408 os
559 363 703 410 uenusrrs
717 365 861 410 nieustria
877 365 995 410 sununs.
1243 351 1285 416 37

72 513 170 596 patibili
198 523 267 576 suut
294 517 402 589 creati,
432 521 462 576 at
482 513 562 576 Deus
591 533 697 594 expers
720 524 767 578 est
789 517 930 578 materiae
951 523 982 579 et
1004 499 1151 596 eorporis.
1196 516 1371 591 Quedt‘mr.

74 617 94 676 si
119 617 231 678 eaeclern
263 615 410 678 dictiones
433 615 494 678 lieo
524 626 553 678 et
572 616 745 678 huminibus
767 617 798 679 in
820 618 926 680 divinis
949 617 1112 697 Scripturis
1134 619 1285 682 interdum

73 717 266 790 attribuuntur,
290 717 444 780 homiuum
467 725 514 777 est
535 717 760 797 perspicaciam,
782 726 816 778 ιιι
836 719 976 780 admonet
989 719 1108 794 Paulus,
1131 720 1285 784 attendere
1378 765 1384 772 ·

72 817 102 878 ad
120 817 284 892 lectionem,
307 837 428 898 remque
450 819 652 900 perpendere,
675 837 709 880 se
730 839 785 900 pro
809 827 913 882 nature
934 839 1033 884 rmtrm
1054 819 1285 900 signtheetarum

73 937 136 998 quae
157 920 265 999 scripta
288 927 359 982 suut
380 917 557 993 diiudicare,
587 939 642 982 nee
664 939 785 982 sensum
808 921 1004 996 confundere,
1033 921 1074 983 ita
1096 929 1130 984 ut
1150 941 1225 1003 quae
1247 923 1285 986 ud

73 1018 152 1080 licum
172 1027 317 1100 spectent,
340 1020 470 1084 humano
492 1021 583 1082 modo
605 1039 666 1082 nou
689 1021 898 1102 intelligantur,
920 1040 977 1084 uec
997 1022 1129 1086 uicissim
1151 1043 1225 1104 quoe
1247 1025 1286 1088 ad

73 1119 193 1182 homiues
213 1123 380 1200 pertinent,
407 1122 575 1201 cogitentur
603 1129 740 1202 tauquam
761 1123 815 1185 liei
836 1123 968 1202 propria.
1010 1123 1044 1185 ld
1067 1124 1146 1186 euim
1168 1134 1216 1188 est
1236 1125 1284 1188 ri·

72 1239 132 1282 num
152 1240 215 1284 eum
237 1239 314 1302 aqua
335 1223 473 1298 miscere,
496 1223 681 1303 alienumque
703 1223 801 1302 iguem
823 1223 859 1285 ad
882 1223 1012 1288 moinum
1034 1223 1132 1306 ignem
1155 1225 1185 1285 in
1201 1225 1285 1288 arun

72 1321 222 1390 admovere.

146 1631 192 1690 ll.
237 1625 357 1688 Scilicet
378 1636 408 1690 et
428 1626 507 1689 Deus
531 1635 620 1700 creat,
644 1636 674 1690 et
695 1628 732 1688 de
747 1627 917 1690 hominihus
933 1629 1010 1692 idern
1026 1647 1144 1709 quoque
1158 1629 1283 1704 dicitur;

73 1725 138 1788 licus
157 1727 227 1790 item
250 1728 278 1789 is
301 1728 419 1808 estqui
442 1737 498 1804 est,
520 1730 657 1792 homines
679 1729 816 1792 similiter
836 1731 973 1792 dicuntur
989 1749 1067 1803 esse,
1091 1731 1170 1810 quod
1184 1731 1284 1811 ipsum
1376 1755 1379 1760 ¹

73 1827 174 1906 quidem
196 1849 212 1891 a
234 1829 298 1891 lieo
321 1839 507 1910 aeceperunt.
551 1831 595 1892 hu
618 1849 689 1908 ergo
711 1831 751 1892 ita
765 1829 843 1893 heus
866 1840 954 1906 creat,
978 1839 1010 1892 ut
1024 1829 1140 1892 horno?
1168 1831 1213 1894 Αιι
1228 1849 1283 1894 eo·

73 1927 128 1990 dem
152 1932 241 1992 mode
271 1939 334 2006 est,
361 1950 420 2010 quo
448 1930 563 1994 homo?
608 1932 727 1994 Minime
749 1942 845 2005 certe3
876 1931 931 1992 scd
953 1933 1037 1994 aliter
1057 1932 1112 1995 has
1133 1949 1222 1997 voces
1246 1932 1283 1994 de

73 2029 123 2091 ileo
147 2031 352 2112 intelligimus,
381 2032 467 2094 aliter
495 2032 531 2094 de
560 2031 741 2094 hominibus.
785 2033 857 2094 Nam
879 2033 959 2096 Deus
981 2033 1099 2114 quidem
1123 2043 1218 2108 orent,
1248 2049 1282 2096 es

73 2149 134 2209 quse
159 2151 219 2195 non
251 2143 337 2196 erent
364 2153 472 2196 uocans
501 2143 534 2195 ut
562 2133 636 2206 sint,
664 2133 802 2213 nullaque
830 2153 862 2194 re
890 2136 926 2196 ud
948 2136 1107 2198 creandum
1129 2134 1284 2214 iudigeus;

73 2232 194 2296 hemines
215 2253 288 2296 vero
311 2254 372 2296 neu
396 2235 454 2297 uisi
478 2235 608 2297 subiecta
631 2243 755 2296 uteretur
769 2236 900 2311 materia,
922 2245 1080 2316 postquam
1103 2235 1210 2311 elleu,
1232 2235 1284 2315 qui
1385 2315 1388 2324 A

74 2333 157 2396 omum
179 2353 233 2416 per
251 2337 407 2416 proprium
430 2334 558 2398 Verbum
581 2337 705 2410 creavit,
728 2337 878 2399 seientiam
902 2345 1033 2400 artemre
1055 2337 1160 2417 egendi
1182 2336 1283 2417 preci·
1354 2335 1359 2348 '

74 2432 119 2494 hus
138 2437 338 2500 obtinuerunt.
382 2437 538 2498 Praeterea
560 2436 715 2512 homines,
744 2438 793 2518 qui
820 2457 875 2518 per
897 2439 1009 2519 seipsi
1032 2457 1183 2502 essenon
1206 2457 1282 2518 pos-

74 2544 145 2610 sunt,
166 2539 231 2600 loeo
254 2537 553 2612 circumscribuntur,
577 2545 664 2618 atque
686 2539 717 2600 iu
739 2539 791 2600 liei
814 2539 911 2600 Verbo
934 2541 1116 2612 consistuut3
1145 2540 1283 2614 atheus,

74 2639 117 2714 qui
136 2659 185 2718 per
205 2659 239 2702 se
260 2659 330 2701 vere
353 2648 409 2713 est,
433 2641 532 2700 omnia
554 2641 694 2712 euutiuet,
718 2649 785 2702 eta
808 2641 885 2702 nulla
908 2659 941 2702 re
964 2642 1030 2720 ipse
1052 2641 1230 2714 continetur,
1253 2641 1285 2702 in

75 2741 198 2802 omnihus
236 2749 283 2802 est
320 2759 374 2802 sua
406 2739 538 2802 bonitate
561 2749 591 2802 et
618 2741 767 2820 potentia,
798 2751 828 2802 at
857 2749 936 2802 extra
966 2742 1064 2802 omnia
1094 2749 1140 2802 est
1164 2741 1286 2824 propria

74 2849 174 2904 nature.
218 2843 474 2916 Quemadmodum
505 2861 574 2921 ergo
604 2861 664 2904 uon
688 2843 792 2904 cedern
815 2841 905 2904 mode
928 2849 1030 2905 creant
1050 2841 1202 2914 homines,
1226 2857 1286 2920 quo

74 2940 142 3004 [iem
161 2953 247 3018 creat,
271 2963 328 3006 uec
350 2945 454 3006 eodem
476 2944 565 3004 medo
587 2951 656 3006 suut
678 2957 736 3023 quo
758 2943 822 3019 ille;
845 2943 885 3005 ita
907 2943 992 3006 aliter
1012 2950 1207 3023 procreantur
1224 2939 1285 3010 ho·

75 3044 173 3121 miues,
196 3054 225 3108 ct
247 3045 333 3108 aliter
355 3045 446 3107 Filius
470 3065 507 3106 ex
528 3045 616 3107 Patre
638 3046 778 3107 nascitur.
823 3044 913 3107 Fetus
937 3043 1015 3106 enim
1037 3045 1192 3106 hominum
1213 3061 1284 3124 por-

76 3153 114 3206 tes
133 3148 345 3226 quodammodo
368 3157 437 3208 sunt
458 3147 649 3227 gignentium,
673 3147 781 3226 quippe
804 3165 869 3208 cum
892 3165 949 3210 uec
969 3147 1033 3226 ipsa
1055 3163 1213 3226 corporum
1228 3163 1284 3208 na·-

78 3255 133 3307 tura
151 3247 270 3329 simplex
294 3249 348 3322 sit,
373 3249 425 3310 sed
448 3249 523 3310 lluxa
546 3255 633 3327 atque
656 3267 691 3310 ex
713 3247 847 3332 partibus
869 3247 1044 3328 composita.
1088 3247 1162 3312 Nam
1184 3247 1283 3310 homi·

76 3363 122 3408 ues
141 3349 284 3430 pgnendo
307 3351 444 3412 enrittuut
466 3369 502 3412 ex
525 3367 558 3410 se
581 3349 699 3428 aliquid,
721 3349 923 3429 quaedamque
938 3367 1045 3410 rursus
1061 3370 1096 3412 ex
1111 3349 1194 3422 eihis,
1210 3367 1286 3428 quos

78 3450 220 3529 accipiunt,
243 3452 274 3513 in
297 3469 351 3514 eos
374 3452 524 3524 delluunt;
552 3469 627 3530 quac
649 3449 767 3530 quidem
790 3469 877 3512 causa
900 3459 960 3523 est,
990 3470 1042 3512 cur
1065 3451 1225 3512 maltorum
1246 3447 1284 3510 li·-

78 3545 198 3616 hsrurum
225 3571 282 3634 pro
305 3561 440 3631 tempore
462 3560 600 3631 parentes
623 3552 704 3614 liant.
748 3552 828 3614 Deus
850 3551 1138 3614 auteur'indiriduus
1160 3559 1221 3624 est,
1251 3567 1286 3612 ae

79 3653 184 3726 prolude
204 3655 318 3734 absque
340 3654 485 3715 divisione
507 3653 638 3732 nihilque
659 3653 798 3732 patiendo
816 3653 880 3714 Filii
904 3663 950 3715 est
964 3653 1075 3734 Pater.¹
1103 3651 1182 3714 Nihil
1205 3651 1371 3714 eoimrare.

82 3769 111 3810 ex
126 3773 154 3816 re
173 3757 349 3836 incorporee
371 3756 503 3827 eliluere,
525 3754 635 3817 nihilve
656 3754 687 3818 in
708 3755 789 3829 eam,
812 3755 854 3818 uti
877 3755 1047 3818 homiuibus
1070 3754 1190 3825 accidit,
1213 3759 1283 3831 pot-

83 3863 118 3912 est
134 3855 260 3920 inlinere.
307 3857 452 3930 Quocirca
475 3875 541 3918 cum
557 3856 636 3918 Deus
657 3856 697 3918 sit
717 3863 821 3918 natura
844 3857 978 3936 simplex,
1002 3858 1087 3930 uuius
1111 3872 1229 3934 quoque
1252 3868 1285 3912 ar

84 3953 158 4016 solius
178 3957 240 4020 Filii
262 3969 309 4020 est
329 3959 426 4020 Pater.
471 3957 582 4018 Idcirco
607 3957 685 4018 enim
708 3964 738 4020 et
759 3959 926 4037 unigenitus
950 3969 1004 4032 est,
1029 3965 1060 4020 et
1080 3955 1165 4016 solus
1188 3952 1286 4012 estin

84 4054 135 4116 sinu
154 4059 261 4135 Patris,
290 4079 418 4139 eumque
446 4059 543 4120 solum
575 4077 610 4120 ex
640 4060 741 4140 seipso
771 4079 839 4122 esse
861 4067 962 4140 aperte
983 4060 1071 4118 Pater
1092 4054 1219 4116 declarat
1239 4051 1286 4115 his

86 4157 176 4220 serbis:
200 4161 254 4224 llic
285 4173 331 4224 est
353 4161 450 4224 Filius
478 4181 561 4224 orcus
591 4160 732 4232 dilectus,
762 4167 793 4224 io
821 4179 878 4241 quo
901 4159 976 4222 mihi
997 4155 1172 4236 complacui.
1216 4154 1285 4235 lpse

86 4265 122 4315 eat
139 4259 256 4324 l'erhum
279 4264 390 4337 Patris,
414 4281 502 4342 quem
524 4262 650 4342 proinde
673 4270 705 4324 ut
727 4263 846 4324 Putrem
867 4279 922 4320 nec
943 4257 1014 4337 quid
1036 4256 1095 4338 pati
1118 4273 1174 4317 nee
1195 4256 1284 4318 dividi

111 4443 250 4520 (opstetteg.
284 4451 327 4500 Alii
352 4465 406 4500 tero
427 4457 451 4500 et
469 4450 524 4500 editi
542 4443 580 4514 ptr}
600 4443 646 4497 καὶ
733 4449 757 4496 b.
776 4435 918 4518 Reguxttd'
938 4436 1037 4497 αὑτούς
1063 4453 1086 4494 et
1116 4443 1198 4507 paullo
1214 4451 1285 4516 &port

97 4515 117 4548 u
129 4510 260 4574 «adpones.
698 4506 760 4562 καθ’
781 4507 873 4560 αὐτον.

735 4595 755 4632 ι.
774 4581 830 4642 fleg.
850 4569 949 4657 eripuis.
