<?xml version="1.0" encoding="UTF-8"?>
<!DOCTYPE html PUBLIC "-//W3C//DTD XHTML 1.0 Transitional//EN"
    "http://www.w3.org/TR/xhtml1/DTD/xhtml1-transitional.dtd">
<html xmlns="http://www.w3.org/1999/xhtml" xml:lang="en" lang="en">
 <head>
  <title>
</title>
<meta http-equiv="Content-Type" content="text/html;charset=utf-8" />
  <meta name='ocr-system' content='tesseract 3.04.00' />
  <meta name='ocr-capabilities' content='ocr_page ocr_carea ocr_par ocr_line ocrx_word'/>
</head>
<body>
  <div class='ocr_page' id='page_1' title='image "./sanctiathanasii01athagoog_0806.png"; bbox 0 0 3128 5052; ppageno 0'>
   <div class='ocr_carea' id='block_1_1' title="bbox 486 351 1329 472">
    <p class='ocr_par' dir='ltr' id='par_1_1' title="bbox 486 351 1329 472">
     <span class='ocr_line' id='line_1_1' title="bbox 486 351 1329 472; baseline 0.009 -64"><span class='ocrx_word' id='word_1_1' title='bbox 486 359 945 472; x_wconf 46' lang='lat' dir='ltr'><strong>setsronnunmsenamonmt.</strong></span> <span class='ocrx_word' id='word_1_2' title='bbox 1268 351 1329 418; x_wconf 76' lang='lat' dir='ltr'><strong>tos</strong></span> 
     </span>
    </p>
   </div>
   <div class='ocr_carea' id='block_1_2' title="bbox 8 513 1412 3346">
    <p class='ocr_par' dir='ltr' id='par_1_2' title="bbox 70 513 1412 1920">
     <span class='ocr_line' id='line_1_2' title="bbox 70 513 1412 599; baseline 0.002 -22"><span class='ocrx_word' id='word_1_3' title='bbox 70 515 140 579; x_wconf 88' lang='lat' dir='ltr'><strong>his</strong></span> <span class='ocrx_word' id='word_1_4' title='bbox 165 533 261 599; x_wconf 76' lang='lat' dir='ltr'><strong>etopus</strong></span> <span class='ocrx_word' id='word_1_5' title='bbox 283 515 379 578; x_wconf 79' lang='lat' dir='ltr'><strong>Filius</strong></span> <span class='ocrx_word' id='word_1_6' title='bbox 401 523 521 595; x_wconf 89' lang='lat' dir='ltr'><strong>putant,</strong></span> <span class='ocrx_word' id='word_1_7' title='bbox 544 533 611 578; x_wconf 90' lang='lat' dir='ltr'><strong>cum</strong></span> <span class='ocrx_word' id='word_1_8' title='bbox 633 513 682 576; x_wconf 88' lang='lat' dir='ltr'><strong>ilie</strong></span> <span class='ocrx_word' id='word_1_9' title='bbox 705 533 739 576; x_wconf 88' lang='lat' dir='ltr'><strong>se</strong></span> <span class='ocrx_word' id='word_1_10' title='bbox 760 515 898 595; x_wconf 84' lang='lat' dir='ltr'><strong>ignorare</strong></span> <span class='ocrx_word' id='word_1_11' title='bbox 919 525 1091 592; x_wconf 76' lang='lat' dir='ltr'><strong>asseverat,</strong></span> <span class='ocrx_word' id='word_1_12' title='bbox 1114 535 1177 584; x_wconf 89' lang='lat' dir='ltr'><strong>rem</strong></span> <span class='ocrx_word' id='word_1_13' title='bbox 1201 525 1412 582; x_wconf 74' lang='lat' dir='ltr'><strong>ereatamraoo.</strong></span> 
     </span>
     <span class='ocr_line' id='line_1_3' title="bbox 75 615 1328 700; baseline 0.003 -20"><span class='ocrx_word' id='word_1_14' title='bbox 75 637 126 680; x_wconf 80' lang='lat' dir='ltr'><strong>se</strong></span> <span class='ocrx_word' id='word_1_15' title='bbox 151 637 222 681; x_wconf 87' lang='lat' dir='ltr'><strong>esse</strong></span> <span class='ocrx_word' id='word_1_16' title='bbox 244 617 419 697; x_wconf 80' lang='lat' dir='ltr'><strong>significare.</strong></span> <span class='ocrx_word' id='word_1_17' title='bbox 464 617 571 678; x_wconf 88' lang='lat' dir='ltr'><strong>Verum</strong></span> <span class='ocrx_word' id='word_1_18' title='bbox 594 616 715 678; x_wconf 87' lang='lat' dir='ltr'><strong>nonita</strong></span> <span class='ocrx_word' id='word_1_19' title='bbox 739 625 795 690; x_wconf 86' lang='lat' dir='ltr'><strong>est,</strong></span> <span class='ocrx_word' id='word_1_20' title='bbox 818 615 905 680; x_wconf 89' lang='lat' dir='ltr'><strong>absit.</strong></span> <span class='ocrx_word' id='word_1_21' title='bbox 949 617 1065 680; x_wconf 82' lang='lat' dir='ltr'><strong>Etenim</strong></span> <span class='ocrx_word' id='word_1_22' title='bbox 1081 620 1328 700; x_wconf 84' lang='lat' dir='ltr'><strong>quemadmodum</strong></span> 
     </span>
     <span class='ocr_line' id='line_1_4' title="bbox 76 719 1329 799; baseline 0.001 -16"><span class='ocrx_word' id='word_1_23' title='bbox 76 739 162 783; x_wconf 85' lang='lat' dir='ltr'><strong>cum</strong></span> <span class='ocrx_word' id='word_1_24' title='bbox 186 719 274 782; x_wconf 81' lang='lat' dir='ltr'>dixit:</span> <span class='ocrx_word' id='word_1_25' title='bbox 297 723 414 783; x_wconf 86' lang='lat' dir='ltr'><strong>creoor‘t</strong></span> <span class='ocrx_word' id='word_1_26' title='bbox 434 737 488 792; x_wconf 87' lang='lat' dir='ltr'><strong>me,</strong></span> <span class='ocrx_word' id='word_1_27' title='bbox 511 719 671 780; x_wconf 81' lang='lat' dir='ltr'><strong>humanam</strong></span> <span class='ocrx_word' id='word_1_28' title='bbox 692 729 826 781; x_wconf 83' lang='lat' dir='ltr'><strong>naturam</strong></span> <span class='ocrx_word' id='word_1_29' title='bbox 850 719 1033 799; x_wconf 79' lang='lat' dir='ltr'><strong>designabat,</strong></span> <span class='ocrx_word' id='word_1_30' title='bbox 1056 721 1095 782; x_wconf 92' lang='lat' dir='ltr'><strong>ita</strong></span> <span class='ocrx_word' id='word_1_31' title='bbox 1111 740 1176 784; x_wconf 92' lang='lat' dir='ltr'><strong>cum</strong></span> <span class='ocrx_word' id='word_1_32' title='bbox 1195 721 1250 784; x_wconf 88' lang='lat' dir='ltr'><strong>ait:</strong></span> <span class='ocrx_word' id='word_1_33' title='bbox 1273 741 1329 784; x_wconf 84' lang='lat' dir='ltr'><strong>ne·</strong></span> 
     </span>
     <span class='ocr_line' id='line_1_5' title="bbox 77 821 1327 905; baseline 0 -20"><span class='ocrx_word' id='word_1_34' title='bbox 77 842 151 905; x_wconf 78' lang='lat' dir='ltr'><strong>qaae</strong></span> <span class='ocrx_word' id='word_1_35' title='bbox 173 821 285 894; x_wconf 79' lang='lat' dir='ltr'><strong>Filius,</strong></span> <span class='ocrx_word' id='word_1_36' title='bbox 316 822 439 884; x_wconf 88' lang='lat' dir='ltr'><strong>eandem</strong></span> <span class='ocrx_word' id='word_1_37' title='bbox 469 823 629 884; x_wconf 87' lang='lat' dir='ltr'><strong>humanam</strong></span> <span class='ocrx_word' id='word_1_38' title='bbox 657 829 792 882; x_wconf 86' lang='lat' dir='ltr'><strong>naturam</strong></span> <span class='ocrx_word' id='word_1_39' title='bbox 816 821 984 883; x_wconf 79' lang='lat' dir='ltr'><strong>denotabat</strong></span> <span class='ocrx_word' id='word_1_40' title='bbox 1027 821 1065 883; x_wconf 86' lang='lat' dir='ltr'><strong>Et</strong></span> <span class='ocrx_word' id='word_1_41' title='bbox 1087 824 1204 902; x_wconf 88' lang='lat' dir='ltr'><strong>quidem</strong></span> <span class='ocrx_word' id='word_1_42' title='bbox 1228 841 1327 895; x_wconf 87' lang='lat' dir='ltr'><strong>causa,</strong></span> 
     </span>
     <span class='ocr_line' id='line_1_6' title="bbox 78 921 1411 996; baseline 0 -10"><span class='ocrx_word' id='word_1_43' title='bbox 78 941 148 986; x_wconf 87' lang='lat' dir='ltr'><strong>cur</strong></span> <span class='ocrx_word' id='word_1_44' title='bbox 171 923 212 984; x_wconf 91' lang='lat' dir='ltr'><strong>ita</strong></span> <span class='ocrx_word' id='word_1_45' title='bbox 234 923 352 986; x_wconf 84' lang='lat' dir='ltr'><strong>locutos</strong></span> <span class='ocrx_word' id='word_1_46' title='bbox 375 922 430 996; x_wconf 86' lang='lat' dir='ltr'><strong>eit,</strong></span> <span class='ocrx_word' id='word_1_47' title='bbox 461 922 544 985; x_wconf 85' lang='lat' dir='ltr'><strong>valdo</strong></span> <span class='ocrx_word' id='word_1_48' title='bbox 573 930 772 984; x_wconf 85' lang='lat' dir='ltr'><strong>consentanea</strong></span> <span class='ocrx_word' id='word_1_49' title='bbox 801 929 857 984; x_wconf 88' lang='lat' dir='ltr'><strong>est.</strong></span> <span class='ocrx_word' id='word_1_50' title='bbox 908 921 985 994; x_wconf 84' lang='lat' dir='ltr'><strong>Quia</strong></span> <span class='ocrx_word' id='word_1_51' title='bbox 1012 922 1090 984; x_wconf 90' lang='lat' dir='ltr'><strong>enim</strong></span> <span class='ocrx_word' id='word_1_52' title='bbox 1118 924 1209 987; x_wconf 88' lang='lat' dir='ltr'><strong>bomo</strong></span> <span class='ocrx_word' id='word_1_53' title='bbox 1231 925 1411 988; x_wconf 76' lang='lat' dir='ltr'><strong>iactusraeo.</strong></span> 
     </span>
     <span class='ocr_line' id='line_1_7' title="bbox 81 1023 1327 1104; baseline 0.001 -17"><span class='ocrx_word' id='word_1_54' title='bbox 81 1033 151 1098; x_wconf 88' lang='lat' dir='ltr'><strong>est,</strong></span> <span class='ocrx_word' id='word_1_55' title='bbox 176 1024 218 1086; x_wconf 87' lang='lat' dir='ltr'><strong>uti</strong></span> <span class='ocrx_word' id='word_1_56' title='bbox 242 1023 385 1104; x_wconf 87' lang='lat' dir='ltr'><strong>scriptum</strong></span> <span class='ocrx_word' id='word_1_57' title='bbox 408 1033 465 1096; x_wconf 88' lang='lat' dir='ltr'><strong>est,</strong></span> <span class='ocrx_word' id='word_1_58' title='bbox 489 1032 520 1087; x_wconf 89' lang='lat' dir='ltr'><strong>et</strong></span> <span class='ocrx_word' id='word_1_59' title='bbox 540 1023 694 1086; x_wconf 87' lang='lat' dir='ltr'><strong>bominum</strong></span> <span class='ocrx_word' id='word_1_60' title='bbox 709 1023 865 1104; x_wconf 85' lang='lat' dir='ltr'><strong>proprium</strong></span> <span class='ocrx_word' id='word_1_61' title='bbox 879 1025 922 1086; x_wconf 90' lang='lat' dir='ltr'><strong>sit</strong></span> <span class='ocrx_word' id='word_1_62' title='bbox 942 1023 1090 1104; x_wconf 85' lang='lat' dir='ltr'><strong>ignorare,</strong></span> <span class='ocrx_word' id='word_1_63' title='bbox 1112 1033 1145 1086; x_wconf 92' lang='lat' dir='ltr'><strong>ut</strong></span> <span class='ocrx_word' id='word_1_64' title='bbox 1160 1033 1195 1086; x_wconf 87' lang='lat' dir='ltr'><strong>et</strong></span> <span class='ocrx_word' id='word_1_65' title='bbox 1212 1027 1327 1088; x_wconf 86' lang='lat' dir='ltr'><strong>esurire</strong></span> 
     </span>
     <span class='ocr_line' id='line_1_8' title="bbox 81 1125 1329 1216; baseline -0.002 -26"><span class='ocrx_word' id='word_1_66' title='bbox 81 1134 255 1207; x_wconf 85' lang='lat' dir='ltr'><strong>ceteraque</strong></span> <span class='ocrx_word' id='word_1_67' title='bbox 277 1126 306 1188; x_wconf 92' lang='lat' dir='ltr'><strong>id</strong></span> <span class='ocrx_word' id='word_1_68' title='bbox 329 1143 423 1206; x_wconf 85' lang='lat' dir='ltr'><strong>genus</strong></span> <span class='ocrx_word' id='word_1_69' title='bbox 454 1128 593 1206; x_wconf 83' lang='lat' dir='ltr'><strong>(namque</strong></span> <span class='ocrx_word' id='word_1_70' title='bbox 616 1125 688 1188; x_wconf 87' lang='lat' dir='ltr'><strong>nihil</strong></span> <span class='ocrx_word' id='word_1_71' title='bbox 716 1126 868 1216; x_wconf 79' lang='lat' dir='ltr'><strong>homines</strong></span> <span class='ocrx_word' id='word_1_72' title='bbox 883 1136 1070 1205; x_wconf 85' lang='lat' dir='ltr'><strong>cognoscunt</strong></span> <span class='ocrx_word' id='word_1_73' title='bbox 1097 1126 1155 1190; x_wconf 89' lang='lat' dir='ltr'><strong>nisi</strong></span> <span class='ocrx_word' id='word_1_74' title='bbox 1184 1127 1329 1190; x_wconf 73' lang='lat' dir='ltr'><strong>audimini</strong></span> 
     </span>
     <span class='ocr_line' id='line_1_9' title="bbox 83 1228 1328 1308; baseline -0.002 -16"><span class='ocrx_word' id='word_1_75' title='bbox 83 1237 124 1292; x_wconf 88' lang='lat' dir='ltr'><strong>ct</strong></span> <span class='ocrx_word' id='word_1_76' title='bbox 146 1228 328 1306; x_wconf 91' lang='lat' dir='ltr'><strong>didicerint),</strong></span> <span class='ocrx_word' id='word_1_77' title='bbox 351 1228 462 1294; x_wconf 86' lang='lat' dir='ltr'><strong>idcirco</strong></span> <span class='ocrx_word' id='word_1_78' title='bbox 484 1228 638 1291; x_wconf 90' lang='lat' dir='ltr'><strong>bominum</strong></span> <span class='ocrx_word' id='word_1_79' title='bbox 660 1229 858 1308; x_wconf 83' lang='lat' dir='ltr'><strong>ignorantiam</strong></span> <span class='ocrx_word' id='word_1_80' title='bbox 880 1235 1026 1308; x_wconf 87' lang='lat' dir='ltr'><strong>quatenus</strong></span> <span class='ocrx_word' id='word_1_81' title='bbox 1042 1229 1133 1291; x_wconf 89' lang='lat' dir='ltr'><strong>homo</strong></span> <span class='ocrx_word' id='word_1_82' title='bbox 1148 1230 1243 1292; x_wconf 86' lang='lat' dir='ltr'><strong>lactus</strong></span> <span class='ocrx_word' id='word_1_83' title='bbox 1257 1245 1328 1308; x_wconf 87' lang='lat' dir='ltr'><strong>prae</strong></span> 
     </span>
     <span class='ocr_line' id='line_1_10' title="bbox 83 1329 1326 1411; baseline 0 -19"><span class='ocrx_word' id='word_1_84' title='bbox 83 1349 128 1392; x_wconf 84' lang='lat' dir='ltr'><strong>se</strong></span> <span class='ocrx_word' id='word_1_85' title='bbox 151 1329 231 1392; x_wconf 84' lang='lat' dir='ltr'><strong>serre</strong></span> <span class='ocrx_word' id='word_1_86' title='bbox 252 1329 360 1403; x_wconf 80' lang='lat' dir='ltr'><strong>voluit,</strong></span> <span class='ocrx_word' id='word_1_87' title='bbox 382 1331 512 1411; x_wconf 86' lang='lat' dir='ltr'><strong>primum</strong></span> <span class='ocrx_word' id='word_1_88' title='bbox 533 1331 653 1410; x_wconf 87' lang='lat' dir='ltr'><strong>quidem</strong></span> <span class='ocrx_word' id='word_1_89' title='bbox 670 1341 707 1394; x_wconf 85' lang='grc' dir='ltr'><strong>ιιι</strong></span> <span class='ocrx_word' id='word_1_90' title='bbox 728 1331 916 1404; x_wconf 87' lang='lat' dir='ltr'><strong>ostenderet,</strong></span> <span class='ocrx_word' id='word_1_91' title='bbox 940 1348 975 1393; x_wconf 86' lang='lat' dir='ltr'><strong>se</strong></span> <span class='ocrx_word' id='word_1_92' title='bbox 996 1349 1066 1394; x_wconf 84' lang='lat' dir='ltr'><strong>vere</strong></span> <span class='ocrx_word' id='word_1_93' title='bbox 1088 1349 1197 1410; x_wconf 85' lang='lat' dir='ltr'><strong>corpus</strong></span> <span class='ocrx_word' id='word_1_94' title='bbox 1219 1329 1326 1392; x_wconf 87' lang='lat' dir='ltr'><strong>hume-</strong></span> 
     </span>
     <span class='ocr_line' id='line_1_11' title="bbox 83 1431 1326 1512; baseline -0.002 -18"><span class='ocrx_word' id='word_1_95' title='bbox 83 1451 169 1496; x_wconf 85' lang='lat' dir='ltr'><strong>nunt</strong></span> <span class='ocrx_word' id='word_1_96' title='bbox 190 1431 310 1508; x_wconf 76' lang='lat' dir='ltr'><strong>habere,</strong></span> <span class='ocrx_word' id='word_1_97' title='bbox 333 1433 439 1496; x_wconf 89' lang='lat' dir='ltr'><strong>deinde</strong></span> <span class='ocrx_word' id='word_1_98' title='bbox 462 1433 668 1496; x_wconf 80' lang='lat' dir='ltr'><strong>othoninum</strong></span> <span class='ocrx_word' id='word_1_99' title='bbox 690 1433 888 1512; x_wconf 78' lang='lat' dir='ltr'><strong>ignorantiam</strong></span> <span class='ocrx_word' id='word_1_100' title='bbox 908 1433 941 1496; x_wconf 89' lang='lat' dir='ltr'><strong>in</strong></span> <span class='ocrx_word' id='word_1_101' title='bbox 963 1451 1091 1512; x_wconf 90' lang='lat' dir='ltr'><strong>corpore</strong></span> <span class='ocrx_word' id='word_1_102' title='bbox 1107 1451 1214 1512; x_wconf 87' lang='lat' dir='ltr'><strong>gerens</strong></span> <span class='ocrx_word' id='word_1_103' title='bbox 1237 1439 1326 1494; x_wconf 91' lang='lat' dir='ltr'><strong>natu-</strong></span> 
     </span>
     <span class='ocr_line' id='line_1_12' title="bbox 83 1534 1392 1615; baseline -0.002 -19"><span class='ocrx_word' id='word_1_104' title='bbox 83 1553 159 1596; x_wconf 88' lang='lat' dir='ltr'><strong>ram</strong></span> <span class='ocrx_word' id='word_1_105' title='bbox 183 1534 340 1596; x_wconf 87' lang='lat' dir='ltr'><strong>humanam</strong></span> <span class='ocrx_word' id='word_1_106' title='bbox 363 1535 400 1596; x_wconf 91' lang='lat' dir='ltr'><strong>ab</strong></span> <span class='ocrx_word' id='word_1_107' title='bbox 424 1535 561 1598; x_wconf 87' lang='lat' dir='ltr'><strong>omnibus</strong></span> <span class='ocrx_word' id='word_1_108' title='bbox 584 1535 723 1600; x_wconf 84' lang='lat' dir='ltr'><strong>liberaret</strong></span> <span class='ocrx_word' id='word_1_109' title='bbox 745 1542 775 1598; x_wconf 91' lang='lat' dir='ltr'><strong>et</strong></span> <span class='ocrx_word' id='word_1_110' title='bbox 795 1543 945 1615; x_wconf 87' lang='lat' dir='ltr'><strong>purgaret,</strong></span> <span class='ocrx_word' id='word_1_111' title='bbox 967 1537 1186 1614; x_wconf 79' lang='lat' dir='ltr'><strong>perfectamque</strong></span> <span class='ocrx_word' id='word_1_112' title='bbox 1205 1551 1240 1594; x_wconf 89' lang='lat' dir='ltr'><strong>ac</strong></span> <span class='ocrx_word' id='word_1_113' title='bbox 1254 1550 1326 1594; x_wconf 87' lang='lat' dir='ltr'><strong>son-</strong></span> <span class='ocrx_word' id='word_1_114' title='bbox 1389 1563 1392 1574; x_wconf 90' lang='lat'>·</span> 
     </span>
     <span class='ocr_line' id='line_1_13' title="bbox 85 1633 1328 1716; baseline -0.003 -18"><span class='ocrx_word' id='word_1_115' title='bbox 85 1643 173 1698; x_wconf 85' lang='lat' dir='ltr'><strong>ctam</strong></span> <span class='ocrx_word' id='word_1_116' title='bbox 199 1633 280 1697; x_wconf 86' lang='lat' dir='ltr'><strong>Patri</strong></span> <span class='ocrx_word' id='word_1_117' title='bbox 313 1636 476 1698; x_wconf 79' lang='lat' dir='ltr'><strong>exhiberet.</strong></span> <span class='ocrx_word' id='word_1_118' title='bbox 533 1634 610 1710; x_wconf 86' lang='lat' dir='ltr'><strong>Quid</strong></span> <span class='ocrx_word' id='word_1_119' title='bbox 641 1637 731 1716; x_wconf 91' lang='lat' dir='ltr'><strong>igitur</strong></span> <span class='ocrx_word' id='word_1_120' title='bbox 762 1637 878 1698; x_wconf 79' lang='lat' dir='ltr'><strong>Arianis</strong></span> <span class='ocrx_word' id='word_1_121' title='bbox 911 1645 1067 1716; x_wconf 88' lang='lat' dir='ltr'><strong>superest,</strong></span> <span class='ocrx_word' id='word_1_122' title='bbox 1100 1635 1179 1715; x_wconf 88' lang='lat' dir='ltr'><strong>quod</strong></span> <span class='ocrx_word' id='word_1_123' title='bbox 1210 1633 1328 1714; x_wconf 81' lang='lat' dir='ltr'><strong>possint</strong></span> 
     </span>
     <span class='ocr_line' id='line_1_14' title="bbox 87 1735 1324 1825; baseline -0.002 -25"><span class='ocrx_word' id='word_1_124' title='bbox 87 1735 275 1817; x_wconf 72' lang='lat' dir='ltr'><strong>opponere?</strong></span> <span class='ocrx_word' id='word_1_125' title='bbox 320 1737 397 1810; x_wconf 87' lang='lat' dir='ltr'><strong>Quid</strong></span> <span class='ocrx_word' id='word_1_126' title='bbox 419 1737 487 1800; x_wconf 88' lang='lat' dir='ltr'><strong>novi</strong></span> <span class='ocrx_word' id='word_1_127' title='bbox 510 1738 547 1800; x_wconf 92' lang='lat' dir='ltr'><strong>ad</strong></span> <span class='ocrx_word' id='word_1_128' title='bbox 569 1737 807 1825; x_wconf 82' lang='lat' dir='ltr'><strong>obganniendum</strong></span> <span class='ocrx_word' id='word_1_129' title='bbox 830 1736 1063 1818; x_wconf 80' lang='lat' dir='ltr'><strong>excogitobuntl</strong></span> <span class='ocrx_word' id='word_1_130' title='bbox 1107 1736 1261 1816; x_wconf 81' lang='lat' dir='ltr'><strong>Siquidem</strong></span> <span class='ocrx_word' id='word_1_131' title='bbox 1276 1735 1324 1798; x_wconf 84' lang='lat' dir='ltr'><strong>di·</strong></span> 
     </span>
     <span class='ocr_line' id='line_1_15' title="bbox 86 1838 1327 1920; baseline -0.001 -19"><span class='ocrx_word' id='word_1_132' title='bbox 86 1839 192 1902; x_wconf 91' lang='lat' dir='ltr'><strong>lucide</strong></span> <span class='ocrx_word' id='word_1_133' title='bbox 214 1838 410 1912; x_wconf 84' lang='lat' dir='ltr'><strong>ostendimus,</strong></span> <span class='ocrx_word' id='word_1_134' title='bbox 434 1857 487 1902; x_wconf 89' lang='lat' dir='ltr'><strong>eos</strong></span> <span class='ocrx_word' id='word_1_135' title='bbox 510 1838 564 1900; x_wconf 92' lang='lat' dir='ltr'><strong>bas</strong></span> <span class='ocrx_word' id='word_1_136' title='bbox 587 1857 677 1902; x_wconf 82' lang='lat' dir='ltr'><strong>voces</strong></span> <span class='ocrx_word' id='word_1_137' title='bbox 699 1857 760 1902; x_wconf 95' lang='lat' dir='ltr'><strong>non</strong></span> <span class='ocrx_word' id='word_1_138' title='bbox 783 1839 964 1920; x_wconf 85' lang='lat' dir='ltr'><strong>intelligere:</strong></span> <span class='ocrx_word' id='word_1_139' title='bbox 986 1839 1136 1902; x_wconf 78' lang='lat' dir='ltr'><strong>Dominus</strong></span> <span class='ocrx_word' id='word_1_140' title='bbox 1151 1841 1267 1902; x_wconf 83' lang='lat' dir='ltr'><strong>creoor&#39;t</strong></span> <span class='ocrx_word' id='word_1_141' title='bbox 1280 1855 1327 1900; x_wconf 84' lang='lat' dir='ltr'><strong>ota</strong></span> 
     </span>
    </p>

    <p class='ocr_par' dir='ltr' id='par_1_3' title="bbox 88 1940 1328 2420">
     <span class='ocr_line' id='line_1_16' title="bbox 88 1940 1328 2029; baseline -0.002 -24"><span class='ocrx_word' id='word_1_142' title='bbox 88 1947 127 2004; x_wconf 67' lang='grc' dir='ltr'><strong>ιιι</strong></span> <span class='ocrx_word' id='word_1_143' title='bbox 150 1959 246 2029; x_wconf 79' lang='lat' dir='ltr'><strong>operp</strong></span> <span class='ocrx_word' id='word_1_144' title='bbox 274 1960 347 2014; x_wconf 79' lang='lat' dir='ltr'><strong>ruo,</strong></span> <span class='ocrx_word' id='word_1_145' title='bbox 377 1948 408 2002; x_wconf 90' lang='lat' dir='ltr'><strong>et</strong></span> <span class='ocrx_word' id='word_1_146' title='bbox 429 1940 483 2002; x_wconf 83' lang='lat' dir='ltr'><strong>De·</strong></span> <span class='ocrx_word' id='word_1_147' title='bbox 503 1942 549 2004; x_wconf 84' lang='lat' dir='ltr'><strong>die</strong></span> <span class='ocrx_word' id='word_1_148' title='bbox 577 1951 677 2004; x_wconf 76' lang='lat' dir='ltr'><strong>ostent</strong></span> <span class='ocrx_word' id='word_1_149' title='bbox 705 1940 759 2004; x_wconf 79' lang='lat' dir='ltr'><strong>illo</strong></span> <span class='ocrx_word' id='word_1_150' title='bbox 781 1959 868 2004; x_wconf 82' lang='lat' dir='ltr'><strong>nemo</strong></span> <span class='ocrx_word' id='word_1_151' title='bbox 890 1946 962 2013; x_wconf 79' lang='lat' dir='ltr'><strong>ecit,</strong></span> <span class='ocrx_word' id='word_1_152' title='bbox 991 1961 1085 2023; x_wconf 69' lang='grc' dir='ltr'>ιιιςιιι</span> <span class='ocrx_word' id='word_1_153' title='bbox 1106 1940 1213 2019; x_wconf 74' lang='lat' dir='ltr'><strong>Angeia·</strong></span> <span class='ocrx_word' id='word_1_154' title='bbox 1232 1957 1328 2020; x_wconf 76' lang='lat' dir='ltr'><strong>nepus</strong></span> 
     </span>
     <span class='ocr_line' id='line_1_17' title="bbox 90 2039 1326 2120; baseline -0.003 -12"><span class='ocrx_word' id='word_1_155' title='bbox 90 2043 202 2108; x_wconf 77' lang='lat' dir='ltr'><strong>Fila&#39;an.</strong></span> <span class='ocrx_word' id='word_1_156' title='bbox 254 2043 371 2106; x_wconf 86' lang='lat' dir='ltr'><strong>Etenim</strong></span> <span class='ocrx_word' id='word_1_157' title='bbox 398 2049 432 2104; x_wconf 89' lang='lat' dir='ltr'><strong>ut</strong></span> <span class='ocrx_word' id='word_1_158' title='bbox 459 2042 517 2104; x_wconf 94' lang='lat' dir='ltr'><strong>hoc</strong></span> <span class='ocrx_word' id='word_1_159' title='bbox 546 2041 638 2104; x_wconf 88' lang='lat' dir='ltr'><strong>verbo</strong></span> <span class='ocrx_word' id='word_1_160' title='bbox 673 2047 788 2106; x_wconf 79' lang='lat' dir='ltr'><strong>ereoott</strong></span> <span class='ocrx_word' id='word_1_161' title='bbox 820 2042 978 2106; x_wconf 87' lang='lat' dir='ltr'><strong>humanam</strong></span> <span class='ocrx_word' id='word_1_162' title='bbox 1005 2049 1142 2104; x_wconf 85' lang='lat' dir='ltr'><strong>naturam</strong></span> <span class='ocrx_word' id='word_1_163' title='bbox 1170 2039 1326 2120; x_wconf 79' lang='lat' dir='ltr'><strong>signifieat,</strong></span> 
     </span>
     <span class='ocr_line' id='line_1_18' title="bbox 90 2143 1326 2230; baseline 0 -24"><span class='ocrx_word' id='word_1_164' title='bbox 90 2145 165 2225; x_wconf 90' lang='lat' dir='ltr'><strong>quia</strong></span> <span class='ocrx_word' id='word_1_165' title='bbox 185 2163 256 2208; x_wconf 84' lang='lat' dir='ltr'><strong>vere</strong></span> <span class='ocrx_word' id='word_1_166' title='bbox 277 2145 368 2207; x_wconf 88' lang='lat' dir='ltr'><strong>homo</strong></span> <span class='ocrx_word' id='word_1_167' title='bbox 391 2145 485 2206; x_wconf 89' lang='lat' dir='ltr'><strong>laotos</strong></span> <span class='ocrx_word' id='word_1_168' title='bbox 507 2153 539 2204; x_wconf 87' lang='lat' dir='ltr'><strong>et</strong></span> <span class='ocrx_word' id='word_1_169' title='bbox 560 2152 678 2206; x_wconf 77' lang='lat' dir='ltr'><strong>creatus</strong></span> <span class='ocrx_word' id='word_1_170' title='bbox 702 2153 758 2218; x_wconf 89' lang='lat' dir='ltr'><strong>est,</strong></span> <span class='ocrx_word' id='word_1_171' title='bbox 782 2154 814 2206; x_wconf 90' lang='grc' dir='ltr'><strong>ιιι</strong></span> <span class='ocrx_word' id='word_1_172' title='bbox 841 2145 912 2208; x_wconf 88' lang='lat' dir='ltr'><strong>item</strong></span> <span class='ocrx_word' id='word_1_173' title='bbox 934 2161 1002 2206; x_wconf 90' lang='lat' dir='ltr'><strong>oum</strong></span> <span class='ocrx_word' id='word_1_174' title='bbox 1024 2143 1080 2205; x_wconf 90' lang='lat' dir='ltr'><strong>ait:</strong></span> <span class='ocrx_word' id='word_1_175' title='bbox 1104 2143 1165 2224; x_wconf 77' lang='lat' dir='ltr'><strong>Epo</strong></span> <span class='ocrx_word' id='word_1_176' title='bbox 1188 2153 1218 2206; x_wconf 86' lang='lat' dir='ltr'><strong>et</strong></span> <span class='ocrx_word' id='word_1_177' title='bbox 1232 2143 1326 2230; x_wconf 68' lang='lat' dir='ltr'><strong>Potor</strong></span> 
     </span>
     <span class='ocr_line' id='line_1_19' title="bbox 89 2245 1327 2324; baseline -0.003 -14"><span class='ocrx_word' id='word_1_178' title='bbox 89 2265 190 2310; x_wconf 84' lang='grc' dir='ltr'>ιιιιιιιιι</span> <span class='ocrx_word' id='word_1_179' title='bbox 212 2265 333 2319; x_wconf 80' lang='lat' dir='ltr'><strong>samos,</strong></span> <span class='ocrx_word' id='word_1_180' title='bbox 358 2256 388 2308; x_wconf 89' lang='lat' dir='ltr'><strong>et</strong></span> <span class='ocrx_word' id='word_1_181' title='bbox 412 2246 476 2319; x_wconf 83' lang='lat' dir='ltr'><strong>Qar&#39;</strong></span> <span class='ocrx_word' id='word_1_182' title='bbox 494 2246 576 2309; x_wconf 78' lang='lat' dir='ltr'><strong>videt</strong></span> <span class='ocrx_word' id='word_1_183' title='bbox 595 2265 658 2316; x_wconf 83' lang='lat' dir='ltr'><strong>me,</strong></span> <span class='ocrx_word' id='word_1_184' title='bbox 681 2249 761 2311; x_wconf 75' lang='lat' dir='ltr'><strong>older</strong></span> <span class='ocrx_word' id='word_1_185' title='bbox 783 2256 813 2309; x_wconf 87' lang='lat' dir='ltr'><strong>et</strong></span> <span class='ocrx_word' id='word_1_186' title='bbox 834 2245 967 2322; x_wconf 85' lang='lat' dir='ltr'><strong>Patrem,</strong></span> <span class='ocrx_word' id='word_1_187' title='bbox 991 2253 1022 2306; x_wconf 88' lang='lat' dir='ltr'><strong>et</strong></span> <span class='ocrx_word' id='word_1_188' title='bbox 1042 2245 1106 2324; x_wconf 78' lang='lat' dir='ltr'><strong>Epo</strong></span> <span class='ocrx_word' id='word_1_189' title='bbox 1127 2251 1160 2323; x_wconf 75' lang='lat' dir='ltr'><strong>a&#39;rt</strong></span> <span class='ocrx_word' id='word_1_190' title='bbox 1181 2245 1275 2308; x_wconf 83' lang='lat' dir='ltr'><strong>Patre</strong></span> <span class='ocrx_word' id='word_1_191' title='bbox 1297 2255 1327 2306; x_wconf 87' lang='lat' dir='ltr'><strong>et</strong></span> 
     </span>
     <span class='ocr_line' id='line_1_20' title="bbox 92 2345 1325 2420; baseline -0.002 -9"><span class='ocrx_word' id='word_1_192' title='bbox 92 2347 187 2411; x_wconf 80' lang='lat' dir='ltr'><strong>Potor</strong></span> <span class='ocrx_word' id='word_1_193' title='bbox 209 2352 242 2410; x_wconf 86' lang='grc' dir='ltr'><strong>ιἰι</strong></span> <span class='ocrx_word' id='word_1_194' title='bbox 263 2367 318 2420; x_wconf 84' lang='lat' dir='ltr'><strong>me,</strong></span> <span class='ocrx_word' id='word_1_195' title='bbox 343 2365 426 2409; x_wconf 88' lang='lat' dir='ltr'><strong>suam</strong></span> <span class='ocrx_word' id='word_1_196' title='bbox 450 2347 654 2410; x_wconf 88' lang='lat' dir='ltr'><strong>aeternitatem</strong></span> <span class='ocrx_word' id='word_1_197' title='bbox 678 2355 707 2410; x_wconf 88' lang='lat' dir='ltr'><strong>et</strong></span> <span class='ocrx_word' id='word_1_198' title='bbox 728 2345 1063 2410; x_wconf 82' lang='lat' dir='ltr'><strong>consubstantialitatem</strong></span> <span class='ocrx_word' id='word_1_199' title='bbox 1086 2365 1154 2408; x_wconf 92' lang='lat' dir='ltr'><strong>cum</strong></span> <span class='ocrx_word' id='word_1_200' title='bbox 1167 2347 1255 2408; x_wconf 87' lang='lat' dir='ltr'><strong>Patre</strong></span> <span class='ocrx_word' id='word_1_201' title='bbox 1268 2345 1325 2408; x_wconf 87' lang='lat' dir='ltr'><strong>tlo-</strong></span> 
     </span>
    </p>

    <p class='ocr_par' dir='ltr' id='par_1_4' title="bbox 8 2446 1327 2528">
     <span class='ocr_line' id='line_1_21' title="bbox 8 2446 1327 2528; baseline -0.005 -14"><span class='ocrx_word' id='word_1_202' title='bbox 8 2511 9 2514; x_wconf 74' lang='grc'>,</span> <span class='ocrx_word' id='word_1_203' title='bbox 94 2460 194 2526; x_wconf 81' lang='lat' dir='ltr'><strong>notat3</strong></span> <span class='ocrx_word' id='word_1_204' title='bbox 216 2451 257 2512; x_wconf 81' lang='lat' dir='ltr'><strong>ita</strong></span> <span class='ocrx_word' id='word_1_205' title='bbox 278 2450 352 2512; x_wconf 86' lang='lat' dir='ltr'><strong>haec</strong></span> <span class='ocrx_word' id='word_1_206' title='bbox 372 2447 477 2510; x_wconf 82' lang='lat' dir='ltr'><strong>verba:</strong></span> <span class='ocrx_word' id='word_1_207' title='bbox 501 2446 594 2509; x_wconf 86' lang='lat' dir='ltr'><strong>Nemo</strong></span> <span class='ocrx_word' id='word_1_208' title='bbox 616 2452 781 2528; x_wconf 77' lang='lat' dir='ltr'><strong>celtaeque</strong></span> <span class='ocrx_word' id='word_1_209' title='bbox 797 2446 902 2520; x_wconf 81' lang='lat' dir='ltr'><strong>Filios,</strong></span> <span class='ocrx_word' id='word_1_210' title='bbox 925 2455 1063 2527; x_wconf 86' lang='lat' dir='ltr'><strong>tanquam</strong></span> <span class='ocrx_word' id='word_1_211' title='bbox 1085 2447 1177 2509; x_wconf 86' lang='lat' dir='ltr'><strong>borno</strong></span> <span class='ocrx_word' id='word_1_212' title='bbox 1195 2454 1327 2525; x_wconf 82' lang='lat' dir='ltr'><strong>usurpat,</strong></span> 
     </span>
    </p>

    <p class='ocr_par' dir='ltr' id='par_1_5' title="bbox 8 2547 1403 3135">
     <span class='ocr_line' id='line_1_22' title="bbox 8 2547 1325 2634; baseline -0.008 -16"><span class='ocrx_word' id='word_1_213' title='bbox 8 2595 10 2618; x_wconf 58' lang='lat' dir='ltr'><strong>r</strong></span> <span class='ocrx_word' id='word_1_214' title='bbox 94 2555 165 2634; x_wconf 86' lang='lat' dir='ltr'><strong>quia</strong></span> <span class='ocrx_word' id='word_1_215' title='bbox 187 2569 294 2632; x_wconf 86' lang='lat' dir='ltr'><strong>nempe</strong></span> <span class='ocrx_word' id='word_1_216' title='bbox 314 2550 467 2631; x_wconf 88' lang='lat' dir='ltr'><strong>proprium</strong></span> <span class='ocrx_word' id='word_1_217' title='bbox 492 2548 645 2610; x_wconf 91' lang='lat' dir='ltr'><strong>hominum</strong></span> <span class='ocrx_word' id='word_1_218' title='bbox 669 2548 710 2610; x_wconf 88' lang='lat' dir='ltr'><strong>sit</strong></span> <span class='ocrx_word' id='word_1_219' title='bbox 730 2547 879 2627; x_wconf 82' lang='lat' dir='ltr'><strong>ignorare.</strong></span> <span class='ocrx_word' id='word_1_220' title='bbox 923 2547 1171 2620; x_wconf 71' lang='lat' dir='ltr'><strong>uninomina,</strong></span> <span class='ocrx_word' id='word_1_221' title='bbox 1203 2548 1253 2627; x_wconf 91' lang='lat' dir='ltr'><strong>qui</strong></span> <span class='ocrx_word' id='word_1_222' title='bbox 1276 2547 1325 2609; x_wconf 91' lang='lat' dir='ltr'><strong>di-</strong></span> 
     </span>
     <span class='ocr_line' id='line_1_23' title="bbox 94 2646 1323 2730; baseline -0.008 -12"><span class='ocrx_word' id='word_1_223' title='bbox 94 2657 151 2718; x_wconf 90' lang='lat' dir='ltr'><strong>cit:</strong></span> <span class='ocrx_word' id='word_1_224' title='bbox 179 2653 272 2716; x_wconf 82' lang='lat' dir='ltr'><strong>Norae</strong></span> <span class='ocrx_word' id='word_1_225' title='bbox 300 2655 387 2716; x_wconf 82' lang='lat' dir='ltr'><strong>novit</strong></span> <span class='ocrx_word' id='word_1_226' title='bbox 409 2650 533 2714; x_wconf 83' lang='lat' dir='ltr'><strong>Patrem</strong></span> <span class='ocrx_word' id='word_1_227' title='bbox 555 2653 617 2712; x_wconf 83' lang='grc' dir='ltr'>ιιιίι·</span> <span class='ocrx_word' id='word_1_228' title='bbox 637 2647 735 2712; x_wconf 73' lang='lat' dir='ltr'><strong>Filios</strong></span> <span class='ocrx_word' id='word_1_229' title='bbox 757 2667 851 2730; x_wconf 77' lang='lat' dir='ltr'><strong>cepoe</strong></span> <span class='ocrx_word' id='word_1_230' title='bbox 874 2649 988 2712; x_wconf 76' lang='lat' dir='ltr'><strong>Filiam·</strong></span> <span class='ocrx_word' id='word_1_231' title='bbox 1011 2653 1075 2712; x_wconf 79' lang='lat' dir='ltr'><strong>aiei</strong></span> <span class='ocrx_word' id='word_1_232' title='bbox 1093 2649 1202 2717; x_wconf 83' lang='lat' dir='ltr'><strong>Peter,</strong></span> <span class='ocrx_word' id='word_1_233' title='bbox 1230 2646 1323 2710; x_wconf 89' lang='lat' dir='ltr'><strong>multo</strong></span> 
     </span>
     <span class='ocr_line' id='line_1_24' title="bbox 92 2747 1324 2838; baseline -0.013 -17"><span class='ocrx_word' id='word_1_234' title='bbox 92 2757 188 2838; x_wconf 88' lang='lat' dir='ltr'><strong>magis</strong></span> <span class='ocrx_word' id='word_1_235' title='bbox 210 2773 260 2818; x_wconf 87' lang='lat' dir='ltr'><strong>res</strong></span> <span class='ocrx_word' id='word_1_236' title='bbox 282 2761 394 2817; x_wconf 77' lang='lat' dir='ltr'><strong>moetas</strong></span> <span class='ocrx_word' id='word_1_237' title='bbox 416 2750 496 2813; x_wconf 87' lang='lat' dir='ltr'><strong>idem</strong></span> <span class='ocrx_word' id='word_1_238' title='bbox 518 2749 645 2812; x_wconf 85' lang='lat' dir='ltr'><strong>noverit.</strong></span> <span class='ocrx_word' id='word_1_239' title='bbox 689 2748 766 2811; x_wconf 88' lang='lat' dir='ltr'><strong>Hinc</strong></span> <span class='ocrx_word' id='word_1_240' title='bbox 779 2749 922 2829; x_wconf 81' lang='lat' dir='ltr'><strong>Discipuli</strong></span> <span class='ocrx_word' id='word_1_241' title='bbox 943 2749 1021 2829; x_wconf 89' lang='lat' dir='ltr'><strong>apud</strong></span> <span class='ocrx_word' id='word_1_242' title='bbox 1038 2749 1181 2812; x_wconf 89' lang='lat' dir='ltr'><strong>loannem</strong></span> <span class='ocrx_word' id='word_1_243' title='bbox 1196 2747 1324 2810; x_wconf 87' lang='lat' dir='ltr'><strong>Domino</strong></span> 
     </span>
     <span class='ocr_line' id='line_1_25' title="bbox 93 2847 1403 2932; baseline -0.015 -9"><span class='ocrx_word' id='word_1_244' title='bbox 93 2859 228 2923; x_wconf 86' lang='lat' dir='ltr'><strong>aiebant:</strong></span> <span class='ocrx_word' id='word_1_245' title='bbox 259 2855 347 2918; x_wconf 80' lang='lat' dir='ltr'><strong>Nunc</strong></span> <span class='ocrx_word' id='word_1_246' title='bbox 369 2857 480 2916; x_wconf 74' lang='lat' dir='ltr'><strong>sobnae</strong></span> <span class='ocrx_word' id='word_1_247' title='bbox 502 2855 573 2932; x_wconf 81' lang='lat' dir='ltr'><strong>puio</strong></span> <span class='ocrx_word' id='word_1_248' title='bbox 595 2855 654 2914; x_wconf 84' lang='lat' dir='ltr'><strong>scie</strong></span> <span class='ocrx_word' id='word_1_249' title='bbox 677 2855 788 2916; x_wconf 82' lang='lat' dir='ltr'><strong>omnio.</strong></span> <span class='ocrx_word' id='word_1_250' title='bbox 831 2852 933 2931; x_wconf 86' lang='lat' dir='ltr'><strong>ltaque</strong></span> <span class='ocrx_word' id='word_1_251' title='bbox 954 2851 1145 2914; x_wconf 78' lang='lat' dir='ltr'><strong>manifestum</strong></span> <span class='ocrx_word' id='word_1_252' title='bbox 1167 2857 1229 2924; x_wconf 87' lang='lat' dir='ltr'><strong>est,</strong></span> <span class='ocrx_word' id='word_1_253' title='bbox 1252 2847 1326 2910; x_wconf 91' lang='lat' dir='ltr'><strong>nihil</strong></span> <span class='ocrx_word' id='word_1_254' title='bbox 1362 2863 1370 2878; x_wconf 92' lang='lat'><strong>·</strong></span> <span class='ocrx_word' id='word_1_255' title='bbox 1399 2897 1403 2904; x_wconf 90' lang='lat'>.</span> 
     </span>
     <span class='ocr_line' id='line_1_26' title="bbox 94 2949 1325 3044; baseline -0.01 -21"><span class='ocrx_word' id='word_1_256' title='bbox 94 2962 181 3044; x_wconf 89' lang='lat' dir='ltr'><strong>plane</strong></span> <span class='ocrx_word' id='word_1_257' title='bbox 204 2979 288 3033; x_wconf 87' lang='lat' dir='ltr'><strong>esse,</strong></span> <span class='ocrx_word' id='word_1_258' title='bbox 317 2956 397 3037; x_wconf 87' lang='lat' dir='ltr'><strong>quod</strong></span> <span class='ocrx_word' id='word_1_259' title='bbox 420 2955 559 3018; x_wconf 83' lang='lat' dir='ltr'><strong>Christus</strong></span> <span class='ocrx_word' id='word_1_260' title='bbox 588 2953 724 3032; x_wconf 78' lang='lat' dir='ltr'><strong>ignoret,</strong></span> <span class='ocrx_word' id='word_1_261' title='bbox 753 2953 908 3034; x_wconf 86' lang='lat' dir='ltr'><strong>cumipse</strong></span> <span class='ocrx_word' id='word_1_262' title='bbox 931 2951 1137 3026; x_wconf 75' lang='lat' dir='ltr'><strong>alilotham,</strong></span> <span class='ocrx_word' id='word_1_263' title='bbox 1166 2971 1221 3033; x_wconf 91' lang='lat' dir='ltr'><strong>per</strong></span> <span class='ocrx_word' id='word_1_264' title='bbox 1243 2949 1325 3030; x_wconf 88' lang='lat' dir='ltr'><strong>quod</strong></span> 
     </span>
     <span class='ocr_line' id='line_1_27' title="bbox 95 3053 1323 3135; baseline -0.009 -11"><span class='ocrx_word' id='word_1_265' title='bbox 95 3063 194 3126; x_wconf 88' lang='lat' dir='ltr'><strong>omnia</strong></span> <span class='ocrx_word' id='word_1_266' title='bbox 215 3063 291 3124; x_wconf 83' lang='lat' dir='ltr'><strong>laeta</strong></span> <span class='ocrx_word' id='word_1_267' title='bbox 313 3067 393 3122; x_wconf 90' lang='lat' dir='ltr'><strong>sunt.</strong></span> <span class='ocrx_word' id='word_1_268' title='bbox 439 3056 587 3130; x_wconf 86' lang='lat' dir='ltr'><strong>Quocirca</strong></span> <span class='ocrx_word' id='word_1_269' title='bbox 608 3055 677 3135; x_wconf 88' lang='lat' dir='ltr'><strong>quia</strong></span> <span class='ocrx_word' id='word_1_270' title='bbox 699 3055 764 3117; x_wconf 88' lang='lat' dir='ltr'><strong>dies</strong></span> <span class='ocrx_word' id='word_1_271' title='bbox 785 3055 834 3118; x_wconf 90' lang='lat' dir='ltr'><strong>illa</strong></span> <span class='ocrx_word' id='word_1_272' title='bbox 849 3055 958 3135; x_wconf 86' lang='lat' dir='ltr'><strong>aliquid</strong></span> <span class='ocrx_word' id='word_1_273' title='bbox 976 3063 1024 3116; x_wconf 90' lang='lat' dir='ltr'><strong>est</strong></span> <span class='ocrx_word' id='word_1_274' title='bbox 1039 3073 1074 3118; x_wconf 85' lang='lat' dir='ltr'><strong>en</strong></span> <span class='ocrx_word' id='word_1_275' title='bbox 1089 3053 1239 3126; x_wconf 87' lang='lat' dir='ltr'><strong>omnibus,</strong></span> <span class='ocrx_word' id='word_1_276' title='bbox 1261 3069 1323 3115; x_wconf 92' lang='lat' dir='ltr'><strong>non</strong></span> 
     </span>
    </p>

    <p class='ocr_par' dir='ltr' id='par_1_6' title="bbox 8 3144 1330 3346">
     <span class='ocr_line' id='line_1_28' title="bbox 8 3144 1330 3242; baseline -0.007 -14"><span class='ocrx_word' id='word_1_277' title='bbox 8 3215 9 3242; x_wconf 43' lang='lat'><em>2</em></span> <span class='ocrx_word' id='word_1_278' title='bbox 96 3163 217 3227; x_wconf 88' lang='lat' dir='ltr'><strong>dubium</strong></span> <span class='ocrx_word' id='word_1_279' title='bbox 240 3171 288 3226; x_wconf 88' lang='lat' dir='ltr'><strong>eet</strong></span> <span class='ocrx_word' id='word_1_280' title='bbox 309 3161 381 3242; x_wconf 82' lang='lat' dir='ltr'><strong>quin</strong></span> <span class='ocrx_word' id='word_1_281' title='bbox 403 3158 577 3240; x_wconf 89' lang='lat' dir='ltr'><strong>peripsum</strong></span> <span class='ocrx_word' id='word_1_282' title='bbox 600 3157 665 3236; x_wconf 86' lang='lat' dir='ltr'><strong>ipsa</strong></span> <span class='ocrx_word' id='word_1_283' title='bbox 687 3175 805 3238; x_wconf 86' lang='lat' dir='ltr'><strong>quoquo</strong></span> <span class='ocrx_word' id='word_1_284' title='bbox 822 3159 921 3220; x_wconf 88' lang='lat' dir='ltr'><strong>lutura</strong></span> <span class='ocrx_word' id='word_1_285' title='bbox 937 3157 987 3232; x_wconf 87' lang='lat' dir='ltr'><strong>sit,</strong></span> <span class='ocrx_word' id='word_1_286' title='bbox 1009 3157 1125 3223; x_wconf 86' lang='lat' dir='ltr'><strong>etiamsi</strong></span> <span class='ocrx_word' id='word_1_287' title='bbox 1139 3144 1330 3234; x_wconf 72' lang='lat' dir='ltr'><strong>Arianiprao.</strong></span> 
     </span>
     <span class='ocr_line' id='line_1_29' title="bbox 96 3258 766 3346; baseline -0.009 -18"><span class='ocrx_word' id='word_1_288' title='bbox 96 3286 148 3330; x_wconf 88' lang='lat' dir='ltr'><strong>sua</strong></span> <span class='ocrx_word' id='word_1_289' title='bbox 170 3261 338 3346; x_wconf 86' lang='lat' dir='ltr'><strong>ignorantia</strong></span> <span class='ocrx_word' id='word_1_290' title='bbox 361 3259 527 3324; x_wconf 80' lang='lat' dir='ltr'><strong>sexcenties</strong></span> <span class='ocrx_word' id='word_1_291' title='bbox 550 3258 766 3340; x_wconf 86' lang='lat' dir='ltr'><strong>dirumpantur.</strong></span> 
     </span>
    </p>
   </div>
   <div class='ocr_carea' id='block_1_3' title="bbox 40 3473 1327 4298">
    <p class='ocr_par' dir='ltr' id='par_1_7' title="bbox 40 3473 1327 3612">
     <span class='ocr_line' id='line_1_30' title="bbox 40 3473 1327 3550; baseline -0.01 -11"><span class='ocrx_word' id='word_1_292' title='bbox 40 3500 45 3508; x_wconf 88' lang='lat'><em>·</em></span> <span class='ocrx_word' id='word_1_293' title='bbox 130 3489 227 3550; x_wconf 74' lang='lat' dir='ltr'><strong>alleg.</strong></span> <span class='ocrx_word' id='word_1_294' title='bbox 250 3486 393 3547; x_wconf 84' lang='lat' dir='ltr'><strong>etSegner.</strong></span> <span class='ocrx_word' id='word_1_295' title='bbox 418 3485 533 3534; x_wconf 84' lang='lat' dir='ltr'><strong>omittunt</strong></span> <span class='ocrx_word' id='word_1_296' title='bbox 555 3473 683 3545; x_wconf 72' lang='lat' dir='ltr'><strong>alcippe</strong></span> <span class='ocrx_word' id='word_1_297' title='bbox 734 3480 808 3532; x_wconf 77' lang='lat' dir='ltr'><strong>Booti.</strong></span> <span class='ocrx_word' id='word_1_298' title='bbox 833 3481 1035 3544; x_wconf 75' lang='lat' dir='ltr'><strong>habentquoqae</strong></span> <span class='ocrx_word' id='word_1_299' title='bbox 1053 3474 1143 3530; x_wconf 71' lang='lat' dir='ltr'><strong>eneae</strong></span> <span class='ocrx_word' id='word_1_300' title='bbox 1158 3492 1216 3544; x_wconf 85' lang='grc' dir='ltr'><strong><em>με.·</em></strong></span> <span class='ocrx_word' id='word_1_301' title='bbox 1239 3477 1284 3528; x_wconf 85' lang='lat' dir='ltr'><strong>llil</strong></span> <span class='ocrx_word' id='word_1_302' title='bbox 1302 3483 1327 3526; x_wconf 90' lang='lat' dir='ltr'><strong>et</strong></span> 
     </span>
     <span class='ocr_line' id='line_1_31' title="bbox 98 3540 1179 3612; baseline -0.007 -8"><span class='ocrx_word' id='word_1_303' title='bbox 98 3547 190 3611; x_wconf 70' lang='grc' dir='ltr'><strong>αὐτοῦ,</strong></span> <span class='ocrx_word' id='word_1_304' title='bbox 209 3568 255 3604; x_wconf 87' lang='lat' dir='ltr'><strong>nee</strong></span> <span class='ocrx_word' id='word_1_305' title='bbox 272 3567 300 3602; x_wconf 84' lang='lat' dir='ltr'><strong>ea</strong></span> <span class='ocrx_word' id='word_1_306' title='bbox 318 3551 512 3603; x_wconf 78' lang='lat' dir='ltr'><strong>certitNennius.</strong></span> <span class='ocrx_word' id='word_1_307' title='bbox 548 3549 684 3600; x_wconf 69' lang='lat' dir='ltr'><strong>horitdoro</strong></span> <span class='ocrx_word' id='word_1_308' title='bbox 736 3550 793 3600; x_wconf 91' lang='lat' dir='ltr'><strong>editi</strong></span> <span class='ocrx_word' id='word_1_309' title='bbox 810 3544 898 3612; x_wconf 75' lang='grc' dir='ltr'><strong><em>λέγων</em></strong></span> <span class='ocrx_word' id='word_1_310' title='bbox 916 3541 946 3596; x_wconf 75' lang='lat' dir='ltr'><strong>ad</strong></span> <span class='ocrx_word' id='word_1_311' title='bbox 964 3540 1062 3606; x_wconf 66' lang='lat' dir='ltr'><strong>inan,</strong></span> <span class='ocrx_word' id='word_1_312' title='bbox 1083 3541 1115 3596; x_wconf 84' lang='grc' dir='ltr'><strong>τό</strong></span> <span class='ocrx_word' id='word_1_313' title='bbox 1133 3557 1179 3596; x_wconf 83' lang='lat' dir='ltr'><strong>eto.</strong></span> 
     </span>
    </p>

    <p class='ocr_par' dir='ltr' id='par_1_8' title="bbox 97 3603 1327 3832">
     <span class='ocr_line' id='line_1_32' title="bbox 99 3603 1327 3686; baseline -0.011 -13"><span class='ocrx_word' id='word_1_314' title='bbox 99 3625 151 3686; x_wconf 86' lang='lat' dir='ltr'><strong>lleg.</strong></span> <span class='ocrx_word' id='word_1_315' title='bbox 170 3632 193 3672; x_wconf 84' lang='lat' dir='ltr'><strong>et</strong></span> <span class='ocrx_word' id='word_1_316' title='bbox 211 3621 311 3684; x_wconf 86' lang='lat' dir='ltr'><strong>Segner.</strong></span> <span class='ocrx_word' id='word_1_317' title='bbox 328 3612 391 3686; x_wconf 76' lang='grc' dir='ltr'><strong>περὶ</strong></span> <span class='ocrx_word' id='word_1_318' title='bbox 409 3613 438 3668; x_wconf 77' lang='lat' dir='ltr'><strong>dd</strong></span> <span class='ocrx_word' id='word_1_319' title='bbox 455 3617 511 3678; x_wconf 81' lang='grc' dir='ltr'><em>τῆς.</em></span> <span class='ocrx_word' id='word_1_320' title='bbox 549 3617 576 3667; x_wconf 96' lang='lat' dir='ltr'><strong>ln</strong></span> <span class='ocrx_word' id='word_1_321' title='bbox 595 3616 685 3666; x_wconf 82' lang='lat' dir='ltr'><strong>eliieet</strong></span> <span class='ocrx_word' id='word_1_322' title='bbox 769 3616 793 3665; x_wconf 87' lang='lat' dir='ltr'><strong>d.</strong></span> <span class='ocrx_word' id='word_1_323' title='bbox 812 3606 1028 3680; x_wconf 59' lang='lat' dir='ltr'><strong>ositremont.</strong></span> <span class='ocrx_word' id='word_1_324' title='bbox 1067 3617 1155 3664; x_wconf 75' lang='lat' dir='ltr'><strong>thidrm</strong></span> <span class='ocrx_word' id='word_1_325' title='bbox 1180 3613 1270 3672; x_wconf 74' lang='lat' dir='ltr'><strong>anglic.</strong></span> <span class='ocrx_word' id='word_1_326' title='bbox 1297 3603 1327 3659; x_wconf 72' lang='lat' dir='ltr'><strong>lv</strong></span> 
     </span>
     <span class='ocr_line' id='line_1_33' title="bbox 98 3673 1324 3748; baseline -0.011 -7"><span class='ocrx_word' id='word_1_327' title='bbox 98 3692 165 3741; x_wconf 87' lang='lat' dir='ltr'><strong>editis</strong></span> <span class='ocrx_word' id='word_1_328' title='bbox 183 3683 213 3737; x_wconf 76' lang='grc' dir='ltr'><strong>δέ</strong></span> <span class='ocrx_word' id='word_1_329' title='bbox 231 3690 307 3738; x_wconf 84' lang='lat' dir='ltr'><strong>deest.</strong></span> <span class='ocrx_word' id='word_1_330' title='bbox 344 3687 435 3736; x_wconf 76' lang='lat' dir='ltr'><strong>ibidem</strong></span> <span class='ocrx_word' id='word_1_331' title='bbox 455 3686 526 3737; x_wconf 77' lang='lat' dir='ltr'><strong>basil.</strong></span> <span class='ocrx_word' id='word_1_332' title='bbox 551 3693 574 3734; x_wconf 87' lang='lat' dir='ltr'><strong>et</strong></span> <span class='ocrx_word' id='word_1_333' title='bbox 591 3685 684 3746; x_wconf 76' lang='lat' dir='ltr'><strong>anglic.</strong></span> <span class='ocrx_word' id='word_1_334' title='bbox 734 3681 774 3748; x_wconf 74' lang='lat' dir='ltr'><strong>agi</strong></span> <span class='ocrx_word' id='word_1_335' title='bbox 791 3674 1001 3741; x_wconf 67' lang='lat' dir='ltr'><strong>amblardum</strong></span> <span class='ocrx_word' id='word_1_336' title='bbox 1018 3673 1175 3747; x_wconf 67' lang='lat' dir='ltr'><strong>dayymtp,</strong></span> <span class='ocrx_word' id='word_1_337' title='bbox 1195 3693 1324 3746; x_wconf 78' lang='lat' dir='ltr'><strong>qrraeonr-</strong></span> 
     </span>
     <span class='ocr_line' id='line_1_34' title="bbox 97 3745 1247 3832; baseline -0.01 -26"><span class='ocrx_word' id='word_1_338' title='bbox 97 3757 143 3818; x_wconf 82' lang='grc' dir='ltr'><strong>τῆς</strong></span> <span class='ocrx_word' id='word_1_339' title='bbox 160 3749 263 3824; x_wconf 71' lang='grc' dir='ltr'><em>ἡμέρας</em></span> <span class='ocrx_word' id='word_1_340' title='bbox 279 3745 380 3814; x_wconf 68' lang='grc' dir='ltr'><strong>ἐκείνης</strong></span> <span class='ocrx_word' id='word_1_341' title='bbox 395 3748 442 3804; x_wconf 75' lang='grc' dir='ltr'><strong>καὶ</strong></span> <span class='ocrx_word' id='word_1_342' title='bbox 460 3753 506 3816; x_wconf 76' lang='grc' dir='ltr'><strong>τῆς</strong></span> <span class='ocrx_word' id='word_1_343' title='bbox 524 3745 604 3832; x_wconf 71' lang='lat' dir='ltr'><strong>ci&#39;por·</strong></span> <span class='ocrx_word' id='word_1_344' title='bbox 634 3753 684 3802; x_wconf 85' lang='lat' dir='ltr'><strong>Go-</strong></span> <span class='ocrx_word' id='word_1_345' title='bbox 735 3752 774 3801; x_wconf 84' lang='lat' dir='ltr'><strong>nie</strong></span> <span class='ocrx_word' id='word_1_346' title='bbox 792 3751 921 3802; x_wconf 84' lang='lat' dir='ltr'><strong>demntia</strong></span> <span class='ocrx_word' id='word_1_347' title='bbox 940 3751 1039 3801; x_wconf 82' lang='lat' dir='ltr'><strong>Gobler.</strong></span> <span class='ocrx_word' id='word_1_348' title='bbox 1057 3761 1081 3802; x_wconf 78' lang='lat' dir='ltr'><strong>et</strong></span> <span class='ocrx_word' id='word_1_349' title='bbox 1100 3751 1204 3799; x_wconf 82' lang='lat' dir='ltr'><strong>l&#39;etclna.</strong></span> <span class='ocrx_word' id='word_1_350' title='bbox 1226 3749 1247 3796; x_wconf 88' lang='grc'><strong>1.</strong></span> 
     </span>
    </p>

    <p class='ocr_par' dir='ltr' id='par_1_9' title="bbox 98 3809 1324 4095">
     <span class='ocr_line' id='line_1_35' title="bbox 98 3809 1324 3882; baseline -0.011 -6"><span class='ocrx_word' id='word_1_351' title='bbox 98 3828 155 3876; x_wconf 77' lang='lat' dir='ltr'><strong>oter,</strong></span> <span class='ocrx_word' id='word_1_352' title='bbox 174 3833 198 3876; x_wconf 88' lang='lat' dir='ltr'><strong>et</strong></span> <span class='ocrx_word' id='word_1_353' title='bbox 217 3825 322 3874; x_wconf 78' lang='lat' dir='ltr'><strong>Felclnr.</strong></span> <span class='ocrx_word' id='word_1_354' title='bbox 339 3823 360 3873; x_wconf 91' lang='lat' dir='ltr'><strong>i.</strong></span> <span class='ocrx_word' id='word_1_355' title='bbox 385 3824 474 3873; x_wconf 87' lang='lat' dir='ltr'><strong>ibidem</strong></span> <span class='ocrx_word' id='word_1_356' title='bbox 500 3813 563 3871; x_wconf 73' lang='grc' dir='ltr'><strong>οὔδε</strong></span> <span class='ocrx_word' id='word_1_357' title='bbox 587 3811 602 3867; x_wconf 80' lang='grc' dir='ltr'><strong><em>ὃ</em></strong></span> <span class='ocrx_word' id='word_1_358' title='bbox 626 3809 685 3872; x_wconf 72' lang='lat' dir='ltr'><strong>otte</strong></span> <span class='ocrx_word' id='word_1_359' title='bbox 769 3833 790 3868; x_wconf 88' lang='lat' dir='ltr'><strong>o.</strong></span> <span class='ocrx_word' id='word_1_360' title='bbox 810 3821 851 3869; x_wconf 86' lang='lat' dir='ltr'><strong>Sic</strong></span> <span class='ocrx_word' id='word_1_361' title='bbox 869 3819 1026 3882; x_wconf 76' lang='lat' dir='ltr'><strong>manuscripti</strong></span> <span class='ocrx_word' id='word_1_362' title='bbox 1042 3829 1138 3868; x_wconf 76' lang='lat' dir='ltr'><strong>eones.</strong></span> <span class='ocrx_word' id='word_1_363' title='bbox 1163 3815 1240 3864; x_wconf 80' lang='lat' dir='ltr'><strong>Editio</strong></span> <span class='ocrx_word' id='word_1_364' title='bbox 1250 3815 1324 3864; x_wconf 80' lang='lat' dir='ltr'><strong>Com·</strong></span> 
     </span>
     <span class='ocr_line' id='line_1_36' title="bbox 99 3868 1323 3961; baseline -0.008 -19"><span class='ocrx_word' id='word_1_365' title='bbox 99 3883 159 3944; x_wconf 76' lang='lat' dir='ltr'><strong>olda.</strong></span> <span class='ocrx_word' id='word_1_366' title='bbox 196 3891 255 3942; x_wconf 88' lang='lat' dir='ltr'><strong>ltem</strong></span> <span class='ocrx_word' id='word_1_367' title='bbox 281 3891 369 3942; x_wconf 84' lang='lat' dir='ltr'><strong>ibidem</strong></span> <span class='ocrx_word' id='word_1_368' title='bbox 393 3891 450 3954; x_wconf 84' lang='lat' dir='ltr'><strong>fleg.</strong></span> <span class='ocrx_word' id='word_1_369' title='bbox 475 3891 574 3953; x_wconf 85' lang='lat' dir='ltr'><strong>Segoer.</strong></span> <span class='ocrx_word' id='word_1_370' title='bbox 592 3887 684 3950; x_wconf 76' lang='lat' dir='ltr'><strong>daghe.</strong></span> <span class='ocrx_word' id='word_1_371' title='bbox 736 3885 792 3936; x_wconf 88' lang='lat' dir='ltr'><strong>mel.</strong></span> <span class='ocrx_word' id='word_1_372' title='bbox 811 3888 874 3937; x_wconf 84' lang='lat' dir='ltr'><strong>mele</strong></span> <span class='ocrx_word' id='word_1_373' title='bbox 892 3877 1001 3946; x_wconf 75' lang='grc' dir='ltr'><strong>ἄδηλον.</strong></span> <span class='ocrx_word' id='word_1_374' title='bbox 1039 3886 1132 3936; x_wconf 82' lang='lat' dir='ltr'><strong>ibidem</strong></span> <span class='ocrx_word' id='word_1_375' title='bbox 1150 3868 1323 3961; x_wconf 59' lang='grc' dir='ltr'>οὗζάιιιιξιι</span> 
     </span>
     <span class='ocr_line' id='line_1_37' title="bbox 98 3945 1323 4016; baseline -0.014 -4"><span class='ocrx_word' id='word_1_376' title='bbox 98 3961 166 4012; x_wconf 80' lang='lat' dir='ltr'><strong>basil.</strong></span> <span class='ocrx_word' id='word_1_377' title='bbox 184 3960 282 4012; x_wconf 83' lang='lat' dir='ltr'><strong>Gobler.</strong></span> <span class='ocrx_word' id='word_1_378' title='bbox 302 3959 407 4010; x_wconf 80' lang='lat' dir='ltr'><strong>Felelnt.</strong></span> <span class='ocrx_word' id='word_1_379' title='bbox 429 3959 451 4008; x_wconf 90' lang='lat' dir='ltr'><strong>l.</strong></span> <span class='ocrx_word' id='word_1_380' title='bbox 478 3968 502 4008; x_wconf 89' lang='lat' dir='ltr'><strong>et</strong></span> <span class='ocrx_word' id='word_1_381' title='bbox 528 3957 608 4008; x_wconf 89' lang='lat' dir='ltr'><strong>Ottob.</strong></span> <span class='ocrx_word' id='word_1_382' title='bbox 636 3945 684 4007; x_wconf 53' lang='lat' dir='ltr'><strong>oio*</strong></span> <span class='ocrx_word' id='word_1_383' title='bbox 735 3953 792 4016; x_wconf 84' lang='lat' dir='ltr'><strong>lieg.</strong></span> <span class='ocrx_word' id='word_1_384' title='bbox 811 3962 834 4004; x_wconf 84' lang='lat' dir='ltr'><strong>et</strong></span> <span class='ocrx_word' id='word_1_385' title='bbox 851 3956 951 4014; x_wconf 75' lang='lat' dir='ltr'><strong>sepner.</strong></span> <span class='ocrx_word' id='word_1_386' title='bbox 988 3953 1040 4006; x_wconf 82' lang='lat' dir='ltr'><strong>lina</strong></span> <span class='ocrx_word' id='word_1_387' title='bbox 1058 3955 1141 4004; x_wconf 86' lang='lat' dir='ltr'><strong>(ittob.</strong></span> <span class='ocrx_word' id='word_1_388' title='bbox 1164 3947 1245 4016; x_wconf 77' lang='lat' dir='ltr'><strong>loyor</strong></span> <span class='ocrx_word' id='word_1_389' title='bbox 1269 3961 1323 4014; x_wconf 79' lang='grc' dir='ltr'><strong>γαρ</strong></span> 
     </span>
     <span class='ocr_line' id='line_1_38' title="bbox 98 4007 967 4095; baseline -0.008 -16"><span class='ocrx_word' id='word_1_390' title='bbox 98 4043 152 4095; x_wconf 86' lang='lat' dir='ltr'><strong>nep.</strong></span> <span class='ocrx_word' id='word_1_391' title='bbox 190 4029 307 4080; x_wconf 82' lang='lat' dir='ltr'><strong>Ceteriet</strong></span> <span class='ocrx_word' id='word_1_392' title='bbox 325 4028 382 4078; x_wconf 88' lang='lat' dir='ltr'><strong>editi</strong></span> <span class='ocrx_word' id='word_1_393' title='bbox 401 4019 445 4082; x_wconf 78' lang='lat' dir='ltr'><strong>olo·</strong></span> <span class='ocrx_word' id='word_1_394' title='bbox 483 4028 575 4077; x_wconf 82' lang='lat' dir='ltr'><strong>Rursus</strong></span> <span class='ocrx_word' id='word_1_395' title='bbox 594 4023 683 4076; x_wconf 84' lang='lat' dir='ltr'><strong>ibidem</strong></span> <span class='ocrx_word' id='word_1_396' title='bbox 734 4013 795 4070; x_wconf 75' lang='lat' dir='ltr'><strong>lore</strong></span> <span class='ocrx_word' id='word_1_397' title='bbox 812 4013 847 4071; x_wconf 82' lang='grc' dir='ltr'>δι’</span> <span class='ocrx_word' id='word_1_398' title='bbox 873 4007 907 4071; x_wconf 80' lang='lat' dir='ltr'><strong>orl</strong></span> <span class='ocrx_word' id='word_1_399' title='bbox 923 4031 967 4072; x_wconf 88' lang='lat' dir='ltr'><strong>eto.</strong></span> 
     </span>
    </p>

    <p class='ocr_par' dir='ltr' id='par_1_10' title="bbox 99 4085 1324 4298">
     <span class='ocr_line' id='line_1_39' title="bbox 100 4085 1324 4162; baseline -0.011 -14"><span class='ocrx_word' id='word_1_400' title='bbox 100 4098 193 4161; x_wconf 83' lang='lat' dir='ltr'><strong>Segoer.</strong></span> <span class='ocrx_word' id='word_1_401' title='bbox 210 4091 292 4161; x_wconf 71' lang='grc' dir='ltr'><strong><em>λέγον</em></strong></span> <span class='ocrx_word' id='word_1_402' title='bbox 307 4089 374 4162; x_wconf 74' lang='grc' dir='ltr'><strong><em>μέν,</em></strong></span> <span class='ocrx_word' id='word_1_403' title='bbox 395 4095 451 4156; x_wconf 84' lang='lat' dir='ltr'><strong>Reg.</strong></span> <span class='ocrx_word' id='word_1_404' title='bbox 469 4090 600 4160; x_wconf 74' lang='grc' dir='ltr'><strong>λέγομεν,</strong></span> <span class='ocrx_word' id='word_1_405' title='bbox 620 4091 683 4141; x_wconf 84' lang='lat' dir='ltr'><strong>male</strong></span> <span class='ocrx_word' id='word_1_406' title='bbox 770 4091 786 4140; x_wconf 89' lang='lat' dir='ltr'><strong>l.</strong></span> <span class='ocrx_word' id='word_1_407' title='bbox 813 4091 870 4154; x_wconf 82' lang='lat' dir='ltr'><strong>lleg.</strong></span> <span class='ocrx_word' id='word_1_408' title='bbox 896 4093 996 4153; x_wconf 83' lang='lat' dir='ltr'><strong>Segner.</strong></span> <span class='ocrx_word' id='word_1_409' title='bbox 1021 4087 1118 4140; x_wconf 72' lang='lat' dir='ltr'><strong>cobhr.</strong></span> <span class='ocrx_word' id='word_1_410' title='bbox 1140 4095 1166 4140; x_wconf 70' lang='lat' dir='ltr'><strong>el</strong></span> <span class='ocrx_word' id='word_1_411' title='bbox 1185 4085 1324 4136; x_wconf 77' lang='lat' dir='ltr'><strong>folchml.</strong></span> 
     </span>
     <span class='ocr_line' id='line_1_40' title="bbox 99 4147 1324 4235; baseline -0.011 -19"><span class='ocrx_word' id='word_1_412' title='bbox 99 4159 327 4231; x_wconf 72' lang='lat' dir='ltr'><strong>proliyorrpelr,</strong></span> <span class='ocrx_word' id='word_1_413' title='bbox 353 4171 378 4214; x_wconf 89' lang='grc' dir='ltr'><strong>ιιι</strong></span> <span class='ocrx_word' id='word_1_414' title='bbox 397 4165 485 4214; x_wconf 86' lang='lat' dir='ltr'><strong>babent</strong></span> <span class='ocrx_word' id='word_1_415' title='bbox 503 4163 642 4213; x_wconf 82' lang='lat' dir='ltr'><strong>Gobierian.</strong></span> <span class='ocrx_word' id='word_1_416' title='bbox 661 4166 685 4209; x_wconf 87' lang='lat' dir='ltr'><strong>et</strong></span> <span class='ocrx_word' id='word_1_417' title='bbox 735 4150 824 4226; x_wconf 77' lang='grc' dir='ltr'><strong>ἔντῇ.</strong></span> <span class='ocrx_word' id='word_1_418' title='bbox 862 4158 941 4209; x_wconf 85' lang='lat' dir='ltr'><strong>Ceteri</strong></span> <span class='ocrx_word' id='word_1_419' title='bbox 960 4157 1054 4207; x_wconf 80' lang='lat' dir='ltr'><strong>etodltr</strong></span> <span class='ocrx_word' id='word_1_420' title='bbox 1069 4147 1239 4235; x_wconf 61' lang='lat' dir='ltr'><strong>¹lupuittont.</strong></span> <span class='ocrx_word' id='word_1_421' title='bbox 1274 4153 1324 4204; x_wconf 87' lang='lat' dir='ltr'><strong>ibi·</strong></span> 
     </span>
     <span class='ocr_line' id='line_1_41' title="bbox 99 4225 1147 4298; baseline -0.011 -16"><span class='ocrx_word' id='word_1_422' title='bbox 99 4233 199 4286; x_wconf 76' lang='lat' dir='ltr'><strong>h&#39;elclm.</strong></span> <span class='ocrx_word' id='word_1_423' title='bbox 219 4234 257 4296; x_wconf 90' lang='lat' dir='ltr'><strong>l.,</strong></span> <span class='ocrx_word' id='word_1_424' title='bbox 281 4235 321 4298; x_wconf 86' lang='lat' dir='ltr'><strong>qui</strong></span> <span class='ocrx_word' id='word_1_425' title='bbox 345 4233 417 4282; x_wconf 90' lang='lat' dir='ltr'><strong>iidem</strong></span> <span class='ocrx_word' id='word_1_426' title='bbox 437 4239 463 4280; x_wconf 84' lang='lat' dir='ltr'><strong>ut</strong></span> <span class='ocrx_word' id='word_1_427' title='bbox 481 4236 504 4280; x_wconf 86' lang='lat' dir='ltr'><strong>et</strong></span> <span class='ocrx_word' id='word_1_428' title='bbox 520 4229 642 4293; x_wconf 80' lang='lat' dir='ltr'><strong>hogliceo.</strong></span> <span class='ocrx_word' id='word_1_429' title='bbox 661 4235 684 4277; x_wconf 88' lang='lat' dir='ltr'><strong>et</strong></span> <span class='ocrx_word' id='word_1_430' title='bbox 736 4227 791 4278; x_wconf 88' lang='lat' dir='ltr'><strong>dom</strong></span> <span class='ocrx_word' id='word_1_431' title='bbox 810 4227 866 4290; x_wconf 80' lang='lat' dir='ltr'><strong>hog.</strong></span> <span class='ocrx_word' id='word_1_432' title='bbox 885 4235 910 4278; x_wconf 86' lang='lat' dir='ltr'><strong>et</strong></span> <span class='ocrx_word' id='word_1_433' title='bbox 927 4225 1027 4288; x_wconf 79' lang='lat' dir='ltr'><strong>Seguer.</strong></span> <span class='ocrx_word' id='word_1_434' title='bbox 1045 4232 1147 4274; x_wconf 77' lang='lat' dir='ltr'><strong>com.</strong></span> 
     </span>
    </p>
   </div>
   <div class='ocr_carea' id='block_1_4' title="bbox 0 0 1592 5052">
    <p class='ocr_par' dir='ltr' id='par_1_11' title="bbox 0 0 1592 5052">
     <span class='ocr_line' id='line_1_42' title="bbox 0 0 1592 5052; baseline 0 0"><span class='ocrx_word' id='word_1_435' title='bbox 0 0 1592 5052; x_wconf 95' lang='lat' dir='ltr'><strong> </strong></span> 
     </span>
    </p>
   </div>
  </div>
 </body>
</html>
