3110 5064
363 341 508 384 RHSTOM
523 341 562 384 ΒΕ
577 341 721 386 DEGRE'VIS
737 343 880 388 nicanum
896 343 1013 386 ΜΘΝ.
1263 331 1305 396 47

93 514 144 556 non
163 503 206 556 est
225 493 344 568 minen
367 492 514 572 siquidem
537 492 573 568 is,
596 492 648 572 qui
669 493 761 567 iilum,
784 495 834 573 qui
856 495 887 555 in
908 493 995 556 Petre
1018 503 1073 570 est
1097 495 1127 556 in
1150 515 1210 576 qno
1233 497 1303 558 item
1314 515 1389 562 eni.

96 605 135 658 est
151 597 248 669 Pater,
269 593 321 676 qui
343 603 374 656 et
394 594 472 656 idem
495 594 581 656 dicit:
606 593 667 675 qu
691 607 719 657 et
740 595 950 659 Paterninum
973 615 1093 670 anema,
1122 615 1209 676 quern
1231 598 1301 661 item

96 698 137 778 qni
156 698 238 772 ridet,
260 697 340 758 ridet
363 703 393 757 et
413 696 548 770 Patrem,
570 696 637 776 qui,
660 696 796 775 iuquam,
819 697 901 758 ilium
922 716 956 759 re
978 697 1072 778 aliqua
1095 708 1216 762 externa
1238 719 1304 763 me-

93 799 183 860 berem
203 799 296 872 reddi,
318 799 402 860 bisne
424 797 595 861 nominibus
618 797 776 878 significari
798 807 897 878 putet,
919 818 975 862 nae
996 799 1044 862 ibe
1067 800 1198 862 emnium
1221 801 1304 866 insa·

93 901 220 962 sissimus
247 901 357 962 merita
384 899 538 962 habendus
568 901 615 964 sit.
661 901 770 962 Verum
799 901 839 962 illi
859 901 931 964 hinc
952 920 1070 981 quoque
1091 902 1196 964 deiecti
1218 912 1306 984 atque

93 1003 117 1064 in
136 1021 278 1078 summas,
301 1009 337 1064 ut
355 1001 533 1075 Eusebisni,
556 1003 672 1066 adducti
694 1003 862 1082 angustias,
886 1004 923 1064 ad
945 1003 1016 1066 illud
1038 1012 1192 1084 posuemo
1214 1024 1305 1084 argu-

92 1111 208 1167 mentum
240 1105 431 1184 confugiunt,
463 1104 544 1184 qued
576 1103 642 1183 ipse
663 1103 751 1166 brius
780 1104 843 1166 suis
873 1105 904 1166 in
933 1104 1129 1168 cantiunculis
1152 1116 1182 1169 et
1203 1107 1306 1170 Thelia

92 1206 158 1267 reiut
187 1207 349 1286 desperans
382 1207 517 1269 effutivit.
569 1206 702 1280 ,‚b1uita,
735 1207 888 1286 inquiunt,
921 1207 1011 1268 verba
1051 1207 1181 1286 ieqnitur
1213 1208 1304 1271 Deus.

95 1308 200 1382 „Quale
222 1327 293 1387 ergo
317 1309 426 1370 borum
446 1307 552 1370 Filium
574 1308 629 1370 Dei
644 1317 675 1370 et
689 1308 818 1372 Verbum
841 1308 1024 1388 unigenitum
1047 1309 1143 1370 Patris
1165 1329 1234 1372 esse
1256 1310 1304 1370 di-

94 1408 249 1482 „rimus?“
296 1408 403 1470 Steiidi
425 1418 506 1471 eerte
527 1409 568 1472 illi
592 1418 622 1471 et
643 1409 759 1489 quidvis
781 1411 983 1491 potiusquam
1000 1410 1175 1474 Christiani!
1204 1411 1305 1474 Primo

92 1512 155 1572 enim
176 1511 245 1572 dum
267 1511 342 1573 haee
364 1512 401 1574 de
422 1511 485 1573 Deo
506 1512 683 1594 lequuntur,
712 1531 818 1592 parum
839 1513 925 1574 abest
945 1513 1017 1593 quin
1037 1513 1189 1574 bominem
1209 1511 1304 1574 Deum

92 1631 147 1674 esse
167 1613 346 1688 existiment,
369 1613 477 1694 quippe
499 1614 549 1693 qui
572 1615 617 1676 sie
637 1614 776 1694 lequatur
797 1623 828 1676 et
848 1615 949 1695 priora
972 1613 1060 1676 rerba
1081 1613 1168 1676 novis
1191 1614 1301 1675 immu-
1349 1683 1353 1688 ,

91 1721 138 1786 tet,
168 1716 250 1794 quasi
284 1733 376 1776 unum
405 1715 533 1776 Verbum
562 1735 578 1776 a
607 1715 668 1778 Deo
701 1715 849 1794 prolatum
882 1733 944 1778 non
971 1716 1043 1778 setis
1072 1716 1111 1778 sit
1138 1715 1175 1776 ad
1204 1716 1390 1778 emnium.

92 1817 216 1889 uuanda,
244 1835 320 1896 quae
342 1816 430 1878 Pater
453 1817 631 1891 decreverit,
655 1826 685 1878 et
707 1817 744 1878 ad
766 1818 830 1878 eiua
851 1816 1068 1897 providentiam
1090 1817 1302 1896 exequendam.

90 1917 165 1978 binius
185 1917 262 1980 enim
285 1918 368 1979 iilum
388 1917 470 1998 loqui
491 1918 590 1993 verba,
613 1917 730 1997 signum
752 1927 798 1982 est
819 1918 978 1980 verberum
999 1919 1131 1980 emerium
1145 1917 1303 1980 imbecilli-

91 2018 164 2092 tatis,
194 2037 261 2080 euru
295 2019 411 2098 singule
437 2020 559 2082 alteriue
587 2019 695 2080 auxilio
725 2019 884 2104 indigeant.
928 2020 1022 2082 Deum
1050 2029 1148 2082 autem
1176 2037 1236 2081 unn
1259 2018 1303 2080 uti

91 2117 184 2191 Verba,
206 2131 238 2182 ut
258 2139 362 2181 revera
384 2130 447 2194 est,
471 2121 524 2182 Dei
546 2121 662 2183 virtutis
686 2129 716 2185 et
739 2120 826 2182 Verbi
847 2121 884 2190 ab
908 2141 942 2182 eo
964 2121 1088 2200 presenti
1109 2119 1301 2200 perfeetionis

90 2219 215 2282 indicium
236 2229 324 2301 atque
347 2232 552 2302 argumentum
574 2230 631 2296 est,
653 2241 708 2284 nee
729 2240 790 2282 nnn
811 2221 929 2284 illerum
951 2222 1080 2303 pietatis,
1103 2222 1154 2302 qui
1176 2222 1216 2284 ita
1228 2239 1301 2284 sen·

91 2321 165 2382 tiunt

166 2427 212 2488 17.
254 2423 374 2486 Utinam
396 2444 467 2486 vern
489 2426 592 2488 saitem
616 2425 734 2496 exuis,
758 2443 833 2504 quae
855 2442 933 2489 nune
954 2425 1124 2504 proferunt,
1148 2423 1301 2486 veritatem

92 2525 165 2586 futen
186 2525 282 2586 velint.
325 2526 398 2588 Nam
426 2528 454 2588 si
475 2527 568 2590 seme}
589 2527 767 2600 concedant,
799 2526 894 2588 Deum
924 2525 1010 2586 verba
1038 2527 1189 2606 proferre,
1218 2523 1300 2586 illuni

90 2625 192 2688 Patrem
219 2647 287 2690 esse
316 2629 439 2689 omnine
467 2627 604 2708 ignorare
625 2647 686 2689 nun
708 2635 846 2707 pessunt.
892 2628 958 2698 Qun
981 2627 1049 2688 date
1072 2625 1233 2696 attendant,
1256 2643 1300 2697 se,

91 2727 152 2788 dum
173 2749 259 2790 unuin
283 2748 350 2792 esse
373 2729 426 2791 Dei
448 2729 577 2792 Verbum
599 2729 703 2792 nolunt
725 2728 821 2800 fateri,
844 2728 1006 2789 multorum
1027 2736 1143 2806 patrem
1164 2745 1232 2788 emn
1254 2727 1300 2788 ta·

92 2847 158 2890 eere.
200 2832 306 2893 Verum
330 2831 382 2894 Dei
404 2831 523 2911 quidem
540 2831 668 2892 Verbum
691 2849 759 2892 esse
781 2828 886 2890 nolunt
908 2827 1048 2902 inficiari,
1070 2827 1124 2890 sed
1146 2827 1217 2890 ittuu
1233 2846 1302 2889 esse

91 2929 137 2991 bei
162 2931 250 2994 sitium
279 2951 341 2994 non
369 2933 571 3007 consentiunt,
600 2933 679 3012 quod
707 2932 841 3012 prefecto
872 2950 907 2991 ex
929 2929 1060 2992 veritatis
1083 2929 1250 3010 ignorantia
1272 2937 1302 2990 et

93 3030 241 3096 divinarum
263 3013 485 3113 Scripturarum
518 3035 636 3096 inscitia
667 3033 814 3114 provenit.
858 3033 931 3094 Nam
961 3031 987 3094 si
1017 3051 1084 3093 vere
1112 3032 1192 3094 Dens
1214 3031 1302 3094 Pater

92 3141 129 3192 est
148 3133 249 3209 Verbi,
279 3154 331 3198 rur
359 3136 409 3214 qui
430 3135 575 3216 gignitur,
598 3134 690 3196 Filius
713 3153 774 3196 non
797 3134 857 3196 sit?
903 3134 977 3214 Quis
1000 3141 1098 3195 autem
1120 3151 1225 3194 rursus
1247 3133 1301 3194 Dei

91 3233 158 3296 tilius
179 3237 275 3316 pessit
296 3251 374 3300 esse'
387 3243 505 3318 praeter
527 3238 592 3300 eius
605 3235 756 3298 Verbum?
799 3235 915 3296 Etenim
938 3254 999 3296 non
1021 3233 1301 3306 multasuntverba,

91 3354 122 3396 ne
142 3337 251 3417 singula
273 3337 446 3418 imperfecte
469 3347 499 3402 et
520 3357 613 3418 egena
635 3337 712 3410 sint,
742 3337 795 3398 sed
824 3355 916 3398 unum
942 3345 989 3398 est
1012 3335 1155 3410 Verbum,
1186 3344 1247 3398 tum
1270 3343 1303 3396 ut

92 3435 295 3514 insumentum
318 3439 358 3500 sit
378 3441 552 3521 perfeetum,
576 3448 638 3502 tum
660 3439 727 3517 quia
750 3458 816 3500 euru
830 3439 908 3500 Deus
932 3457 1010 3500 unus
1033 3439 1082 3530 sit,
1106 3455 1162 3500 una
1185 3453 1302 3515 quoque

93 3537 148 3600 eius
168 3541 274 3622 imago,
298 3561 374 3621 quue
396 3543 462 3622 ipsa
483 3541 575 3604 Filius
599 3548 654 3614 est,
677 3537 765 3602 debet
787 3559 864 3601 esse.
908 3539 1040 3618 Namque
1063 3537 1115 3600 Dei
1137 3538 1247 3610 Filius,
1271 3544 1303 3596 ut

94 3641 210 3722 erinnis
228 3642 390 3722 Scripturis
411 3643 481 3706 lieet
501 3643 626 3715 discere,
650 3641 728 3704 idem
744 3639 995 3714 estDeiverbum,
1017 3640 1170 3720 sapientia,
1194 3640 1301 3718 imago,

93 3757 184 3804 uanus
206 3753 236 3806 et
256 3743 358 3806 virtus.
405 3745 487 3808 Unus
510 3743 588 3805 euim
611 3750 657 3804 est
670 3743 723 3804 Dei
746 3745 835 3816 setus,
857 3742 988 3821 haecque
1011 3749 1080 3802 sunt
1101 3739 1218 3812 indicia,
1235 3755 1302 3798 euni

92 3858 122 3900 ex
139 3843 220 3908 Patre
249 3865 318 3909 esse
345 3845 485 3926 genitum.
530 3845 598 3908 Sive
626 3845 706 3908 enim
728 3844 834 3907 Filium
861 3843 987 3916 dixeris,
1017 3841 1048 3904 id
1075 3840 1156 3920 quod
1178 3857 1213 3902 ex
1236 3839 1301 3918 ipso

1198 3988 1205 4010 b

93 4029 124 4076 ies
145 4032 433 4095 tttriatqtmmottisert
452 4039 473 4082 et
492 4033 665 4084 dissoluturus
719 4030 849 4080 Cantiteans
874 4033 993 4088 nauticas,
1023 4028 1135 4076 meterius
1153 4030 1174 4072 rt
1191 4025 1302 4072 sintarine

94 4095 187 4147 Sotadeis
212 4102 334 4150 eantitrnir
355 4102 497 4164 perrimilia,
523 4115 589 4165 quem
612 4105 666 4150 tnnc
718 4101 880 4162 composuisse,
901 4099 1006 4160 utiusque
1023 4107 1104 4140 mrem
1123 4093 1197 4140 editus
1216 4093 1240 4139 ia
1257 4105 1302 4140 eu-

93 4163 189 4222 bendum
205 4167 328 4226 (diceens)
347 4169 514 4218 condemnarit.
548 4169 614 4218 flaee
625 4168 665 4216 ibi.
715 4181 790 4216 ηκτοι
808 4168 934 4226 redeqisre,
954 4178 1011 4227 quea
1023 4163 1105 4223 enque
1117 4162 1236 4210 conuenire
1250 4159 1301 4209 eni·

94 4229 283 4300 biribitqneqne
302 4235 479 4298 Pbileetorqius
499 4236 580 4286 nuit.
600 4233 665 4296 e.2.,
718 4237 833 4284 atimnbut.
984 4295 1017 4306 Η
1281 4284 1289 4304 ‚

93 4298 173 4370 trium,
191 4315 235 4362 qun
254 4317 363 4352 errorem
383 4301 477 4352 seritius
489 4305 666 4360 disseminaret,
753 4317 772 4350 e.
792 4302 848 4360 fleg.
866 4295 924 4354 ,τῶν
942 4303 1029 4344 omttltl
1054 4307 1155 4358 moxque
1173 4295 1245 4371 babet
1262 4305 1302 4370 eu:

94 4360 195 4440 quernei
211 4383 238 4420 τε
258 4365 375 4420 ναυτικὰ
399 4367 446 4419 καὶ
468 4363 597 4436 inquisitae
620 4363 667 4418 nat
719 4378 748 4419 σε
767 4367 782 4427 ἦ
801 4363 919 4416 σύνεσιν.
957 4365 1001 4412 ,ttii
1020 4371 1099 4414 antem
1118 4371 1141 4412 et
1153 4362 1209 4414 editi
1219 4361 1300 4422 ασεβη

95 4427 242 4500 adamante&
259 4433 379 4520 γράψαι,
398 4431 665 4520 καίτοιαυθιςὲιεζα
718 4447 836 4490 curantr,
857 4441 883 4482 ut
901 4441 924 4480 et
942 4431 1048 4480 Nunnius
1068 4432 1132 4491 legit.

96 4501 248 4576 wqtrdtm
269 4521 308 4559 aar
330 4501 466 4572 μελῳδίας
484 4499 613 4562 ἐκτεῖναι,
635 4519 667 4558 ας
751 4506 774 4554 d.
794 4505 850 4580 '2³⁰⁸'
868 4497 974 4565 γεννῶν
990 4491 1063 4559 ἕνός;
1082 4498 1207 4574 mendose.

96 4557 208 4631 Ῑῖῡμθζεν
232 4567 356 4630 tadone
386 4567 523 4642 ἁρμόζειν,
562 4575 589 4626 ld
613 4583 664 4625 est:
752 4585 805 4636 eq
826 4571 894 4620 abest
913 4584 925 4618 u
944 4569 1000 4629 bag.
1020 4567 1122 4618 etbesr'
