3122 5060
499 339 605 384 enarro
622 339 666 384 ιιι.
682 341 798 386 canona
810 341 945 422 munao.
1259 332 1320 398 565

96 488 138 550 ita
166 485 231 578 titio
255 488 465 568 reapondisse:
498 489 568 554 Non
595 503 639 556 eet
665 505 799 558 oestrum
825 495 921 562 notia.
942 507 1079 578 tempora
1106 506 1406 575 ornamentorum.

95 608 175 671 quae
196 590 290 653 Pater
307 597 411 672 potuit
433 595 464 654 ia
486 611 542 656 oua
562 605 721 676 potestate.
753 595 821 659 Nou
842 605 912 660 tunc
927 605 960 660 at
973 607 1059 660 antee
1072 607 1210 679 tanquam
1231 602 1320 664 homo
1436 666 1440 677 ,

96 691 172 752 dixit
193 709 287 772 nepae
308 693 415 764 Filiae,
438 694 492 756 sed
513 705 650 758 vestrum
671 714 735 760 aon
756 709 801 762 art
816 702 904 762 arira
938 699 1000 760 lem
1016 673 1163 780 siquidem
1176 704 1323 770 revixerat

94 811 168 856 caro
190 792 433 874 deposueratque·
449 796 655 860 mortalitatem
679 807 709 860 et
729 798 827 862 divina
849 795 1040 874 cliecta'crat,
1062 820 1096 864 ae
1109 803 1234 883 proinde
1254 823 1322 870 eum

98 895 130 954 in
154 894 251 958 caelos
273 897 481 959 ascendentem
502 899 561 962 iam
582 918 643 962 non
665 899 788 964 decebat
809 902 973 987 secundum
995 921 1112 966 menam
1128 907 1321 986 respondere,

95 997 152 1058 sed
175 1005 208 1060 ut
228 996 323 1060 Deum
345 999 453 1062 docere
476 1011 505 1062 et
526 1001 640 1065 dicere:
677 1002 746 1065 Non
773 1017 820 1068 eet
849 1015 984 1068 certarat
1004 1024 1095 1068 rmore
1117 1017 1255 1088 ternpora
1274 1009 1324 1074 nel

95 1113 257 1170 mamma,
279 1119 354 1182 puae
375 1101 469 1166 Pater
486 1108 593 1182 pararit
613 1107 646 1166 ia
666 1123 725 1168 aaa
743 1115 911 1186 potentatu
935 1108 987 1170 aed
1001 1111 1151 1190 accipietis
1167 1112 1321 1174 uirtutem.

97 1201 185 1274 Quae
206 1209 303 1264 autem
325 1203 421 1266 rirtua
448 1203 544 1316 Pptris
574 1215 691 1284 praeter
718 1205 849 1268 Filium?
880 1207 1019 1272 Christro
1042 1209 1121 1272 enim
1142 1209 1203 1272 oet
1222 1215 1322 1274 virtue

96 1314 129 1365 et
152 1302 210 1365 Dei
228 1301 393 1383 Sapientia.

185 1507 236 1570 ta.
278 1505 404 1570 Noverat
426 1508 526 1588 itaque
546 1509 638 1570 Filius
662 1516 785 1590 utpote
806 1510 857 1589 qni
880 1511 1009 1575 Verbum
1036 1522 1114 1588 erat,
1143 1513 1222 1578 rende
1249 1515 1323 1578 milri

93 1607 215 1670 ridetur
238 1607 363 1672 'illorum
391 1610 551 1674 verborum
580 1612 606 1672 is
635 1629 705 1672 cese
732 1630 856 1674 sensus:
893 1613 983 1694 „Ego
1013 1616 1132 1694 qudem
1153 1618 1239 1694 nori,
1268 1617 1323 1680 sed

93 1718 260 1784 „acetrum
280 1730 341 1774 non
364 1721 411 1776 cet
432 1731 534 1774 nosse.
577 1712 691 1774 ldcircc
714 1712 792 1774 enim
815 1733 881 1776 cum
902 1715 933 1776 in
956 1724 1057 1779 monte
1083 1716 1240 1792 sederem,
1269 1738 1321 1784 ae-

93 1812 255 1886 „cundum
277 1831 394 1876 carnem
416 1813 476 1876 diri
491 1813 694 1896 nepueFiliur
709 1819 803 1893 nouit,
827 1815 894 1895 quia
915 1816 946 1878 id
966 1817 1052 1879 robis
1075 1827 1163 1898 atque
1184 1819 1322 1886 omnibus

93 1913 197 1986 „utile
229 1923 300 1976 erat.
344 1915 424 1978 Haec
451 1915 597 1994 siquidem
626 1913 656 1978 et
683 1915 720 1978 de
747 1917 867 1996 Angelis
895 1925 926 1980 et
953 1918 990 1980 de
1016 1919 1092 1982 Filio
1113 1921 1217 1984 audue
1237 1921 1322 1984 vobio

93 2015 266 2088 „condunt
292 2025 416 2096 propter
442 2018 559 2080 iuuuce
588 2017 790 2096 impostores,
823 2027 872 2093 ut,
898 2019 925 2082 oi
953 2019 1012 2100 ipoi
1037 2021 1198 2086 daemones
1218 2023 1322 2102 Angeli

92 2117 229 2198 „lpecie
250 2117 386 2180 simulata
408 2119 445 2182 de
467 2119 527 2180 line
548 2118 650 2182 mundi
673 2119 880 2194 disseruerint,
903 2121 948 2183 eis
971 2141 1032 2184 non
1054 2124 1190 2197 medatis,
1213 2124 1323 2204 quippe

92 2217 178 2299 „qui
210 2219 294 2282 illum
324 2219 472 2300 ignorent.
516 2221 548 2282 Si
576 2221 648 2284 item
670 2211 868 2284 nnticmietus
895 2241 929 2284 se
956 2223 1020 2303 ipae
1048 2224 1206 2288 ementitus
1228 2225 1321 2288 dicat:

93 2321 192 2400 „Ego
214 2339 281 2384 aum
308 2321 461 2395 Christro,
492 2331 580 2402 atque
603 2323 645 2384 de
668 2323 716 2384 die
738 2323 788 2384 iilo
811 2332 841 2385 et
868 2325 926 2388 line
954 2324 1034 2405 loqui
1061 2327 1261 2406 aggrediatur,
1289 2335 1323 2390 ut

93 2422 280 2496 „audientes
309 2423 452 2504 decipiat,
485 2443 539 2486 vos
567 2443 651 2486 meae
679 2424 804 2488 huiusce
830 2425 1032 2508 unciamque
1053 2427 1149 2490 Filiae
1171 2445 1321 2492 memores

94 2525 218 2600 „tidem
245 2525 286 2588 ilii
315 2526 499 2606 denegetia.“
544 2525 701 2588 Praeterea
723 2525 806 2590 raldo
827 2527 999 2590 hominibus
1021 2529 1092 2590 utile
1114 2537 1161 2592 est
1181 2529 1271 2590 mem
1292 2535 1323 2592 et

94 2627 180 2690 diem
200 2626 268 2690 linia
290 2627 439 2706 ignorare,
461 2647 499 2689 ne
521 2627 549 2688 si
570 2645 638 2690 eum
661 2635 887 2707 cognoscerent,
910 2627 1117 2698 intermedium
1138 2629 1322 2708 negligerent
1435 2627 1440 2642 ’

95 2739 217 2810 tempus
239 2728 361 2809 dicoque
381 2729 432 2790 tini
454 2729 609 2808 proximos
632 2737 830 2808 expectarent,
853 2736 886 2790 ut
908 2737 978 2790 tuac
999 2729 1097 2792 solum
1114 2729 1323 2818 sibitracareut

93 2843 128 2894 et
148 2829 312 2910 vigilarent.
356 2831 503 2904 Quocirca
525 2840 641 2910 tempus
664 2830 769 2892 mortio
792 2829 976 2910 cingulorum
997 2830 1129 2904 reticuit,
1152 2849 1190 2892 ne
1211 2831 1320 2894 huiua-

93 2931 182 2996 modi
203 2931 371 3013 cognitione
393 2932 486 2996 iatlati
506 2933 645 2994 homines
667 2931 824 2996 maximam
844 2932 986 3012 temporis
1008 2941 1123 3012 partem
1138 2932 1323 3012 negligenter

92 3043 232 3114 agerem
275 3033 437 3114 Utrumque
465 3053 536 3114 ergo
564 3044 593 3097 et
620 3015 753 3098 omnium
774 3053 874 3116 regum
896 3045 927 3097 et
948 3033 1133 3114 singulorum
1153 3035 1244 3098 finem
1263 3051 1321 3099 ace

95 3135 209 3200 celarit
228 3135 353 3200 Verbum
375 3139 454 3212 (nam
476 3137 661 3216 singulorum
681 3136 751 3200 imis
772 3136 905 3200 omnium
927 3154 1045 3217 quoqne
1065 3135 1135 3200 linis
1162 3144 1223 3212 eet,
1253 3155 1322 3200 eum

88 3234 235 3302 omniunt
254 3238 323 3302 linio
345 3238 375 3299 in
391 3239 576 3318 singulorum
590 3240 648 3302 line
664 3239 870 3316 contineatur),
893 3247 925 3300 ut
939 3237 1175 3318 quandoquidem
1189 3237 1320 3302 incertae

94 3339 149 3404 illc
172 3347 220 3402 est
240 3348 271 3406 et
291 3359 411 3422 semper
425 3360 442 3404 a
457 3340 543 3403 nobis
566 3349 747 3422 expectatur,
769 3339 996 3422 quotidievelut
1008 3341 1105 3404 vocati
1119 3339 1321 3420 proficiamus,

93 3443 136 3504 ad
158 3461 194 3504 ea
215 3459 290 3522 quae
313 3451 386 3505 eunt
405 3442 505 3522 priora
526 3452 647 3506 nosmet
672 3442 755 3523 ipoco
786 3443 977 3506 extendentes
1000 3450 1030 3505 et
1051 3461 1127 3523 quae
1147 3451 1228 3508 retro
1250 3449 1322 3506 auat
1370 3503 1376 3525 Κ

93 3543 320 3610 obliviscentes.
364 3544 439 3617 Quia
467 3542 546 3606 euim
573 3543 620 3610 die
648 3546 772 3611 extrend
799 3545 868 3611 tinio
891 3544 1011 3624 cognito
1030 3561 1093 3606 nou
1112 3531 1321 3622 intermedium

96 3767 194 3818 Coram.
210 3767 323 3818 omittant
339 3754 406 3814 aaa
421 3759 543 3826 λήψεσθε
560 3757 686 3832 δύναμιν.
736 3766 768 3815 Se
785 3779 836 3814 aar.
852 3759 916 3830 napi
931 3761 980 3823 τῆς
997 3755 1098 3830 ἡμέρας
1113 3757 1159 3812 καὶ
1169 3759 1216 3822 τῆς
1230 3770 1321 3810 συντι-

97 3836 153 3886 Noa
173 3833 230 3896 flag.
246 3835 271 3883 1.
295 3842 319 3883 et
336 3834 436 3950 Sagara.
453 3827 469 3894 ἢ
488 3825 503 3882 ὅ
522 3823 586 3887 olda.
621 3833 686 3886 Editi
735 3827 764 3884 λι
793 3846 815 3886 t.
841 3831 919 3884 Ceteri
932 3825 1094 3898 etediti'aregl
1104 3825 1319 3892 circundatur.

96 3911 123 3952 et
142 3901 183 3951 alii
202 3917 216 3979 p
237 3894 251 3948 ὃ
270 3899 360 3969 Xprar
393 3940 399 3952 .
771 3902 787 3951 i.
806 3899 906 3962 Segnar.
923 3893 1153 3978 agapaaa'fporar.
1188 3897 1240 3950 lica
1257 3897 1322 3975 idem

128 3985 155 4049 ¹a.
174 3983 232 4036 pap
254 3971 323 4021 abeat
346 3985 359 4020 a
378 3971 434 4033 aeg.
453 3969 477 4020 2.
496 3967 642 4048 et'Feleim.
661 3967 685 4018 d.
736 3976 765 4049 οι
779 3960 1228 4088 rrltcffieogtetgdgcirgggpspilor.
1258 3961 1322 4014 aare

93 4029 627 4184 lb'g‘gegffll‘elsgg‘aiifireargililfflaz
641 4097 687 4152 arai
736 4049 851 4155 'Usta
869 4103 925 4167 ltag.
944 4103 968 4182 .¹.·
985 4068 1125 4165 segnorirn.
1142 4091 1280 4178 donicalia.
1297 4103 1324 4150 at

92 4185 163 4305 ⁷¹th
177 4187 336 4306 {fluatque
355 4209 411 4305 urg.
429 4243 530 4304 Sagara.
547 4239 644 4292 Golrlar.
663 4246 687 4292 at
736 4169 901 4290 {garwa
914 4171 1097 4302 amm?
1113 4165 1323 4314 ῗὲιιωῇξὲῃῧῗοιί
1413 4221 1418 4230 “

94 4311 208 4362 tetram.
228 4309 250 4360 l.
285 4311 314 4362 tt
335 4310 376 4361 alii
394 4317 417 4362 et
434 4311 492 4362 editi
513 4319 688 4376 μετασχημα-
737 4299 891 4386 Sagarenoi
907 4299 961 4386 pig
979 4299 1024 4354 eoi
1041 4295 1071 4354 ἐν
1087 4301 1134 4371 τῷ.
1160 4302 1206 4355 lin
1223 4309 1248 4358 et
1264 4301 1322 4356 aditi

95 4373 240 4436 ae'Camatt.
737 4389 783 4425 aar
798 4389 853 4440 pap
872 4365 902 4423 ἰν
918 4387 965 4438 τῳ.
1069 4429 1074 4434 ,
1308 4435 1322 4450 ι

133 4449 159 4498 n.
177 4445 349 4510 Uurqaolleg.
367 4445 687 4508 struenennnttngtto.
772 4445 788 4496 l.
806 4445 863 4506 ilco.
880 4443 902 4492 l.
928 4442 1006 4508 prima
1023 4453 1095 4492 mana
1113 4447 1137 4492 et
1154 4439 1254 4504 Segaer.
1271 4451 1321 4516 rap

93 4505 208 4564 tracto.
243 4513 424 4566 Ceterietoditi
442 4503 534 4562 adedo.
570 4513 686 4575 uoraog.
737 4501 824 4589 inag-
859 4510 906 4560 Sed
925 4511 981 4573 lteg.
999 4509 1021 4560 i.
1044 4509 1150 4562 renna·
1172 4523 1245 4562 manu
1261 4519 1326 4560 aaa·

99 4585 124 4636 t.
150 4575 217 4648 napi
246 4579 295 4642 arie
327 4574 429 4650 ἡμέρας
455 4579 503 4642 τῆς
528 4575 687 4636 συντελείας.
736 4592 785 4633 τοι
804 4591 892 4634 orror.
