3158 5050
540 361 665 406 'orario
682 362 718 406 rr.
736 363 850 408 nouem
867 363 1001 410 annues.
1303 319 1366 418 ehu
1440 429 1442 432 ¹

142 517 206 580 [leo
231 535 291 579 nou
313 523 413 589 esset,
436 515 515 580 haud
536 513 684 577 immerito
706 513 805 596 ipsum
820 515 925 578 Filium
948 534 1015 579 esse
1036 523 1188 598 negarent
1231 521 1269 582 ht
1289 520 1318 581 si
1332 485 1454 584 exhee

46 655 59 668 ·
142 617 205 680 lieo
228 626 289 690 eet,
313 635 365 682 our
385 633 446 678 noo
468 616 668 696 perspiciunt,
691 616 738 690 id,
766 617 845 696 quod
869 635 903 678 er
926 617 1024 698 aliquo
1047 618 1160 693 exieus,
1188 619 1281 684 filium
1303 621 1367 685 eius

141 737 230 793 esse,
259 737 295 781 er
317 737 375 800 quo
398 717 476 781 εειι
511 717 623 780 Deinde
651 717 785 806 siVerhi
808 719 888 780 Deus
910 727 996 799 pater
1023 727 1084 794 est,
1116 721 1217 802 quidni
1238 721 1368 786 Verbum

141 823 191 884 sui
212 821 306 902 petris
329 819 406 884 filius
428 819 539 884 luerit?
563 820 711 900 siquidem
728 831 811 900 peter
826 820 876 898 ille
890 829 936 883 εει
951 830 980 882 ει
1002 821 1108 884 dieitur
1130 823 1207 894 eius,
1229 825 1279 904 qui
1294 843 1368 888 suus

141 931 192 986 εει
213 923 300 997 lilius,
323 931 353 985 ει
374 921 510 985 similiter
531 921 608 984 filius
630 922 679 983 ille
702 931 747 984 εει
769 931 798 989 ει
819 922 928 986 dieitur
950 924 1025 997 eius,
1048 926 1098 1006 qui
1121 945 1193 987 suus
1212 935 1260 988 est
1273 935 1368 1008 pater.

139 1027 335 1106 Quapropter
362 1025 390 1087 si
411 1024 490 1086 Deus
519 1042 580 1086 non
609 1032 655 1086 εει
683 1024 793 1086 Christi
821 1034 919 1105 peter,
953 1044 1010 1089 nee
1030 1025 1156 1089 Verbum
1190 1027 1268 1090 lilius
1301 1049 1370 1092 esse

142 1135 252 1208 potest.
298 1127 356 1190 Sed
380 1127 406 1189 si
427 1135 512 1208 peter
533 1135 581 1188 εει
602 1125 697 1202 liena,
725 1145 794 1188 vere
822 1137 852 1190 et
873 1127 1000 1190 Verbum
1029 1127 1105 1192 lilius
1134 1137 1189 1192 eet.
1235 1129 1369 1203 Quodsi

142 1239 249 1310 postee
271 1239 355 1310 pater
376 1248 443 1292 esee
465 1229 588 1303 dicatur,
611 1248 677 1291 enm
698 1229 826 1309 primum
841 1230 920 1292 Deos
943 1239 1034 1305 esset,
1056 1231 1133 1306 haee
1142 1231 1207 1311 ipsa
1222 1238 1270 1293 εει
1282 1232 1369 1295 hris-

142 1351 251 1394 norum
273 1331 416 1398 doctrina.
455 1331 521 1393 Sed
543 1339 696 1411 praeterea
723 1330 884 1394 absurdum
913 1339 960 1414 εει
980 1332 1074 1396 lleom
1095 1333 1218 1408 mutari,
1247 1351 1316 1396 nam
1338 1333 1370 1396 ιιι

145 1452 324 1514 corporeum
352 1439 407 1496 est.
435 1455 439 1466 ⁸
463 1431 495 1495 Si
517 1450 588 1495 vero
617 1430 833 1514 respondeant,
866 1441 980 1514 patrem
1002 1433 1068 1496 Filii
1090 1436 1198 1500 lentum
1220 1453 1304 1510 esse,
1326 1435 1371 1497 uti

142 1544 249 1615 postea
270 1554 370 1598 rerum
392 1544 554 1598 creaturum
577 1535 670 1596 laetus
693 1543 739 1598 εει
761 1535 878 1616 opilea,
912 1535 989 1600 seire
1017 1553 1126 1616 operae
1153 1535 1280 1617 pretium
1314 1543 1370 1610 εει,

142 1638 336 1700 mutationem
360 1656 420 1700 non
442 1638 480 1699 ml
502 1637 611 1712 Deum,
646 1637 699 1698 sed
727 1637 763 1698 ad
791 1655 845 1710 ee,
874 1657 950 1718 quae
970 1645 1074 1718 postea
1097 1640 1187 1712 liunt,
1208 1638 1369 1720 pertinere.

234 1743 280 1804 lu.
326 1740 515 1819 Quapropter
543 1738 569 1799 si
591 1737 684 1800 Vilius
713 1747 794 1802 esset
821 1757 914 1819 opus,
945 1748 1026 1804 reete
1053 1759 1170 1821 quoque
1197 1741 1286 1804 Peter
1306 1740 1370 1803 eius

141 1849 250 1922 postea
278 1841 454 1908 efficeretur.
497 1840 556 1903 Sed
585 1839 612 1903 si
633 1839 724 1902 Filius
751 1860 811 1903 uon
841 1851 888 1904 εει
909 1861 1003 1924 opus,
1033 1861 1153 1923 semper
1179 1860 1249 1923 ergo
1272 1843 1369 1914 Pater,

140 1961 265 2023 semper
286 1949 317 2004 et
338 1942 429 2006 Filius
452 1951 507 2018 est.
552 1943 584 2004 Si
606 1960 697 2022 porro
721 1961 838 2022 semper
861 1953 910 2006 εει
931 1943 1039 2018 Vilius,
1067 1945 1165 2025 ipsum
1188 1961 1260 2006 sane
1282 1943 1372 2006 luerit

144 2046 285 2108 Verbum.
328 2043 393 2107 Nisi
415 2043 494 2106 euim
508 2043 636 2106 Verbum
653 2043 744 2106 Vilius
767 2045 866 2117 luerit,
889 2046 939 2126 qui
961 2046 991 2107 id
1011 2045 1131 2108 audebit
1144 2063 1263 2126 aegere,
1285 2045 1369 2107 lateri

142 2167 213 2211 eum
235 2165 361 2210 neeesse
382 2153 439 2220 est,
461 2146 506 2209 rel
520 2145 650 2208 Verbum
665 2145 782 2208 Patrem
801 2165 880 2220 esse,
904 2147 950 2210 rel
964 2147 1069 2210 Filium
1086 2145 1182 2209 Verbo
1198 2165 1266 2210 esse
1281 2165 1369 2226 prae-

141 2250 327 2313 stantiorem.
372 2247 445 2310 Nam
468 2266 534 2310 eum
556 2247 647 2310 Vilius
671 2248 712 2308 sit
733 2247 764 2310 in
786 2249 853 2310 sinu
877 2249 993 2324 Petris,
1011 2269 1133 2312 neeesse
1156 2257 1204 2311 εει
1224 2248 1271 2311 rel
1292 2249 1368 2311 Ver-

142 2353 214 2415 bum
237 2337 431 2414 lateritium
452 2368 514 2412 non
536 2369 614 2424 esse,
638 2349 711 2410 uihil
734 2349 812 2412 enim
835 2358 969 2414 estante
991 2369 1069 2425 eum,
1092 2349 1141 2432 qui
1164 2351 1196 2412 in
1210 2349 1368 2446 Patreqst,

144 2453 191 2516 rel
213 2452 237 2515 εἰ
259 2451 388 2514 Verbum
410 2451 487 2514 eliud
516 2459 563 2513 εει
583 2459 702 2530 praeter
722 2450 843 2524 Filium,
875 2453 1009 2532 sequitur
1034 2462 1068 2514 ut
1088 2445 1215 2514 Verbum
1244 2451 1284 2514 sit
1304 2451 1369 2531 ipse

141 2555 246 2629 Peter,
279 2554 310 2615 in
332 2571 392 2633 quo
414 2561 461 2616 εει
482 2553 586 2616 Filius.
632 2553 719 2625 Quod
742 2553 768 2614 si
790 2553 918 2616 Verbum
941 2572 1002 2615 non
1024 2562 1072 2615 εει
1093 2553 1194 2625 Pater,
1218 2551 1273 2614 sed
1294 2552 1368 2612 Ver-

143 2658 226 2731 bum,
249 2655 338 2737 igilur
359 2653 487 2717 Verbum
510 2663 556 2716 est
578 2661 659 2715 extra
679 2653 808 2727 Pauem,
835 2654 943 2735 quippe
965 2673 1031 2729 eum
1053 2653 1145 2716 Filius
1168 2654 1198 2715 in
1220 2653 1287 2719 sinu
1309 2652 1369 2714 re·
1464 2711 1470 2730 ,

113 2759 199 2822 'tris
223 2759 272 2821 ait
316 2757 378 2820 Noe
406 2757 484 2820 enim
514 2756 615 2829 ambo,
646 2773 752 2834 nempe
776 2755 901 2817 Verbum
930 2763 961 2817 ει
983 2755 1092 2829 Filius,
1124 2755 1154 2816 in
1182 2755 1251 2816 sinu
1272 2751 1369 2814 Patris
1443 2762 1459 2785 '·

143 2870 226 2936 sunt,
248 2859 302 2923 sed
324 2877 415 2922 unum
439 2875 506 2922 esse
522 2865 640 2938 oportet
661 2875 787 2936 eumque
810 2856 935 2934 Filium,
948 2857 998 2937 qui
1014 2866 1059 2920 εει
1075 2856 1254 2936 unigenitus.
1288 2855 1368 2916 llur·

141 2981 198 3025 sus
221 2963 247 3025 ei
268 2961 347 3024 aliud
361 2968 415 3024 -eet
434 2960 563 3022 Verbum
587 2959 713 3022 elalius
734 2959 835 3034 Vilius,
858 2959 949 3022 Vilius
964 2957 1061 3021 Verbo
1082 2957 1281 3039 praestantior
1302 2953 1369 3018 erit.

142 3063 238 3128 Nemo
268 3063 346 3125 enim
373 3064 489 3124 Patrem
517 3061 669 3141 cognoscit
697 3061 756 3123 nisi
786 3061 897 3136 Filius,
924 3080 984 3124 non
1014 3069 1113 3126 eutem
1134 3058 1273 3125 Verbum.
1315 3055 1369 3120 Vol

143 3167 235 3246 igitur
255 3163 373 3228 Patrem
395 3181 455 3226 uon
478 3165 560 3226 norit
573 3163 711 3236 Verbum,
735 3163 780 3226 rel
801 3163 828 3226 si
850 3164 941 3238 norit,
964 3163 1036 3226 ιειεε
1050 3164 1155 3227 dieitur
1169 3181 1257 3226 nemo
1272 3163 1368 3226 uouit.

143 3267 236 3342 Quod
257 3267 335 3329 idem
357 3265 521 3346 urgendum
544 3257 591 3327 εει
612 3265 752 3328 dehisce
766 3265 880 3330 verbis:
907 3267 969 3340 Qui
982 3269 1057 3330 or'dit
1070 3287 1125 3339 me,
1148 3268 1222 3330 oidit
1236 3265 1455 3342 Permanet.

144 3378 176 3432 ει
203 3371 265 3451 lipo
294 3379 324 3432 ει
344 3367 437 3432 Potor
462 3374 557 3430 unum
579 3387 694 3430 εεειεε.
743 3367 875 3448 Namque
904 3368 959 3431 hae
987 3388 1074 3432 voees
1097 3367 1162 3431 Filii
1191 3376 1278 3442 sunt,
1306 3383 1369 3428 noo

145 3471 245 3546 Verbi,
268 3480 300 3534 ut
321 3477 425 3552 patent
445 3470 497 3544 illi,
519 3470 608 3550 idque
624 3490 658 3534 er
673 3470 838 3551 Evangeliia
861 3469 1019 3534 dilucidum
1042 3479 1099 3533 εει.
1142 3469 1216 3532 Nam
1229 3467 1368 3539 Domino,

145 3582 184 3634 ut
203 3581 301 3634 nerrm
321 3573 463 3644 loannes,
492 3571 622 3634 dicente:
657 3573 718 3652 lipo
741 3583 771 3636 ει
791 3573 884 3637 Ρειεν
910 3591 1005 3636 usum
1027 3590 1146 3644 sumus,
1176 3567 1369 3633 sustulerunt

145 3666 264 3755 lepidos
285 3673 397 3747 ludaei,
419 3684 455 3737 ut
470 3673 642 3754 lapidarent
660 3692 736 3736 eum.
780 3673 948 3755 Respondit
968 3677 1011 3736 eis
1027 3673 1132 3736 lesus:
1155 3667 1254 3732 Multo
1276 3683 1370 3748 opero
1454 3722 1459 3731 .

147 3776 228 3840 hono
250 3777 368 3839 ostendi
387 3777 470 3843 vobis
493 3793 533 3836 ero
554 3773 654 3845 Putre,
675 3783 805 3856 propter
826 3775 906 3856 quod
920 3790 1182 3853 eorumopusme
1203 3763 1370 3849 lepidotis?

146 3877 380 3959 Responderunt
407 3881 436 3940 er·
462 3876 582 3939 ludaei:
612 3873 656 3936 De
686 3875 764 3938 bono
791 3893 881 3957 opere
909 3893 971 3940 nou
999 3875 1167 3957 lapidamus
1191 3881 1233 3943 ιε,
1262 3868 1369 3931 redde

145 3979 341 4062 hlospbeorr'o,
364 3987 393 4042 ει
415 3982 485 4063 pule
507 3989 540 4040 tu
562 3977 649 4040 homo
673 3995 738 4040 eum
760 3980 803 4039 sis
823 3979 901 4058 [oris
924 3990 952 4042 te
976 3982 1075 4058 ipsmn
1089 3976 1196 4038 lirum.
1232 3969 1370 4052 Respon-

183 4133 199 4182 l.
217 4133 290 4184 basil.
308 4141 333 4182 et
350 4133 438 4196 hnglie.
457 4145 478 4180 rr
497 4125 511 4180 ὸ
530 4129 578 4180 rori
595 4122 663 4180 υἱοῦ.
819 4131 835 4182 i.
861 4132 901 4181 διε
919 4130 974 4192 liep.
993 4129 1090 4193 Segoer.
1109 4127 1180 4178 besil.
1208 4133 1231 4176 st
1248 4121 1383 4191 duplione-⁰

183 4216 205 4262 a.
225 4203 281 4264 Reg.
296 4202 423 4265 etSepoer.
435 4193 509 4249 ἐστιν
522 4203 640 4250 ειειιιεει.
659 4199 735 4249 lidum
786 4198 813 4248 lu
832 4197 885 4248 aliis
904 4206 927 4248 et
945 4199 1015 4248 editis
1033 4197 1102 4246 deest
1119 4185 1217 4246 adver.
1239 4264 1253 4274 ..
1384 4239 1387 4256 ,

145 4269 238 4318 ibidem
257 4277 280 4318 et
297 4269 368 4319 basil.
387 4277 411 4319 ει
428 4269 495 4329 hoel.
513 4261 558 4314 eat
575 4259 653 4322 ἄλλος
668 4259 734 4321 υἱός.
820 4267 842 4346 ¹5·
862 4267 901 4315 Sle
918 4266 973 4328 llep.
992 4273 1015 4315 ει
1032 4266 1131 4344 Seguer.
1169 4265 1197 4316 bt
1214 4264 1254 4312 alu
1271 4271 1296 4313 et
1312 4263 1369 4314 editi

146 4333 736 4470 „able{illeille}lllfi'lnlllll
785 4331 1369 4463 iltllllllelllnllfllllllllllfz
1419 4416 1425 4435 ·

150 4473 204 4523 aliie
225 4483 252 4523 et
275 4473 353 4525 editis.
395 4471 446 4522 hlox
470 4473 526 4532 llep.
545 4471 644 4533 Sepoer.
662 4470 734 4522 lissil.
785 4471 828 4521 sed
847 4467 1087 4532 teleptensem.
1106 4469 1174 4518 abest
1192 4457 1235 4516 ὅτι
1251 4461 1369 4534 εειεέγει

150 4533 408 4604 hariletsseioreouv
424 4535 525 4591 λίθους.
553 4539 631 4589 Celeri
646 4546 670 4591 ει
682 4539 737 4591 editi
789 4526 860 4587 elna.
897 4537 1014 4588 Ceteriet
1031 4536 1088 4587 editi
1104 4537 1141 4587 sie
1157 4535 1260 4588 habente
1276 4526 1319 4584 rire
1335 4529 1372 4584 σὺ

147 4601 307 4672 ἐβάστασαν
322 4603 377 4675 γὰρ
395 4603 496 4662 liuore.
791 4597 936 4674 ἄνθρωπος
947 4596 1294 4684 &annuissemus-⁸¹⁴⁹
1324 4597 1373 4648 ml
