3098 5040
462 313 579 358 eoum
594 315 812 362 erouuutoumr
825 318 913 379 urqen
928 319 949 362 1.
1242 307 1304 372 883
1329 273 1337 282 .

77 464 181 544 ipsum
202 471 302 526 umen
323 462 451 526 Verbum
474 463 656 539 immutabile
678 473 708 527 et
729 466 901 530 invariabile
923 469 1097 546 eledanium
1124 471 1207 552 quod
1225 472 1390 547 tuomum.

79 565 178 644 ipsum
200 582 323 643 passum
346 574 394 626 est
415 573 445 628 et
465 584 527 628 non
549 584 683 645 passum,
705 568 842 648 quodque
865 569 962 632 divina
984 570 1103 650 quidem
1126 581 1230 636 ustura
1245 575 1303 638 int·

77 665 235 744 passibile,
264 665 446 728 immutabile
475 675 505 728 et
525 667 695 730 invariabile
717 678 779 741 est,
802 687 889 750 carne
912 679 1010 733 tamen
1033 690 1156 751 mesum
1179 682 1242 750 est,
1272 684 1305 738 ut

81 765 157 827 dixit
176 766 299 840 Petrus,
321 776 352 829 et
373 776 498 830 mortem
522 776 641 847 gustare
663 768 773 842 voluit,
803 771 871 850 qnia
893 773 987 834 iactus
1012 783 1058 836 εει
1080 776 1228 840 mediator
1249 777 1308 840 Dei

76 879 109 928 et
139 869 292 931 bominum
321 869 407 932 bomo
432 869 587 941 Christus,
617 873 670 950 qui
696 870 775 932 dedit
797 876 989 952 semtipsum
1011 876 1225 940 redemtionem
1243 895 1305 958 pqr

79 971 183 1042 ποθὴ,
213 977 244 1030 ει
264 988 400 1032 rursum:
433 970 513 1043 Quia
534 971 637 1050 factm
660 980 706 1032 est
727 972 876 1034 mediator
897 972 956 1036 Dei
979 986 1009 1037 et
1031 975 1193 1038 bominum.
1238 977 1304 1041 Me-

76 1071 182 1132 diator
202 1089 276 1134 uero
298 1075 392 1134 onies
414 1090 476 1133 eoa
498 1083 553 1144 est,
575 1072 660 1134 Deus
682 1081 782 1134 cutem
803 1091 885 1136 unua
908 1085 963 1138 eet.

167 1275 216 1336 12.
262 1273 449 1353 Quapropter
472 1280 573 1334 errant
593 1273 643 1352 qui
666 1273 769 1336 dicunt
789 1273 879 1336 alium
901 1295 970 1338 esse
992 1276 1042 1356 qui
1064 1295 1173 1356 passus
1189 1285 1235 1340 est
1250 1277 1303 1340 Fi-

75 1374 154 1448 lius,
184 1381 213 1436 et
240 1373 330 1436 alium
353 1373 402 1454 qni
424 1393 533 1453 passus
555 1392 617 1438 nou
639 1383 694 1438 est.
738 1375 804 1438 Non
827 1377 906 1438 enim
929 1378 1005 1440 alius
1028 1387 1076 1440 est
1096 1397 1184 1459 quam
1205 1379 1304 1459 ipsum

78 1474 218 1550 Verbum,
242 1475 322 1555 quod
343 1467 515 1555 passionem
539 1484 569 1536 et
591 1485 716 1539 mortem
738 1479 913 1558 susceperit.
958 1478 1018 1542 Sed
1040 1479 1109 1544 illud
1132 1479 1232 1560 ipsum
1253 1481 1303 1542 in-

78 1593 257 1656 corporeum
286 1585 315 1639 ει
341 1577 524 1658 impassibile
552 1577 696 1654 Verbum,
726 1598 793 1640 cum
822 1581 1044 1660 generationem
1074 1583 1171 1646 caruis
1201 1581 1303 1644 subire

77 1678 231 1759 dignatum
254 1687 349 1750 esset,
379 1679 480 1742 omnia
502 1671 650 1760 implevit,
681 1688 714 1742 ot
735 1679 858 1742 baberet
879 1681 959 1760 quod
981 1701 1037 1762 pro
1059 1681 1147 1745 nobis
1170 1685 1302 1746 ollemet.

78 1782 117 1842 Et
138 1781 244 1843 dicitur
265 1780 371 1843 melius
393 1769 511 1860 Angelis
534 1781 652 1853 lactum,
675 1799 735 1842 non
759 1783 838 1860 quod
864 1783 990 1844 Verbum
1013 1784 1107 1848 lactor
1120 1785 1302 1864 Angelorum

79 1882 188 1945 melius
210 1882 317 1943 laetum
340 1882 388 1954 sit,
411 1881 494 1962 quasi
517 1881 673 1962 aliquando
695 1881 795 1944 minus
820 1883 877 1944 illis
900 1884 998 1956 luerit,
1023 1884 1074 1946 sed
1098 1885 1193 1946 lorma
1209 1886 1299 1958 servi,

77 2003 168 2064 quam
188 1985 286 2064 ipsum
309 1983 436 2045 Verbum
458 1983 609 2064 propriam
632 1982 689 2045 sibi
712 1983 835 2046 naturali
859 1985 1051 2063 generatione
1073 1985 1212 2057 reddidit,
1235 2004 1300 2046 me-

74 2086 137 2148 lior
158 2105 192 2148 ex
214 2085 394 2165 Protoplasti
416 2086 606 2164 generatione
628 2093 730 2148 exorta
754 2094 815 2159 est,
837 2104 954 2164 nosque
975 2086 1016 2148 illi
1038 2087 1141 2148 alliues
1163 2085 1301 2160 reddidit,

78 2196 113 2250 ει
136 2187 326 2261 dictumest,
348 2187 427 2250 cires
451 2187 628 2250 Sanctorum
651 2197 681 2250 et
702 2189 862 2250 familiares
886 2188 947 2250 Deo
971 2190 1105 2250 ellectos.
1151 2187 1226 2251 Caro
1249 2207 1301 2250 se-

75 2289 207 2352 cundum
231 2298 370 2372 ‚naturam
400 2290 520 2369 propria
542 2289 604 2352 Deo
633 2291 708 2352 iacta
738 2299 799 2363 est,
828 2308 885 2351 uec
914 2297 1012 2350 mmen
1040 2289 1301 2352 consubstantialis

73 2399 126 2456 est
146 2390 233 2454 Verbi
256 2391 372 2465 uelud,
395 2391 478 2472 quasi
499 2391 541 2454 illi
563 2399 719 2454 coaeterna
741 2400 834 2464 esset,
858 2391 910 2452 sed
932 2391 1053 2471 propria
1075 2391 1117 2453 illi
1138 2390 1301 2454 seeundum

73 2500 212 2556 naturam
234 2495 318 2566 iacta,
341 2502 371 2555 et
392 2492 582 2558 indivisibilis
604 2502 729 2574 propter
749 2493 892 2554 unionem
915 2511 950 2554 ex
964 2489 1191 2564 semineDarid,
1204 2491 1300 2554 Abra-

74 2595 134 2656 bae
157 2604 188 2656 et
207 2594 302 2666 ldae,
336 2613 372 2656 ex
401 2614 468 2674 quo
490 2602 519 2656 et
540 2613 597 2658 noa
619 2593 768 2674 progeniti
790 2611 904 2654 sumus.
950 2593 1036 2665 Quod
1058 2593 1085 2655 si
1107 2593 1204 2655 Verbo
1227 2611 1300 2656 oon-

72 2696 278 2758 substantialis
307 2705 353 2758 est
378 2715 446 2758 caro
470 2705 500 2758 et
521 2704 694 2768 coaeterua,
724 2695 781 2756 iam
804 2694 874 2756 hinc
895 2693 998 2756 dicetis
1021 2701 1127 2756 omues
1150 2701 1301 2754 creaturas

72 2797 211 2860 omnium
233 2797 359 2860 creatori
369 2798 433 2860 lleo
452 2783 627 2860 coaeternas
650 2815 726 2858 esse.
771 2795 807 2857 lt
829 2799 879 2875 qul
901 2811 1013 2874 quaeso
1036 2790 1300 2854 adbucClrristiani

73 2899 180 2972 eritis,
203 2901 253 2979 qui
275 2899 383 2962 talibus
406 2919 460 2964 ros
481 2899 595 2980 laqueis
617 2894 800 2978 implicatis?
842 2895 914 2956 Nam
938 2894 1017 2974 quod
1040 2891 1300 2964 consubstantiale,

72 3000 262 3080 impassibile
291 3010 320 3064 et
347 3001 455 3063 mortis
483 3001 604 3080 incapax
627 3007 689 3072 est,
719 2999 859 3060 unionem
882 3014 949 3058 cum
973 2991 1218 3056 consubstantiali
1239 3009 1304 3054 nou

72 3103 204 3166 admittit
232 3102 393 3166 secuudum
416 3103 607 3182 hypostasin,
637 3100 689 3162 sed
712 3100 875 3162 secundum
897 3104 1050 3170 naturam,
1075 3111 1170 3176 porro
1192 3111 1302 3156 secun-

73 3205 147 3268 dum
168 3205 340 3285 hypostasin
361 3204 514 3284 propriam
536 3203 751 3283 perlectionem
774 3198 901 3262 exbibet.
945 3197 1047 3277 ltaque
1061 3214 1116 3276 per
1129 3195 1302 3275 religiosum

75 3323 107 3370 ut
120 3307 300 3380 aestimatis
331 3314 461 3368 vestrum
490 3312 690 3366 commentum
712 3315 762 3364 ant
783 3317 902 3364 carnem
926 3317 961 3360 ex
983 3297 1103 3378 Virgine
1125 3306 1155 3360 et
1176 3297 1388 3380 Deipararoen

75 3419 241 3472 assumtam
269 3407 384 3488 negatis
413 3415 464 3469 aut
491 3407 522 3468 in
545 3405 683 3466 deitatem
705 3401 928 3482 blasphematis.
975 3399 1007 3462 Si
1029 3408 1128 3462 autem
1152 3417 1192 3491 eq
1210 3400 1301 3461 modo

78 3509 189 3572 Filium
216 3523 332 3571 neeuon
354 3509 498 3587 Spiritum
526 3515 661 3568 sanctum
683 3505 763 3590 Patri
785 3499 1069 3566 consubstantialem
1092 3500 1302 3570 confiteamini,

76 3631 137 3691 quo
161 3629 289 3700 earnem,
313 3628 387 3690 quae
408 3627 497 3690 passa
517 3618 575 3681 est,
598 3607 704 3687 ecquid
727 3623 798 3685 ergo
821 3623 877 3665 nos
901 3603 998 3664 adhue
1019 3599 1176 3674 accusatis,
1198 3606 1230 3660 ut
1253 3596 1303 3678 qui

73 3713 301 3794 quaternitatem
324 3732 379 3792 pro
401 3711 546 3774 'lriuitate
569 3710 713 3782 dicamus,
736 3725 802 3769 oum
825 3704 882 3784 ipsi
906 3701 1131 3782 quaternitatem
1152 3717 1208 3780 pro
1232 3698 1301 3760 Tri-

106 3883 127 3917 c.
149 3867 190 3916 Si'e
206 3867 305 3926 Segoer.
325 3862 463 3918 Goblerian.
482 3861 663 3913 attolerent.
748 3875 770 3922 g.
789 3859 855 3908 llaec
871 3849 916 3904 aui
934 3854 983 3904 τοῦ
997 3845 1082 3922 Ἀδὰμ
1099 3853 1220 3904 desonlin
1231 3841 1303 3912 Sego.

72 3935 137 3985 liditi
158 3948 213 3983 roro
230 3925 306 4001 παρὰ
323 3925 373 3982 τὸν
390 3923 452 3980 υἱὸν
469 3928 517 3980 τοῦ
536 3925 610 3980 θεοῦ.
716 3927 814 3979 Gobler.
832 3934 856 3976 et
874 3924 978 3975 Velclm.
995 3924 1017 3974 l.
1053 3923 1201 4000 l’aolo'posl
1217 3920 1241 3970 in
1260 3919 1304 3996 iiq-

106 4004 131 4053 d.
150 3995 199 4049 eoi
214 4002 283 4052 deest
299 4002 322 4050 in
341 4001 496 4060 Segueriano.
533 3999 562 4047 Et
579 3998 602 4046 in
622 4011 664 4046 eo·
716 3996 771 4046 dem
788 3992 838 4042 τοῦ
855 3985 939 4058 λόγου
951 3994 1026 4043 deest.
1062 3979 1304 4042 lloxirdemlttrot-

72 4071 128 4120 dem
148 4071 211 4118 inire
231 4060 406 4184 drdpmnqur
424 4069 500 4116 deest.
536 4066 587 4114 llox
601 4065 665 4114 idem
716 4076 766 4111 τοο
784 4055 877 4128 ἐρεῖτε.

71 4129 121 4254 {pp
139 4147 363 4284 τέεὲιςεοξεὶιζῦξο
389 4210 413 4252 et
431 4201 527 4251 Felclm
548 4198 559 4247 l
589 4191 666 4262 γενό.
717 4147 894 4281 ωῃῖξέἕὲπ·
913 4145 1010 4197 G⁰b¹⁹h
1032 4151 1056 4193 ἰ
1074 4139 1177 4192 mm·
1191 4138 1214 4190 ι’
1231 4136 1304 4188 ⁰mn'

71 4260 668 4401 “Vettiisolstitialia
751 4309 768 4360 i·
786 4309 886 4372 sesua·
904 4296 1106 4374 ‘neocaesar-
1178 4336 1180 4342 -

76 4406 133 4456 teir
158 4399 248 4472 ἁγίων
263 4401 309 4456 καὶ
327 4399 421 4464 οἰκεῖοι
438 4407 546 4466 (Gobler.
564 4397 611 4452 aet
628 4395 667 4452 ol·
752 4402 775 4452 l.
794 4401 893 4463 Sequar.
919 4400 1016 4450 Gobler.
1041 4406 1065 4449 et
1088 4391 1232 4472 Felclmql.
1256 4383 1308 4448 ripe

74 4470 177 4534 κεὶοες)
193 4472 243 4524 τοῦ
259 4473 327 4526 θεοῦ
344 4469 390 4524 eei
406 4469 474 4524 θεοῦ
490 4463 562 4522 κατὰ
579 4463 668 4538 φύσιν
718 4463 808 4542 otiqaqo
824 4461 875 4528 τὴν
891 4465 1047 4522 παθοῦσαν,
1066 4457 1172 4532 ματαία
1189 4458 1308 4539 patioris

71 4537 189 4610 efrem
207 4535 272 4593 ideo.
719 4530 808 4606 ὑμῶν,
828 4537 911 4588 moltis
929 4537 1037 4599 omissis,
1055 4541 1081 4584 ot
1098 4541 1122 4584 et
1139 4531 1254 4583 Venulus.

1045 4613 1104 4669 56*
