3032 5048
455 357 600 402 salernus
615 323 653 400 ii.
669 357 705 400 tlt
723 357 917 402 susurrones.
1222 345 1283 410 813

73 479 194 571 minis
221 509 436 590 blasphemare,
459 511 486 572 si
508 510 574 589 quis
596 527 666 570 reru
689 507 754 572 eius
775 527 867 588 opera
888 509 984 573 rideat
1001 513 1031 574 in
1047 513 1160 593 Spiritu
1183 523 1374 577 sanctuarii.

2 616 18 692 '.
69 619 108 672 ta
141 611 317 692 dicatque,
340 631 424 686 eum,
446 613 496 692 qui
519 610 585 674 talia
608 611 713 685 edidit,
737 606 905 673 aeolicum
927 631 995 684 esse
1017 633 1073 676 nee
1093 615 1146 678 llei
1164 615 1285 690 Filium,

1 725 16 802 '.
39 713 81 774 “l
112 733 161 775 ea
192 713 363 780 Beelzebub
385 714 545 799 adscribat,
564 713 721 776 manifesto
743 710 948 792 blasphemare
969 717 1101 794 negando
1124 717 1187 780 eius
1210 719 1286 782 diri·

1 806 12 843 ⁷‘
32 833 47 867 -s
64 825 192 878 ,alena
243 805 359 880 Etenim
382 817 412 880 in
434 815 607 896 Evangelico
631 815 719 903 dioto,
741 816 784 878 uti
806 833 895 895 saepe
918 817 1026 880 dictum
1050 827 1104 892 est,
1126 839 1193 882 cum
1216 820 1288 884 dicit

4 899 43 966 2³³
64 919 156 980 lium
187 919 335 991 bominis,
359 920 504 981 carnalem
526 928 556 980 et
576 919 733 980 humanam
756 937 839 979 suam
863 927 995 982 naturam
1018 919 1143 994 iudicat,
1164 929 1198 984 ut
1219 943 1285 988 aum

20 1020 209 1082 'J-'ririturn
233 1021 317 1094 dicit,
346 1021 474 1084 declaret
496 1039 582 1082 suum
606 1039 672 1081 esse
695 1029 827 1082 sanctum
851 1019 1009 1100 Spiritum,
1039 1022 1070 1084 iu
1098 1041 1157 1101 qun
1188 1028 1285 1088 omnia

5 1121 252 1184 sassabasar.
305 1121 387 1184 Unde
409 1141 474 1184 cunr
499 1117 589 1201 o‘pera
612 1121 728 1194 ederet,
757 1109 867 1184 aiebat:
892 1123 934 1184 'Si
959 1124 1034 1186 milti
1060 1143 1125 1186 uon
1153 1131 1314 1206 credilis„
1369 1201 1374 1208 ,

20 1223 158 1286 ·-···ritem
188 1225 336 1304 operibus
358 1229 430 1287 neeis
453 1227 580 1298 credite;
602 1235 638 1286 ut
661 1228 846 1304 repensantis
868 1229 938 1304 praa
960 1243 1011 1304 epo
1028 1230 1061 1287 ita
1076 1211 1169 1290 Patri
1183 1240 1210 1291 et
1224 1230 1285 1292 Pub

62 1344 84 1386 r
112 1331 154 1390 ira
180 1343 243 1388 me.
288 1325 361 1387 Cum
382 1335 480 1388 autem
503 1326 600 1404 seipse
622 1343 677 1406 pro
698 1325 787 1386 nobis
809 1327 1003 1406 corporaliter
1023 1328 1178 1390 oblaturus
1194 1340 1283 1404 esset,

5 1447 19 1496 χ
50 1428 176 1488 nando
206 1446 241 1488 ea
264 1427 299 1488 de
320 1425 408 1489 baasa
425 1427 557 1489 aseendit
572 1426 792 1508 lerosolymam,
814 1427 970 1508 [discipulis
986 1430 1049 1491 suis
1066 1431 1177 1494 aicbat:
1199 1430 1284 1498 Dor'-

9 1526 32 1579 r,
53 1533 113 1592 a'te
140 1533 213 1592 ium
236 1540 264 1591 et
287 1533 460 1609 requiescite
467 1553 478 1605 ,·
500 1549 563 1594 ecee
585 1533 662 1592 caim
684 1533 941 1611 appropinquavit
962 1532 1049 1608 born,
1071 1527 1106 1594 e'r
1115 1533 1211 1597 Filius
1227 1535 1284 1598 bn-

16 1633 137 1692 x:su'ru'e
173 1631 322 1695 tradatur
349 1635 515 1692 tumeam
532 1641 738 1710 peccatorum.
782 1629 854 1692 Nam
883 1649 974 1712 opera
1000 1634 1118 1711 quidem
1147 1633 1282 1711 elleoere,

31 1741 70 1812 χχι
97 1749 204 1792 verus
225 1731 305 1794 flens
328 1731 514 1804 crederetur,
543 1751 624 1794 mors
646 1742 743 1793 autem
766 1731 831 1794 eius
853 1733 948 1813 palam
971 1737 1054 1805 lecit,
1084 1755 1151 1798 aum
1178 1753 1281 1800 reuera
1304 1731 1309 1744 ’

1 1851 165 1912 affor-pus
192 1833 320 1902 bebere,
350 1835 477 1912 ideoque
506 1835 570 1894 iure
592 1833 698 1898 Filium
726 1835 856 1898 bominis
884 1837 999 1898 dicebat
1027 1855 1093 1898 eum
1117 1853 1202 1908 csse,
1230 1840 1281 1919 qni

47 1935 263 1996 radebatur.·
286 1934 413 1996 Verbum
437 1935 513 1996 enim
537 1935 702 1997 immortale
721 1945 751 1996 et
771 1937 899 1998 intactile
921 1946 950 1999 et
970 1939 1120 2017 ipsissima
1143 1940 1201 2001 rita
1223 1949 1280 2002 est.

5 2067 19 2106 :1-
39 2039 161 2102 ‚lerum
188 2055 247 2098 nee
267 2037 305 2098 iis
326 2037 475 2102 Pharisaei
499 2038 667 2111 credebant,
690 2055 785 2117 neque
806 2039 942 2101 velebant
958 2041 1036 2120 ipsa·
1050 2041 1177 2104 liliorum
1206 2061 1279 2122 suuf

2 2215 5 2229 1
31 2157 111 2210 cum
138 2157 240 2217 opera
260 2138 378 2226 ridere3
406 2149 586 2218 quapropter
613 2157 666 2200 eos
696 2155 814 2201 rursum
841 2120 949 2202 leuiter
976 2143 1108 2221 coarguit
1136 2143 1279 2233 [inanibus
1358 2135 1365 2148 ”

2 2241 92 2313 ,uls
116 2239 244 2300 serbis:
268 2239 303 2301 se·
323 2259 374 2320 spo
398 2245 428 2302 iu
450 2241 656 2304 beelzebulem
677 2245 762 2304 sileio
783 2245 956 2316 daemonio,
981 2243 1052 2306 Filii
1065 2249 1164 2307 vestri
1175 2245 1207 2308 iu
1223 2265 1281 2330 pue
1362 2267 1370 2285 ·

16 2385 27 2415 ,ᾗ
41 2341 207 2404 eliciatur?
251 2341 321 2404 ideo
350 2347 411 2423 ipsi
435 2344 547 2406 iudices
578 2347 677 2405 castrt
702 2356 805 2406 emeret.
848 2343 949 2407 Porro
979 2349 1009 2406 si
1028 2350 1061 2419 la
1082 2345 1202 2426 Spiritu
1224 2347 1284 2408 Dea·

46 2448 134 2505 elicio
161 2445 337 2515 doemonio,
364 2446 505 2525 profecto
531 2447 674 2523 pervenit
701 2449 733 2505 iu
759 2449 817 2504 cod
842 2463 968 2523 repnum
994 2447 1060 2508 Dei.
1105 2448 1162 2508 illc
1182 2458 1283 2520 autem

8 2591 26 2625 ‚p
46 2540 123 2605 «lixit
146 2547 180 2606 in
206 2544 327 2625 Spiritu
349 2545 422 2621 Dei,
450 2563 511 2606 non
540 2544 618 2624 quud
647 2544 745 2606 minor
773 2555 853 2606 esset
876 2547 940 2626 ipse
962 2548 1089 2628 Spiritu,
1118 2569 1173 2612 nec
1195 2551 1280 2630 quasi

1 2693 22 2726 κ,
47 2645 179 2725 Spiritus
207 2665 242 2708 eu
264 2647 294 2708 in
317 2665 351 2708 se
373 2654 563 2726 operaretur,
586 2646 640 2708 sed
662 2655 694 2708 ut
714 2663 833 2712 rursum
855 2647 1031 2720 declararet,
1056 2669 1106 2717 se,
1139 2669 1204 2712 oum
1227 2653 1280 2712 Ilei

7 2775 13 2834 ζ
46 2727 180 2810 Verbum
207 2755 300 2821 esset,
322 2748 541 2828 perspiritum
565 2748 664 2810 omnia
686 2747 819 2827 operari,
843 2749 1052 2828 auditoresque
1074 2749 1210 2824 doceret,
1233 2768 1278 2826 se,

9 2843 13 2914 j
42 2851 117 2910 bum
139 2849 275 2930 Spiritus
297 2869 388 2930 opera
408 2849 573 2912 Beelzebuli
596 2849 808 2922 adscriberent,
830 2851 861 2911 in
884 2869 918 2911 ea
942 2861 1113 2930 operantem
1136 2853 1280 2933 Spiritum

50 2951 272 3031 blasphemiae.
315 2952 432 3014 Etenim
455 2953 529 3013 baec
550 2969 616 3013 oum
638 2951 719 3023 dicit,
742 2952 882 3024 ostendit,
905 2970 960 3013 eos
981 2971 1042 3014 nou
1064 2973 1100 3016 ex
1115 2939 1284 3034 ignorantia¹

6 3033 16 3120 ,³-
55 3053 107 3112 sed
131 3061 240 3132 sponte
269 3071 321 3116 sua
350 3073 383 3116 se
414 3054 445 3114 in
473 3054 550 3116 banc
578 3052 829 3115 evidentissimam
856 3053 1069 3133 blasphemiam
1099 3057 1277 3136 implicasse,

1 3195 14 3233 4
55 3171 110 3214 rien
132 3155 301 3228 erubuisse,
325 3156 404 3236 quod
427 3175 460 3216 ea
482 3174 582 3234 opera,
605 3175 679 3235 quae
703 3156 747 3217 vel
769 3156 826 3235 ipsi
843 3155 902 3217 -Dei
925 3175 994 3219 esse
1020 3169 1205 3240 compertum
1221 3161 1275 3221 ba-

1 3236 18 3352 ‘s
56 3255 168 3330 herent,
192 3265 326 3318 amentes
342 3257 507 3318 beelzebuli
530 3258 761 3339 adscripsissent
782 3267 869 3338 utque
890 3258 926 3320 ab
949 3261 1065 3341 impuro
1082 3261 1188 3343 spiritu
1205 3265 1279 3326 lacta

57 3367 286 3422 asseverassent.

2 3497 13 3558 ιζ
61 3505 640 3578 beg.etSe3uer.quassaquimurer'pyo'iero.
692 3525 715 3565 et
732 3515 822 3577 legire.
842 3507 869 3563 oi
886 3515 1033 3582 Φαρισαῖοι
1059 3519 1110 3576 laed
1130 3520 1228 3582 Segner.
1248 3521 1278 3569 de

60 3577 118 3626 Editi
137 3581 216 3629 etalii
234 3573 390 3644 εἰργάσατο.
425 3581 499 3629 l‘aulo
517 3584 639 3644 postlleg.
692 3597 759 3647 mope
778 3581 953 3650 Φαρισσαῖοι)
977 3593 999 3632 el
1026 3587 1055 3632 ita
1081 3585 1138 3646 legit
1161 3587 1275 3636 Nunnius.

0 3647 1 3658 ¹
62 3639 204 3705 πιστεύητε.
239 3649 299 3697 lbid.
311 3661 365 3712 μου
377 3657 435 3714 post
451 3641 543 3714 ἔργοις
560 3651 642 3702 deerat
692 3651 751 3700 Edit.
771 3651 886 3702 Commel.
907 3642 1077 3700 attondant.
1115 3653 1166 3702 blox
1185 3655 1278 3712 demet

1 3727 11 3767 ,r
65 3713 238 3769 ineditis,sed
258 3717 359 3765 babetur
384 3719 407 3764 in
426 3717 482 3779 ling.
501 3721 639 3779 etSeguer.
691 3720 1087 3782 Segucrian,quassaquirisum
1106 3729 1151 3780 cst,
1170 3713 1275 3772 etvini.

62 3777 148 3829 ibidem
166 3783 263 3844 Seguer.
286 3777 434 3838 πιστεύητε.
662 3822 665 3834 .
690 3785 734 3834 lui
754 3793 777 3834 et
795 3787 850 3834 editi
870 3777 897 3831 ol
913 3779 982 3835 λαοί,

84 3841 328 3925 νε.ΑιιςΙίο.οιύτοῡ.
367 3853 400 3901 lu.
426 3867 479 3902 mox
503 3844 640 3916 postiam·
724 3868 745 3902 e.
762 3847 809 3900 aori
825 3853 893 3902 deest
911 3855 934 3903 in
952 3855 1009 3917 lteg.
1030 3855 1159 3917 etSepuer.
1185 3855 1276 3908 lualiis
1342 3907 1371 3930 ,ι

63 3929 120 3962 razo
137 3917 205 3968 babet
221 3912 275 3968 καί.
311 3920 383 3969 Paulo
402 3930 457 3983 post
476 3921 640 3982 liepseguer.
691 3928 714 3969 et
733 3921 802 3969 aditis
821 3921 917 3982 legitur.

65 3985 154 4034 anler.
165 3986 334 4038 ell'elelm.l.
352 3980 424 4050 ἔλεγε
440 3983 567 4036 κατιδίαν
584 3987 641 4042 τοῖς
726 3987 742 4038 l.
766 3989 822 4050 lies.
833 3989 965 4050 etSeguer.
980 3989 1026 4039 soli
1045 3981 1118 4054 αὖτῷ
1136 3982 1276 4057 Ινεργοῦν-

1 4078 3 4110 3
66 4051 192 4115 padernis
215 4057 307 4106 omisso
334 4047 425 4105 absos
468 4058 558 4106 lbidem
583 4058 638 4119 llep.
690 4069 737 4108 ros
754 4059 845 4106 omisso
863 4048 892 4104 ἐν
910 4048 1014 4121 αὐτῷ’

66 4123 155 4182 sepner.
174 4123 229 4172 edit.
249 4125 366 4174 Commel.
385 4133 408 4173 et
425 4125 464 4173 elii
483 4126 578 4188 quidam
597 4140 639 4174 co·
724 4139 746 4186 g.
764 4124 854 4186 buglis.
874 4117 982 4180 διδάξει,

67 4187 125 4238 dices
140 4183 289 4248 καθεύδετε,
310 4202 333 4243 et
351 4194 381 4242 ils
402 4193 488 4254 legitur
505 4193 528 4242 in
548 4193 638 4243 Graeco
724 4194 747 4242 b.
769 4193 831 4242 llaec
840 4185 963 4258 τοσούτῳ
977 4186 1024 4240 τὸν
1030 4190 1206 4261 χορηγοῦντα
1217 4188 1275 4248 dne·

68 4251 173 4318 Evangelii
197 4267 268 4310 textu.
310 4261 370 4310 Edit.
395 4260 469 4311 Paris.
495 4261 591 4311 Goblsr.
616 4269 639 4310 et
690 4257 815 4325 φημοῠσι
837 4261 925 4310 desunt
947 4275 971 4309 m
996 4261 1067 4310 besil.
1109 4261 1159 4311 ilex
1179 4263 1233 4324 fleg.
1252 4271 1275 4313 et

1 4381 2 4394 ἵ
69 4320 401 4382 Felclrm.1.aodmideode.
438 4328 497 4377 lbid.
521 4321 554 4374 τό
571 4329 639 4378 deest
690 4332 788 4389 Sepuer.
805 4320 852 4376 atui
868 4321 923 4394 γὰρ
940 4321 986 4375 καὶ
1003 4325 1093 4377 τοῦτο.
1128 4329 1153 4379 ln
1172 4331 1275 4382 editlset

1 4401 2 4414 ¹
70 4387 270 4458 intepsmoes.
289 4406 311 4447 et
329 4396 401 4446 besil.
437 4397 463 4445 ln
488 4395 541 4444 aliis
565 4404 588 4444 et
615 4399 638 4446 ia
689 4389 854 4460 reliquisset
870 4407 1019 4459 postremum
1038 4397 1113 4446 deest.

72 4455 132 4508 editis
147 4462 235 4524 legiam.
724 4465 739 4514 i.
764 4463 819 4525 lleg.
838 4453 1011 4529 αἰσχύναντα,
1031 4479 1165 4530 perperam.
1250 4479 1259 4498 ⁵

82 4525 122 4600 ‚b
137 4529 173 4584 Sic
187 4533 242 4594 bap.
261 4541 285 4583 et
302 4533 403 4594 sepner.
431 4530 456 4580 la
471 4530 524 4581 alric
538 4531 639 4582 etedltia
724 4533 745 4580 lr.
765 4523 832 4579 ὄντα
849 4531 916 4582 deest
940 4536 963 4583 iu
983 4535 1039 4596 lleg.
1058 4535 1157 4598 Seauer.
1176 4533 1273 4586 Gobler.

73 4595 185 4659 evita.
221 4601 272 4651 llos
296 4601 352 4651 adit.
370 4599 522 4664 Parim'lleg.
541 4603 638 4662 sepner.
688 4607 713 4650 et
732 4600 836 4650 sescum.
855 4599 886 4662 1.,
915 4602 939 4652 in
963 4603 1032 4653 aditis
1056 4611 1080 4653 et
1102 4604 1156 4654 aliis
1179 4603 1272 4666 legitor.
