3022 5056
484 367 594 412 offilo
608 367 637 412 b·
646 367 762 414 cunrat
773 367 911 414 MOS·
1243 359 1307 440 263

88 516 166 582 nobis
189 517 271 582 beas
302 517 333 580 in
362 515 438 582 Filio
464 517 583 582 lamina
611 525 660 582 est
690 527 722 582 et
746 527 939 600 pennatorum
967 520 1043 584 laeta
1083 530 1132 584 eat
1160 528 1307 606 purgatio.
1318 541 1392 591 rant

89 619 202 695 Quando
223 637 318 700 porro
338 617 427 682 nabis
449 620 481 682 in
500 619 578 684 Filio
598 620 717 685 lunatas
739 629 796 698 est,
819 629 849 684 et
863 630 1052 702 pennatorum
1072 625 1210 706 purgatio
1234 629 1309 692 lacta

87 733 136 798 est,
155 721 203 785 rel
224 722 342 803 quando
363 722 456 784 taam
478 729 526 786 est
546 722 648 798 bomo,
671 723 731 788 nisi
752 731 823 804 post
835 724 1001 804 Prophetas
1016 724 1048 788 in
1062 729 1227 808 postremis
1242 729 1308 792 die-

84 823 160 888 baal
201 824 315 888 llainde
344 842 411 886 aum
447 841 548 888 sermo
577 825 619 887 ait
652 825 689 888 de
718 825 958 906 dispensatione,
992 845 1067 906 quae
1094 829 1192 892 naabi
1220 849 1309 894 eausa

85 935 215 1007 susaepta
236 933 300 1002 aot,
321 924 359 990 de
380 924 493 988 ultimis
515 926 701 1008 temporibus
724 927 813 988 rerba
835 927 947 990 lanians
969 927 1180 993 conuenienter
1201 933 1307 995 admo-

83 1037 137 1102 net,
158 1047 255 1109 neque
276 1028 427 1108 prioribus
450 1028 638 1110 temporibus
659 1027 752 1092 ileum
775 1026 915 1104 tacuisse,
938 1025 1086 1110 siquidem
1100 1049 1155 1112 per
1168 1032 1305 1114 Prophe·

84 1138 123 1192 tas
141 1129 257 1192 loarlus
280 1138 336 1192 est.
382 1129 530 1204 Quoniam
551 1130 643 1210 igitur
663 1130 831 1212 Prophetae
852 1131 1075 1208 ministravere,
1105 1139 1136 1194 el
1163 1132 1209 1194 lex
1229 1151 1305 1215 pru·

82 1230 199 1310 malgata
221 1248 276 1310 per
296 1230 426 1310 Angelos
448 1239 504 1306 est,
527 1230 693 1322 deindemte
714 1231 833 1296 advenit
846 1231 950 1306 Filius,
970 1240 1005 1296 ut
1025 1233 1092 1312 ipse
1113 1233 1305 1310 ministraret,

84 1332 245 1394 οοοεοοεοίο
267 1331 342 1394 baeo
362 1332 588 1396 rerba'intulit:
620 1333 715 1398 Tanto
741 1331 955 1414 praestanliar
981 1337 1085 1415 saetas
1108 1335 1246 1418 Annalis,
1273 1345 1308 1399 ut

84 1433 189 1496 adbeel
208 1435 389 1508 ostenderet,
412 1443 554 1515 quantum
576 1454 664 1498 serra
686 1444 819 1515 praestat
840 1435 929 1511 lilius,
952 1445 1035 1502 tanta
1059 1437 1148 1500 etiem
1170 1435 1235 1500 Filii
1252 1437 1306 1500 ad·
1425 1449 1431 1458 ·

82 1534 321 1598 ministrationem
343 1555 498 1600 serrorum
520 1537 778 1605 administratione
799 1538 1047 1618 praestantiorem
1068 1539 1171 1602 lutea.
1216 1539 1305 1602 Vete-

78 1655 136 1700 rem
156 1639 256 1718 itaapue
277 1645 308 1700 et
327 1655 436 1700 noram
463 1637 753 1700 administrationem
782 1637 968 1719 distinguens
989 1638 1153 1720 Apostolus
1180 1641 1307 1708 Mentor

78 1738 143 1802 baeu
168 1739 207 1800 ad
235 1737 363 1801 ludaeos
392 1737 510 1801 scribit:
544 1738 641 1803 Tanto
666 1743 881 1820 praestantior
907 1742 1011 1822 foetae
1043 1741 1176 1821 laralia.
1222 1742 1305 1814 Qua-

75 1849 192 1922 propter
215 1839 297 1903 nulla
316 1838 367 1904 hio
386 1859 461 1904 usus
483 1849 530 1904 ast
552 1840 785 1921 comparatione,
810 1859 868 1904 nea
889 1840 964 1903 dixit
985 1842 1081 1904 maior
1102 1842 1150 1904 rel
1169 1842 1305 1925 honora·
1378 1876 1381 1888 ν

76 1943 142 2019 dar,
170 1963 212 2005 ne
241 1941 307 2022 arria
335 1942 419 2004 illum
447 1941 581 2005 eiusdem
609 1961 645 2004 aa
671 1927 739 2004 illds
769 1961 836 2006 esse
859 1942 977 2022 genens
998 1943 1217 2023 suspimretur3
1250 1943 1306 2005 sed

71 2049 281 2126 praestantior
311 2043 399 2118 dixit,
435 2051 468 2106 ut
493 2051 616 2106 naturae
638 2043 705 2106 Filii
732 2051 763 2106 et
789 2061 889 2106 rernm
918 2051 1085 2108 ornatarum
1106 2043 1306 2108 differentiam

75 2147 302 2222 demonstraret,
327 2145 419 2226 idque
439 2163 543 2206 uerum
565 2163 634 2208 esse
656 2164 692 2208 ux
713 2143 823 2206 divinis
844 2153 927 2226 patet
948 2143 1122 2226 Suripluria.
1155 2141 1230 2208 Nam
1244 2143 1304 2206 Da-

73 2249 116 2311 rid
135 2251 175 2312 ita
195 2245 317 2330 psallit:
339 2245 557 2311 Praestantiar
579 2247 641 2310 dies
662 2265 726 2310 ana
747 2249 780 2308 ia
794 2250 886 2311 atriis
902 2250 964 2311 τοῖο
979 2265 1074 2328 aanor
1086 2245 1195 2310 miliia.
1226 2246 1306 2308 ilaec

72 2349 135 2412 item
155 2360 233 2414 sunt
253 2348 423 2412 Salomonis
443 2345 550 2412 verba:
572 2349 705 2430 Δοοὶοίοο
727 2347 918 2429 disciplinam
940 2359 969 2412 et
989 2365 1055 2412 aare
1075 2359 1252 2428 arpentum,
1273 2358 1305 2412 et

72 2455 269 2532 marinarum
286 2469 365 2533 prae
386 2469 466 2514 auro
485 2451 629 2532 probata.
665 2448 891 2538 ‘Praestantior
914 2460 960 2514 est
981 2454 1061 2512 esraa
1081 2454 1233 2532 rapiemur
1255 2449 1304 2512 ta-

68 2553 181 2631 pidabua
199 2557 373 2635 pretiorir3
400 2551 536 2634 oibilque
558 2563 603 2616 eat
622 2555 810 2633 pretiorum,
840 2552 920 2633 qaod
941 2554 983 2614 ait
1003 2549 1061 2612 illa
1083 2551 1214 2631 dranum.
1258 2551 1389 2616 tanta.

69 2671 124 2716 aaa
145 2655 231 2720 euim
254 2655 389 2718 diversae
411 2661 482 2718 suut
502 2661 625 2716 naturae
648 2659 678 2714 et
700 2651 884 2716 substantiae
905 2649 1051 2731 sapientia
1067 2650 1303 2730 etlapidester·

69 2755 150 2818 reni‘l
195 2758 357 2831 Quaenam
384 2763 483 2818 autem
505 2755 643 2835 rogantia
666 2751 742 2816 aulis
764 2751 941 2816 caelestibus
963 2769 1030 2816 aum
1052 2751 1181 2814 terrenis
1204 2750 1302 2812 dorni-

67 2857 161 2922 riliisl
207 2858 265 2920 Vel
294 2855 366 2938 (prid
393 2857 491 2920 simile
518 2864 715 2936 potestesse
744 2872 794 2916 ras
822 2864 957 2918 aeternas
987 2849 1197 2934 spiritalesque
1226 2851 1305 2912 inter

67 2975 161 3022 aeres
186 2957 319 3022 aeduaas
341 2967 371 3020 et
391 2957 561 3020 mortales?
604 2957 637 3018 ld
655 2955 734 3018 euim
750 2956 851 3036 ipsum
864 2965 920 3030 est,
943 2955 1022 3035 quod
1036 2953 1129 3017 lanias
1144 2952 1200 3014 ait:
1222 2950 1305 3014 Haec
1369 3032 1371 3038 ἲ

67 3061 133 3124 da'eit
155 3061 312 3124 Dominus
334 3059 507 3126 Munatio:
543 3059 606 3134 Qoi
628 3057 830 3123 custodierint
858 3057 986 3120 sabbam
1012 3073 1079 3120 mea
1106 3065 1136 3118 et
1158 3052 1304 3133 abuerint

67 3181 137 3242 ptrue
161 3181 216 3244 epo
241 3161 313 3226 uolo
335 3171 364 3223 et
385 3165 540 3224 tenuerint
560 3161 672 3241 fredar
692 3177 804 3232 meum,
836 3159 911 3222 dubo
934 3158 997 3220 illia
1020 3161 1054 3220 in
1076 3157 1163 3220 danae
1185 3173 1253 3218 mea
1274 3163 1304 3216 et
1327 3175 1328 3180 ¹

65 3267 95 3324 ia
115 3283 209 3328 marra
233 3281 300 3326 aneo
325 3263 423 3326 baana
445 3253 598 3334 celidrum,
617 3265 831 3344 praestantiae
846 3279 935 3342 quam
949 3257 1024 3341 filiis
1046 3267 1077 3320 et
1097 3257 1221 3339 fib'abna
1243 3273 1302 3318 au-

66 3381 128 3426 rien
150 3369 374 3444 sempiternum
396 3364 472 3428 dabo
494 3369 552 3436 eia,
581 3364 661 3446 quad
688 3380 752 3428 narr
774 3362 901 3444 deficiet.
946 3359 1089 3422 Similiter
1110 3359 1200 3438 igitur
1221 3355 1302 3420 nulla

66 3473 108 3526 est
127 3465 272 3546 cognatio
294 3464 370 3526 illio
393 3483 460 3528 oum
481 3465 619 3546 dagelis3
640 3483 675 3528 aa
694 3463 821 3545 proinde
842 3481 903 3525 nou
925 3461 1155 3543 comparationis
1178 3459 1231 3522 aad
1254 3455 1302 3521 di·

65 3713 157 3772 mder
174 3711 230 3780 nir
247 3730 279 3768 τε
293 3711 415 3768 παλαιᾶν
425 3710 472 3766 aet
488 3711 540 3798 rigo
556 3711 659 3778 κοινήν.
712 3724 736 3768 et
759 3717 815 3768 editi
836 3717 949 3768 amittunt
971 3708 1039 3765 dora.
1082 3714 1136 3764 lior
1162 3710 1302 3773 sapuerim.

60 3785 122 3838 Edill
145 3797 169 3838 et
193 3787 242 3838 alii
266 3775 322 3864 riga
377 3787 445 3834 (νων
468 3779 483 3834 d
508 3781 662 3842 endaroior
711 3785 802 3846 duplic.
822 3793 844 3835 at
863 3784 1006 3836 Fuluiani.
1025 3771 1088 3847 edl’
1108 3769 1276 3848 drepaadara.

60 3853 104 3913 τῆς
127 3869 157 3905 τε
181 3869 204 3906 rr
264 3867 309 3907 tar
330 3867 365 3903 atu
399 3852 447 3912 τῆς
469 3853 571 3914 καινῆς.
608 3855 660 3905 blan
745 3853 768 3902 lt.
786 3853 826 3902 Sia
844 3855 944 3914 Segaer.
973 3849 1112 3902 dtGoblar.
1130 3843 1303 3898 rainelmi.

60 3922 218 3974 ieltlmnni
257 3931 306 3972 .et
324 3924 381 3974 editi
400 3923 514 3974 omittant
531 3916 656 3987 τοσούτῳ
709 3919 771 3973 ταῖς
796 3910 945 3988 οὐρανίαις.
986 3919 1049 3970 liditi
1075 3917 1166 3982 aliique
1188 3909 1250 3965 τοῖς
1272 3903 1304 3960 ἐν

57 3985 191 4056 κρείττων
209 3981 363 4070 yardptar'or
383 3987 441 4038 τοῖν
458 3981 590 4056 ἀγγέλων.
710 3980 845 4054 οὐρανοῖς.

88 4061 105 4110 t.
123 4062 237 4124 Segaer.
254 4063 371 4124 emerat.
402 4057 454 4108 ldox
473 4059 535 4110 iden
555 4055 657 4120 atlnpl.
742 4057 760 4108 l.
778 4058 819 4108 Sia
837 4057 937 4119 Seauer.
956 4053 1055 4106 Gabler.
1073 4059 1097 4102 at
1109 4049 1215 4101 l'elalm.
1227 4049 1250 4098 l.
1275 4048 1303 4097 lt

58 4127 154 4180 Gubier.
182 4136 209 4178 et
230 4127 337 4180 Felakm.
350 4125 372 4178 l.
398 4119 560 4194 τιμιώτερος
582 4118 668 4190 rard-1
708 4125 732 4176 in
756 4125 857 4188 Seguer.
880 4123 930 4172 rot
956 4121 1083 4171 omittitur.
1124 4117 1169 4168 atii
1193 4124 1218 4166 et
1244 4114 1302 4168 edlti

53 4207 142 4260 puer.
182 4196 214 4247 la
236 4195 307 4246 editis
326 4187 657 4262 etaliisdeeatyrro'peror.
707 4187 853 4241 καὶτοῦτο
870 4183 927 4255 γὰρ
947 4179 1095 4239 d‘Haaiaa.

55 4263 127 4314 Panlo
153 4271 221 4332 post
246 4263 346 4326 Seram.
369 4253 495 4326 νᾷκεῖνόν
520 4276 563 4318 τις
584 4255 658 4328 ieri·
741 4273 774 4310 m.
792 4259 833 4309 Sia
850 4259 907 4320 lies.
924 4255 998 4307 Brail.
1023 4261 1047 4304 et
1066 4251 1156 4316 lnglio·
1179 4259 1205 4303 at
1222 4259 1247 4302 et
1263 4251 1301 4302 le·

55 4341 143 4393 'im-
511 4383 519 4395 ,
707 4329 772 4392 altar
789 4326 853 4377 lieri.
868 4325 915 4385 bd,
934 4323 959 4374 t.
1002 4322 1102 4440 &w
1127 4311 1298 4386 Μεγοοποο.

84 4417 106 4464 ς.
124 4401 247 4452 Felebnn
258 4399 283 4450 b,
300 4393 426 4464 γενητοὶ.
706 4395 751 4446 litt
770 4403 794 4445 et
812 4393 885 4444 editio
905 4389 1022 4442 Commii.
1086 4383 1200 4446 ἕξονται

85 4469 107 4518 lu
126 4469 243 4531 sepner.
266 4467 365 4519 Goblar.
391 4474 415 4518 et
439 4465 546 4518 l'alalrn.
564 4465 587 4517 l.
604 4462 657 4514 Σο·
739 4475 765 4515 a.
782 4463 824 4514 Sia
841 4461 941 4524 Sessar.
959 4457 1059 4511 Goltler.
1076 4465 1100 4508 et
1110 4457 1214 4510 ielelm.
1225 4455 1250 4506 l.
1271 4456 1300 4532 lt

54 4527 209 4603 bffimf·
707 4531 748 4584 alil
766 4539 791 4582 et
808 4529 864 4580 editi
891 4525 941 4577 rari
957 4519 1029 4578 aiod.
1066 4526 1119 4578 box
1135 4527 1236 4590 Segaar.
1255 4533 1301 4568 aa·

85 4607 166 4657 tsie
185 4600 451 4668 Semianimes,
470 4599 510 4654 tu.
543 4601 657 4687 dliirpra
707 4609 757 4662 aur
774 4591 939 4665 συγγενείας.
1029 4641 1034 4646 .
