3110 5064
230 337 272 402 32
433 369 436 376 ,
751 347 925 394 rmsrrrto.

228 505 304 570 locis
326 506 362 568 ad
384 502 567 568 refutandam
589 498 728 563 haeresin
743 509 773 562 et
787 497 1020 562 confirmandam
1041 497 1131 560 fldem
1145 497 1303 562 iliraenam
1323 503 1460 561 uteretru

231 607 403 689 etquidem
425 605 481 667 alia
511 603 627 666 ratione
660 611 746 682 atque
779 600 963 681 antiquiores
991 599 1132 662 ecdesias
1164 601 1304 662 domares
1326 617 1459 662 consue-

231 711 356 782 vissent,
380 707 510 769 broriter
531 714 565 768 er
581 701 776 786 probabiliter
804 703 905 766 docuit
931 702 1010 765 idem
1032 701 1117 764 llicb.
1139 702 1245 764 Simon
1266 701 1286 762 Ι.
1309 700 1329 762 Ι.
1351 717 1383 782 p.
1405 703 1459 765 nl.

232 811 280 874 bis
302 809 419 872 rerbist
441 807 592 870 Noritates
613 809 720 882 (norae
743 805 909 868 sermatiae
931 812 962 866 et
981 804 1265 883 argumentationes)
1285 801 1347 864 Arii
1370 821 1461 866 occa-

98 909 102 913 ’
232 912 348 975 sionem
371 909 477 972 dabant
499 907 659 970 Athanasio
681 908 794 969 maiore
815 924 902 982 cura,
925 923 1013 987 quarn
1035 903 1174 968 idantea
1196 906 1322 978 lactum,
1345 904 1462 966 exami-
1550 885 1551 950 ἶ

232 1014 321 1076 nandi
344 1019 403 1074 tana
427 1009 536 1072 veteris
558 1027 645 1090 quarn
666 1008 736 1071 nori
767 995 934 1070 testamenti
961 1007 1046 1069 locos
1068 1006 1105 1068 ad
1134 1005 1225 1068 lilium
1247 1005 1296 1066 del
1319 1013 1463 1086 spectan-

232 1125 289 1178 tes.
334 1112 514 1192 Theologiae
536 1129 572 1172 eo
595 1119 729 1190 tempore
751 1127 827 1172 nora
859 1108 1073 1172 accendebatur
1094 1107 1160 1180 lux,
1193 1116 1224 1170 et
1245 1123 1336 1187 quum
1358 1106 1464 1170 disee-

230 1217 378 1298 ptaticnes
399 1215 465 1276 illae
486 1213 677 1276 Alexandriae
700 1219 820 1276 exortae
842 1219 960 1300 essent,
989 1210 1039 1271 nbi
1063 1209 1213 1272 dialectica
1234 1208 1374 1282 llorebat,
1405 1209 1463 1272 de-

229 1315 441 1380 monstrationi
473 1315 638 1392 scripturae
670 1313 845 1393 iungebator
876 1311 1074 1375 ratiocinatio.
1124 1309 1201 1374 llinc
1231 1327 1302 1372 vero
1334 1329 1463 1390 magnas
1551 1311 1552 1342 ³

231 1420 371 1499 deinceps
395 1423 498 1479 enatae
520 1424 590 1478 sunt
612 1415 846 1488 controversiae,
870 1413 1017 1494 siquidem
1040 1411 1188 1492 quaelibet
1208 1429 1279 1490 pars
1301 1429 1353 1484 ea,
1383 1429 1465 1492 quae

232 1539 268 1583 ex
290 1519 409 1599 scriptis
431 1515 677 1597 evangelistarum
701 1525 731 1580 et
751 1515 955 1596 apostolorum
978 1515 1181 1578 ratiocmando
1204 1513 1380 1589 alliciebant,
1404 1533 1465 1594 pro

231 1639 308 1702 puro
331 1619 378 1681 dei
401 1618 490 1680 verbo
513 1618 610 1696 putari
631 1617 778 1681 nolebant.
822 1617 922 1680 Ariani
945 1616 1172 1697 expostulabant
1199 1633 1265 1678 oum
1294 1615 1464 1689 catholicin,

232 1722 312 1804 quod
334 1740 423 1783 voces
446 1729 475 1781 et
496 1720 639 1782 lormnlas
661 1721 692 1782 in
723 1720 898 1800 religionem
927 1718 1129 1793 induxissent,
1158 1735 1235 1798 quae
1261 1716 1292 1776 in
1314 1716 1466 1796 scriptura

233 1843 317 1886 saara
340 1841 400 1885 non
434 1829 594 1884 exstarent
639 1821 671 1883 S.
694 1821 871 1884 Athanasius
887 1827 1007 1882 'matra
1039 1819 1200 1900 probabat,
1221 1817 1348 1880 Arianos
1370 1833 1477 1884 roceo·
1552 1855 1553 1872 ν

232 1924 378 1988 eiusmodi
401 1940 527 1986 narasse
549 1923 642 1985 mnlto
665 1923 776 2002 plures.
822 1922 864 1983 lta
887 1922 995 1982 lartum
1018 1928 1082 1994 eal,
1105 1929 1138 1982 nt
1159 1928 1284 1999 utraque
1304 1937 1375 2000 pars
1398 1939 1467 1982 non

232 2025 328 2088 solnm
351 2023 510 2105 expressis
523 2024 600 2086 sacri
616 2023 726 2086 codicis
742 2021 923 2085 testimoniis
945 2022 1099 2097 niteretur,
1122 2022 1175 2084 sed
1197 2023 1286 2084 stiam
1301 2037 1467 2100 argumen-

231 2127 270 2190 tis
293 2145 349 2207 per
369 2126 612 2206 consequentiam
634 2125 704 2186 inde
725 2125 831 2198 dumis,
854 2143 910 2186 nac
925 2123 1023 2186 minus
1045 2122 1204 2186 traditione
1226 2122 1376 2202 exegetica
1399 2124 1467 2186 sire

231 2226 529 2308 interpretationibus
551 2226 753 2306 antiquiorum
775 2226 916 2288 ecclesiae
939 2227 1153 2305 scriptorum.“
1168 2257 1209 2268 -
1232 2223 1350 2286 Etenim
1373 2225 1466 2290 Arius

232 2329 270 2392 ab
290 2329 422 2392 aniano
444 2327 619 2408 presbytero
641 2327 842 2402 Anbocbeno,
877 2326 1061 2399 arridetur,
1093 2327 1246 2406 prolectas
1279 2343 1344 2388 cum
1368 2327 1467 2390 sociis
1553 2393 1554 2406 ,

233 2431 295 2494 suis
328 2429 558 2512 profitebantur,
592 2430 816 2491 tundamentum
839 2428 972 2491 veritatis
1005 2428 1136 2506 positum
1170 2445 1238 2490 esse
1259 2427 1291 2488 in
1313 2415 1467 2509 scriptura
1553 2427 1554 2438 ’

234 2549 317 2594 sacra
339 2549 463 2611 eamque
485 2531 647 2594 secundum
670 2549 791 2592 sensum
814 2531 989 2592 historicum
1012 2529 1074 2591 sire
1095 2529 1131 2590 ad
1153 2529 1280 2590 litteram
1309 2529 1468 2609 explican-

233 2632 300 2696 dam
323 2651 402 2694 esse.
447 2633 548 2712 ltaque
582 2631 620 2695 ab
651 2631 737 2694 initio
770 2632 990 2694 controversiae
1019 2648 1084 2693 cnm
1107 2628 1288 2704 Alexandro,
1316 2631 1468 2712 episcopo

230 2734 440 2809 Alexandrino,
464 2735 499 2796 ad
523 2734 712 2796 evertendum
736 2733 843 2814 dogma
865 2733 901 2796 de
923 2733 1073 2796 divinitate
1090 2731 1197 2794 Christi
1218 2731 1364 2810 plurimos
1386 2751 1468 2812 pro-

231 2838 365 2900 ferebant
388 2837 570 2916 scripturae,
605 2833 730 2896 maxime
753 2835 788 2896 Ν.
811 2835 846 2895 Τ.
870 2834 963 2908 locos,
997 2833 1156 2913 inquibus
1180 2833 1217 2894 de
1239 2831 1358 2896 Christo
1382 2834 1468 2898 dicta

233 2945 345 3010 essent,
368 2955 443 3017 qnae
464 2954 526 2996 non
548 2945 674 3016 possent
696 2954 763 2997 com
785 2935 841 2996 hac
855 2935 968 2997 scilicet
982 2933 1187 2996 commenticia
1210 2934 1363 2997 divinitate
1385 2955 1467 2999 con-

232 3037 348 3112 ciliari3¹
372 3036 542 3098 testimonla
565 3053 635 3097 rern
668 3037 848 3116 scripturae,
883 3035 989 3114 quibus
1012 3035 1148 3098 catholici
1171 3039 1350 3100 sententiam
1374 3055 1466 3102 suana

231 3139 399 3208 tuebantur,
423 3135 631 3212 improbabant
652 3155 744 3216 eaque
766 3137 824 3198 alio
847 3153 939 3198 sensu
954 3137 1122 3216 accipienda
1139 3156 1207 3200 esse
1223 3137 1469 3204 contendebant:

231 3240 268 3302 id.
290 3239 370 3319 qnod
399 3237 563 3301 Alexander
592 3237 657 3316 ipse
687 3238 832 3317 significat
860 3237 889 3298 in
914 3255 960 3317 ep.
984 3237 1019 3298 ad
1041 3237 1238 3300 Alexandrum
1267 3239 1314 3302 bis
1343 3239 1468 3306 verbis:

231 3337 345 3405 πᾶσάν
366 3361 403 3403 τε
425 3330 526 3402 αὐτοῦ
548 3337 607 3422 τῆς
628 3342 792 3423 σωτηρίου
821 3335 1011 3420 οἰκονομίας
1036 3337 1090 3402 καὶ
1114 3330 1156 3402 δι’
1179 3331 1266 3422 ἡμᾶς
1293 3339 1469 3408 ταπεινώ-

232 3461 317 3517 σεως
351 3435 465 3526 φωνὴν
497 3434 720 3521 ἐκλεξάμενοι,
753 3436 789 3518 ἐξ
810 3431 918 3503 αὐτῶν
951 3443 1153 3524 σοναγοὶροιν
1185 3443 1369 3524 πειρῶνται
1401 3445 1469 3528 τῆς

232 3533 386 3626 &edelar
414 3538 543 3606 ἑαυτῶν
568 3536 607 3603 τὸ
634 3537 796 3627 κήρυγμα,
824 3540 884 3623 τῆς
912 3531 1056 3626 ἀρχῆθεν
1083 3538 1246 3626 θεότητος
1274 3535 1376 3606 αὐτοῦ
1402 3546 1465 3613 καὶ

230 3641 325 3730 παρὰ
345 3643 393 3727 uqi
415 3638 519 3725 πατρὶ
542 3638 639 3727 δόξης
661 3635 797 3708 bilance
819 3637 897 3718 τοὺς
911 3629 1028 3726 ibycus
1050 3635 1350 3728 ἀποστρεφόμενοι.
1396 3645 1470 3710 Ηοο

231 3755 292 3808 est:
325 3745 520 3826 collectisque
543 3747 680 3808 omnibus
702 3744 826 3808 cambus
857 3743 994 3809 salertam⁸
1023 3748 1087 3808 eius
1120 3749 1330 3810 incarnationi
1354 3765 1469 3820 suru-

226 3843 357 3931 ptbeque
375 3855 506 3927 propter
526 3863 584 3908 noa
607 3847 773 3909 lumr'lr'tott
794 3846 1039 3925 congruentibus,
1062 3849 1182 3926 inspiras
1204 3865 1243 3908 en
1264 3847 1311 3910 bts
1331 3851 1469 3928 proedo·-

236 3957 383 4014 con'onans
406 3949 543 4028 conflare
572 3951 732 4017 m‘tuntur,
748 3965 752 3972 ·
766 3947 876 4020 verbo,
898 3948 1005 4024 qulbus
1028 3957 1156 4009 aeterno
1178 3952 1242 4010 nus
1266 3949 1410 4012 dr'ar'nr'toa
1437 3963 1471 4014 et

229 4049 396 4132 luffrb'lls
418 4051 502 4133 opud
518 4059 641 4130 patrem
661 4048 763 4129 qlorr'n
792 4047 984 4121 declaratur,
1014 4061 1203 4112 aversantes.
1248 4048 1333 4112 Conl.
1355 4049 1466 4112 Then-

230 4151 328 4212 doret.
350 4151 421 4214 hist.
444 4148 670 4214 eccles.lih.1.
694 4167 757 4229 cap.
780 4152 809 4215 3.
834 4150 878 4212 ed.
903 4149 967 4212 llal.
989 4149 1077 4210 Tona.
1099 4149 1150 4212 ltt
1172 4169 1201 4230 p.
1227 4152 1299 4215 729.
1344 4150 1464 4214 Catho-

228 4249 277 4314 lici
311 4269 372 4313 non
406 4253 569 4334 negabant,
602 4250 779 4332 scripturam
812 4253 925 4314 fontem
958 4269 1027 4314 esse
1060 4259 1089 4314 et
1117 4269 1253 4315 normam
1286 4250 1464 4332 dogmatum

230 4351 477 4426 christianorum,
510 4351 624 4416 neoda
647 4364 837 4434 grammatica
859 4363 889 4416 et
910 4353 1052 4416 historica
1080 4351 1224 4418 librarum
1246 4351 1282 4416 N.
1305 4351 1339 4416 Τ.
1363 4353 1464 4416 inter-

227 4455 397 4538 pretatione
417 4453 642 4530 dissentiebant,
664 4456 720 4520 nisi
743 4457 823 4537 quod
845 4455 979 4535 singulos
1001 4456 1085 4520 lacos
1107 4455 1271 4520 secundnm
1293 4453 1464 4534 analogiam

229 4558 394 4640 scripturae
422 4553 612 4638 regulamque
646 4558 716 4622 ndei
745 4557 986 4640 interpretandos
1016 4578 1085 4623 esse
1114 4557 1270 4622 docebant.
1313 4557 1358 4620 ita
1387 4575 1465 4620 roro
