3158 5050
504 385 620 429 onnrro
636 383 674 426 ιν.
692 383 808 427 connum
823 383 961 428 rennos.
1275 369 1337 432 ote

92 558 180 602 esse
200 537 317 612 lilium,
340 537 463 618 soleque
484 535 663 616 cogitatione
685 553 796 598 nomen
810 533 877 596 Filii
892 533 989 598 Verbo
1016 532 1106 596 tribui
1128 533 1240 608 volunt,
1264 547 1426 598 vanceoee.

93 641 229 721 utrique
252 648 369 702 conatu.
1380 628 1383 637 ’

195 745 228 806 9.
272 741 334 822 Epo
358 752 386 804 et
407 741 618 804 Paterninum
640 759 754 803 sumus.
799 739 850 802 Vel
873 739 932 801 duo
955 757 1010 800 vos
1033 757 1125 800 unum
1148 759 1215 801 esse
1231 739 1338 813 dicitis,

95 844 153 906 vel
171 862 264 906 unum
287 841 396 924 duplici
417 843 540 906 nomine
562 851 700 904 ornatum
724 861 802 916 esse,
826 842 979 926 relunum
995 841 1025 902 in
1041 841 1101 902 duo
1117 859 1186 903 esse
1202 842 1337 903 divisum.

97 947 135 1007 Si
154 963 252 1009 uuum
274 945 305 1006 in
327 945 387 1007 duo
409 944 537 1008 divisum
562 951 619 1018 est,
643 963 767 1007 necesse
790 952 838 1006 est
851 960 961 1024 corpus
974 943 1095 1016 esseid
1120 944 1198 1022 quod
1212 943 1340 1005 diuisum

97 1057 165 1122 cst,
189 1055 388 1128 neutrumque
411 1049 683 1127 comperfectum,
707 1047 815 1127 quippe
837 1065 905 1108 cum
927 1053 1085 1124 utrumque
1106 1063 1176 1125 pars
1199 1045 1255 1117 sit,
1279 1061 1340 1106 non

97 1169 181 1211 vero
204 1157 309 1212 totum.
354 1148 412 1224 Sed
436 1149 462 1210 si
483 1167 576 1210 unum
599 1157 647 1210 est
669 1147 778 1228 duplici
801 1159 938 1210 ornatum
961 1146 1097 1219 nomine,
1121 1147 1194 1208 baec
1216 1146 1336 1208 Sabattit

98 1251 256 1313 sententia
278 1259 339 1325 cst,
368 1249 419 1330 qui
441 1250 559 1312 Patrem
585 1249 741 1312 etlilium
766 1249 891 1312 eundem
915 1267 983 1311 csse
1006 1247 1108 1318 docet,
1132 1255 1162 1308 et
1183 1257 1341 1326 utromque

99 1353 201 1426 tollit,
234 1353 352 1414 Patrem
380 1352 515 1432 quidem,
550 1371 616 1414 cum
638 1351 732 1414 Filius
756 1359 817 1424 est,
840 1349 946 1413 Filium
968 1369 1055 1422 vero,
1086 1367 1152 1412 cum
1175 1355 1222 1410 est
1242 1347 1339 1411 Peter.

102 1454 246 1528 Quodsi
269 1453 328 1516 duo
351 1471 444 1516 unum
467 1455 545 1524 siut,
575 1471 700 1516 necesse
730 1446 777 1515 e'st
797 1453 867 1514 illos
890 1454 965 1516 duos
988 1453 1107 1532 quidem
1131 1469 1214 1524 esse,
1250 1469 1339 1514 unrrm

99 1575 180 1618 vero
198 1553 370 1645 ¹oeoundum
400 1554 585 1618 divinitatem
616 1563 659 1616 et‘
673 1563 833 1635 quatenus
849 1555 940 1616 Filius
963 1555 1042 1616 Patri
1072 1562 1120 1616 est
1141 1552 1340 1614 consubstan-

101 1657 189 1720 tialis
210 1664 241 1718 ct
263 1675 299 1718 ex
322 1656 390 1736 ipso
412 1655 500 1717 Patre
522 1656 651 1719 Verbum
674 1657 793 1731 estiis
816 1666 849 1720 ut
871 1658 930 1720 duo
954 1655 1074 1742 quidem
1097 1655 1166 1728 sint,
1190 1655 1258 1734 quia
1281 1655 1339 1716 Pa·

101 1767 154 1820 ter
177 1770 234 1831 est,
258 1767 288 1820 et
309 1757 401 1820 Filius
423 1757 503 1838 quod
525 1765 572 1819 est
593 1757 731 1830 Verbum,
755 1776 845 1820 unum
868 1767 976 1830 eutem,
999 1757 1160 1837 quialleus
1181 1771 1260 1819 unus
1283 1765 1339 1817 est.

102 1859 182 1922 Nam
204 1859 264 1921 nisi
285 1859 326 1920 ita
349 1860 398 1932 sit,
421 1859 579 1924 dicendum
602 1866 682 1922 certe
705 1860 746 1922 illi
771 1869 849 1922 erat:
872 1859 933 1939 Ego
957 1877 1022 1920 sum
1038 1858 1136 1931 Pater,
1159 1857 1205 1918 rel
1226 1857 1288 1937 Ego
1312 1865 1342 1918 et

102 1961 196 2023 Peter
217 1979 295 2024 sum.
340 1959 425 2022 Nunc
444 1979 517 2022 vero
541 1961 599 2022 ieta
619 1976 693 2022 voce
708 1961 770 2040 llpo
786 1961 894 2022 Filium
915 1960 1075 2040 significan
1098 1959 1263 2038 genitorem
1286 1977 1340 2019 au-

104 2073 184 2137 tern,
213 2081 281 2126 oum
301 2061 404 2126 subdit
425 2074 454 2126 et
475 2061 585 2134 Peter,
615 2061 743 2142 denique
771 2061 901 2124 dictione
920 2080 1018 2126 unum
1039 2077 1128 2121 unsm
1157 2059 1342 2121 divinitatem
1409 2063 1412 2068 '
1502 2049 1509 2058 ’

103 2183 251 2245 suumque
273 2164 408 2244 designat
430 2163 778 2248 consubstantialitatem.
806 2163 886 2246 ‚Noc
907 2163 996 2235 enim,
1020 2170 1053 2224 ut
1073 2159 1206 2224 Gentiles
1226 2167 1340 2240 putant,

105 2268 187 2330 idem
210 2274 257 2330 est
278 2265 400 2346 sapiens
422 2274 452 2329 et
473 2265 634 2346 sapientia,
668 2265 712 2328 rel
736 2265 813 2328 idem
836 2267 924 2330 Pater
952 2263 1147 2337 «atvertum,
1178 2262 1340 2332 absurdum

106 2369 189 2431 enirn
211 2375 258 2430 est
280 2367 408 2429 eundem
430 2367 476 2430 sui
500 2368 596 2448 ipsius
618 2375 734 2448 patrem
757 2385 843 2441 esse,
876 2387 980 2428 rerum
1004 2367 1103 2428 divina
1125 2365 1259 2426 doctrina
1281 2363 1339 2426 Pa·

105 2479 183 2532 trem
205 2477 237 2532 et
258 2468 366 2532 Filium
386 2470 478 2544 norit,
501 2469 667 2548 sapientem
690 2477 720 2530 et
742 2470 928 2548 sapientiam,
952 2469 1046 2532 Deum
1068 2466 1251 2538 etl'erbum
1274 2483 1339 2526 ma-

44 2595 50 2606 1
105 2571 186 2633 xime
207 2579 306 2634 autem
329 2579 421 2645 cavet,
444 2571 575 2652 nequid
598 2571 761 2645 dividuum,
784 2571 961 2634 dissolubile
975 2571 1021 2632 vel
1037 2567 1201 2648 separabile
1217 2567 1340 2629 omnino

107 2673 138 2736 iu
159 2673 223 2736 lleo
244 2674 388 2737 admittet.

195 2781 244 2842 10.
266 2757 269 2766 ⁴
291 2775 429 2838 Ceterum
457 2776 484 2837 si
512 2775 580 2854 quis
608 2775 686 2836 duos
713 2793 781 2836 cese
801 2774 920 2836 Patrem
951 2769 1108 2834 etlilium
1136 2769 1260 2832 audiens
1282 2784 1425 2830 nosncrr.

108 2878 318 2954 calumnietur,
352 2877 437 2957 quasi
466 2877 517 2958 qui
546 2877 623 2940 duos
644 2875 723 2938 Deos
746 2875 920 2938 inducamus
953 2871 1099 2950 (nonnulli
1129 2871 1208 2934 enim
1230 2870 1260 2932 id
1284 2870 1340 2932 sibi

107 2981 238 3060 fingunt,
269 2979 430 3059 statimque
462 2994 519 3042 nos
541 2979 589 3041 bis
611 2977 710 3040 verbis
731 2977 872 3039 irrident:
900 2975 961 3038 Vos
984 2976 1061 3038 duos
1084 2974 1157 3036 deos
1181 2973 1339 3050 asseritis),

108 3082 280 3146 huiusmodi
300 3079 473 3144 bominibus
497 3082 543 3144 sic
564 3080 808 3160 respondendum
829 3085 890 3140 est:
913 3077 944 3139 Si
968 3077 1007 3152 ie,
1029 3077 1079 3156 qui
1102 3075 1219 3140 Putrem
1243 3083 1273 3138 et
1289 3075 1339 3136 Fi-

108 3187 181 3250 lium
202 3184 346 3264 agnoscit,
370 3184 445 3246 duos
468 3181 542 3244 deos
565 3183 647 3257 dicit,
670 3199 796 3244 necesse
818 3188 866 3242 eet
887 3179 1031 3259 igitur'ut
1051 3177 1127 3242 Filio
1151 3177 1341 3257 repudiatos

110 3286 238 3350 Sabellio
260 3293 336 3361 stet,
366 3285 415 3364 qui
444 3302 536 3348 unum
558 3301 628 3346 esse
650 3284 753 3348 credit.
798 3282 930 3361 Namque
953 3281 980 3342 si
1003 3281 1045 3353 is,
1074 3280 1125 3360 qui
1153 3277 1230 3340 duos
1260 3277 1340 3351 dicit,

111 3389 233 3452 Gentilis
255 3396 318 3461 est,
340 3386 430 3466 igitur
451 3385 517 3459 ille,
541 3386 591 3466 qui
613 3404 705 3448 unum
727 3385 814 3460 dicit,
838 3382 1025 3445 Sabellionus
1048 3389 1103 3444 est.
1144 3380 1257 3442 'Verum
1279 3397 1341 3440 non

112 3493 151 3554 ita
171 3511 205 3553 sc
225 3507 276 3552 ree
299 3489 404 3562 babet,
433 3488 526 3564 absit3
555 3489 610 3552 sed
631 3487 880 3568 quemadmodum
902 3485 945 3559 is,
968 3483 1018 3564 qui
1041 3483 1160 3544 Patrem
1183 3480 1341 3542 etlilium

113 3594 186 3655 duos
214 3610 285 3670 esse
315 3591 465 3672 agnoscit,
497 3609 588 3654 unum
610 3590 704 3652 lleurn
727 3607 795 3651 esse
817 3587 991 3660 confitetur,
1020 3584 1059 3646 ita
1082 3583 1146 3655 ille,
1174 3581 1224 3660 qui
1247 3581 1340 3641 Deum

112 3711 200 3756 unum
222 3693 327 3768 credit,
348 3694 467 3755 Putrem
490 3693 647 3754 etlilium
669 3691 745 3752 duos
769 3689 869 3751 ccedet
891 3705 970 3764 esse,
998 3687 1165 3748 sedunum
1189 3681 1340 3744 divinitate

114 3801 145 3856 et
163 3803 306 3874 quatenus
334 3799 370 3857 ei
392 3795 479 3858 Patre
501 3801 603 3854 natum
625 3789 756 3854 Verbum
785 3789 821 3852 ab
852 3791 919 3870 ipso
942 3788 1030 3850 Patre
1053 3803 1109 3847 uec
1130 3782 1263 3864 separari
1285 3799 1341 3844 nec

113 3895 198 3958 dividi
220 3915 276 3958 nec
297 3897 546 3976 seiungispotest.
590 3893 738 3965 Humano,
762 3891 789 3954 si
809 3891 915 3971 placet,
937 3892 1057 3952 utamur
1071 3885 1216 3966 exemplo.
1262 3882 1340 3964 lgnio

113 4005 143 4059 et
162 3997 303 4078 splendor
325 4015 361 4059 en
384 4016 419 4060 eo
443 4004 528 4057 ortus
551 3995 611 4057 duo
632 3993 751 4073 quidem
775 4001 861 4066 sunt,
893 4001 1039 4072 quatenm
1068 3989 1199 4052 existunt
1221 3993 1251 4046 et
1273 4002 1340 4046 cer-

146 4219 162 4269 i.
185 4217 257 4268 basil.
280 4225 305 4268 ct
327 4217 419 4282 duplic.
444 4210 601 4282 φυλάττειν.
649 4213 699 4262 lbi·
784 4213 807 4263 b.
825 4212 916 4274 duplic.
935 4203 991 4258 ἕνα.

113 4288 164 4338 deor
188 4287 245 4346 lies.
269 4286 371 4349 Seguer.
389 4283 487 4336 Gobler.
511 4289 535 4332 et
558 4281 662 4330 Felclro.
680 4282 699 4331 l.

112 4345 348 4471 mm
441 4359 466 4401 ιι
556 4343 604 4397 e
622 4340 700 4397 rr·
750 4313 865 4432 cto?
879 4307 1300 4446 le22²lr⁸2c¹elee⁰t¹rrt
1319 4315 1343 4425 :t

145 4505 164 4554 ⁸·
257 4497 281 4540 0²
299 4481 443 4552 Ser-²*
949 4441 1210 4562 ‘r

114 4573 174 4686 ἧς·
184 4557 347 4678 mmm
367 4564 404 4608 ⁰⁵¹
447 4565 506 4619 ⁷⁸⁶³
533 4561 559 4602 ¹¹²
576 4560 599 4604 ⁰²
617 4551 658 4602 ⁸¹³¹
676 4559 700 4602 ⁰¹
751 4585 830 4637 ceam
848 4593 873 4636 e
889 4583 962 4635 enm
975 4579 1092 4634 commen
1112 4575 1151 4644 τῷ
1169 4572 1197 4635 tr
1215 4569 1307 4626 αὐτοῦ.
