3158 5050
539 317 649 376 enarro
666 334 706 376 rv.
723 333 839 378 coarat
853 332 991 384 munos.
1231 369 1236 380 .
1295 319 1355 384 ott
1458 369 1466 382 ,

125 507 248 570 quoque
268 485 363 560 tibus,
395 485 442 548 vei
468 485 569 565 potius
596 484 663 564 ipse
690 501 779 546 verus
808 483 847 546 sit
868 481 961 560 Filius
990 501 1115 546 necesse
1146 484 1267 546 omnino
1302 493 1444 560 estraes

124 599 252 673 propter
274 607 361 671 quem
384 588 496 650 seilicet
517 587 566 648 alii
589 587 641 648 tilii
664 585 840 648 efficiuntur.

214 695 266 758 22.
312 690 490 770 Ceteroquin
513 689 540 750 si
561 688 611 750 iiie
633 706 694 749 oon
717 687 757 748 sit
777 687 873 760 tilius,
906 694 936 748 et
957 703 1014 746 nos
1036 686 1088 748 filii
1111 705 1233 761 sumus,
1257 689 1358 769 utique

126 813 190 858 uon
211 793 290 858 illius
311 791 366 856 sed
388 791 486 854 nostri
506 798 591 870 pater
612 789 671 851 erit
691 789 780 864 Deus.
824 787 883 850 Cur
905 807 976 866 ergo
998 787 1028 848 id
1051 787 1109 850 sibi
1133 797 1271 869 unquam
1285 803 1444 870 pro-raet.

1 935 2 938 =
126 897 227 978 prium
256 895 304 958 bis
331 893 430 956 verbis
459 893 610 955 vendicat:
639 891 734 954 Potor
760 909 844 952 meus
866 897 896 952 et
917 889 979 970 ,Epo
1003 909 1041 952 en
1063 888 1181 953 Putre?
1200 974 1204 982 ν
1225 892 1257 953 Si
1279 893 1359 956 enim

126 997 295 1062 communis
318 995 450 1058 omnium
470 1003 557 1076 pater
579 1002 641 1068 est,
669 1011 730 1054 uon
759 992 825 1054 eius
848 990 941 1055 solius
964 999 1010 1052 est
1030 999 1129 1071 peter,
1159 1010 1255 1071 neque
1276 993 1360 1056 solus

1 1138 2 1141 =
126 1102 179 1164 ille
200 1119 237 1163 ex
258 1099 345 1162 Patre
367 1095 466 1160 exirit.
519 1094 670 1157 interdum
693 1099 791 1156 autem
814 1099 954 1154 nostrum
976 1092 1064 1154 eu'em
1085 1101 1199 1172 petrem
1223 1091 1280 1155 diei
1302 1093 1360 1156 do-

126 1213 186 1280 oet,
209 1202 248 1266 ob
271 1219 356 1264 suam
378 1198 491 1262 soilioet
512 1215 579 1260 eum
596 1204 699 1258 nostra
715 1214 803 1258 oerue
818 1195 1070 1258 communionem.
1102 1195 1268 1256 ldeoenior
1284 1194 1360 1256 Ver·

125 1307 201 1370 bum
222 1323 291 1368 earo
314 1304 422 1365 suetum
446 1308 507 1373 est,
542 1307 574 1362 ut
596 1297 736 1378 quoniam
758 1297 887 1359 Verbum
909 1304 956 1359 est
976 1296 1087 1370 Filios,
1110 1305 1234 1377 propter
1255 1295 1361 1360 Filium

126 1411 161 1470 in
182 1406 271 1470 nobis
300 1404 480 1467 habitantem
512 1411 616 1464 noster
638 1417 757 1480 quoque
779 1407 863 1479 peter
884 1399 1092 1480 appellaretur.
1137 1398 1227 1472 Nem,
1256 1397 1361 1476 iuquit,

124 1513 212 1575 mitit
232 1507 384 1589 Spiritum
406 1505 479 1566 Fr'ir’r‘
498 1508 550 1565 sui
569 1506 601 1565 ia
624 1502 718 1565 cordo
739 1512 851 1566 nostro
874 1499 1052 1566 clamentem
1066 1501 1149 1563 ibbo
1164 1499 1266 1562 Pater.
1298 1498 1361 1560 ita·

125 1630 187 1692 que
207 1609 309 1684 Filius,
332 1606 383 1688 qui
404 1605 435 1666 in
458 1602 546 1668 nobis
568 1611 625 1675 est,
648 1601 803 1682 proprium
826 1619 913 1662 suum
928 1601 1047 1662 Patrem
1063 1599 1204 1662 insomne
1226 1601 1360 1660 nostrum

125 1714 218 1776 etiam
240 1719 352 1792 petrem
375 1706 502 1780 anobis
524 1704 665 1785 appellari
688 1703 832 1766 coneedit.
876 1702 1086 1766 Verumtamen
1101 1702 1131 1762 in
1148 1719 1274 1780 quorum
1290 1719 1360 1762 cor-

125 1813 218 1878 dibus
240 1813 332 1874 Filius
353 1829 415 1872 nou
437 1815 494 1882 est,
517 1827 573 1873 neo
595 1806 684 1868 etiam
706 1805 785 1868 Deos
808 1823 913 1867 eorum
936 1813 1022 1885 pater
1043 1804 1100 1865 tiioi
1123 1811 1233 1882 potest.
1270 1801 1362 1880 igitur

125 1917 158 1982 si
178 1917 268 1980 homo
290 1921 414 1994 propter
434 1910 562 1972 Verbum
585 1908 677 1971 Filius
700 1907 823 1979 dieitur,
853 1925 919 1969 oum
943 1913 1076 1978 veteres,
1107 1911 1264 1982 antequam
1286 1901 1361 1964 Ver·
1476 1963 1479 1966 ,

123 2020 201 2082 bum
222 2018 380 2079 humanam
395 2011 591 2077 assumsisset
611 2018 758 2083 naturam,
781 2007 837 2070 titii
856 2010 918 2070 siut
931 2007 1078 2088 appellati,
1100 2005 1223 2072 omniuo
1239 2021 1362 2066 neeesse
1424 2055 1427 2060 .

118 2129 177 2184 ,est
198 2118 327 2182 Verbum
347 2115 435 2178 etiem
457 2121 525 2176 aute
548 2131 644 2178 suum
659 2111 816 2173 adrentum
839 2109 946 2172 Filium
968 2107 1072 2171 fuisse.
1116 2107 1194 2168 Hinc
1216 2106 1264 2166 iila
1279 2105 1362 2168 Sori-

124 2231 235 2306 ptorre
255 2220 361 2284 rerba:
390 2217 483 2281 Filios
505 2218 610 2298 penui,
624 2222 669 2292 ιει
691 2213 722 2276 in
744 2212 870 2276 historie
892 2211 973 2272 Noe:
1000 2209 1135 2274 Videutes
1158 2209 1219 2290 filii
1238 2208 1309 2279 Dei,
1332 2214 1363 2270 et
1445 2263 1446 2266 ,

125 2327 162 2389 iu
184 2323 320 2388 Cantica:
349 2319 502 2402 Nompur’d
528 2337 591 2382 noa
611 2323 677 2398 ipse
699 2325 743 2378 est
762 2325 854 2396 poter
877 2311 975 2378 tuus?
1017 2311 1088 2374 Erat
1115 2329 1187 2390 ergo
1217 2317 1359 2370 etvetus
1443 2307 1455 2324 ‘

124 2427 234 2500 Filius,
255 2433 380 2506 propter
401 2441 488 2503 quem
511 2420 552 2482 iiii
573 2418 626 2480 tilii
648 2418 795 2480 dicuntur.
841 2415 929 2488 Quod
958 2413 984 2474 si
1006 2413 1170 2476 seeundum
1192 2411 1259 2474 iilos
1283 2427 1356 2472 nou-

127 2537 209 2594 trum
231 2529 339 2590 horum
361 2535 409 2588 est
428 2523 539 2596 Filius,
562 2519 616 2584 sed
638 2519 794 2582 amborum
816 2533 983 2595 congressu
1005 2515 1214 2585 constituitur,
1238 2528 1362 2574 neeesse

128 2631 254 2694 omnino
283 2637 330 2692 εει
357 2635 492 2690 neutrum
516 2640 586 2685 esse
607 2620 730 2694 Filium,
759 2617 790 2680 id
818 2625 866 2678 est
892 2633 949 2678 neo
969 2615 1098 2676 Verbum
1127 2631 1184 2674 neo
1211 2612 1363 2672 hominem

126 2729 239 2796 riuum
266 2749 348 2804 esse,
378 2727 431 2790 sed
460 2723 607 2806 quandam
636 2737 754 2783 causam
782 2725 906 2798 propter
935 2735 1022 2796 quam
1052 2713 1181 2794 copulati
1210 2719 1298 2783 sunta
1329 2727 1365 2771 ao

127 2833 369 2918 proiubeoause
390 2829 456 2902 iila,
485 2845 561 2908 quae
582 2823 689 2885 Filium
713 2819 818 2893 efficit,
849 2817 1038 2897 oo'pulatione
1067 2815 1152 2895 prior
1174 2811 1240 2873 erit.
1284 2809 1364 2888 Ergo

129 2956 170 3000 ex
190 2937 249 3012 boo
270 2933 341 2997 item
363 2948 511 3012 responso
534 2926 681 3006 sequitur,
704 2922 809 2984 Filium
826 2929 894 2982 ante
914 2937 1033 2982 earnem
1049 2913 1212 2979 exstitisse.
1254 2911 1364 2974 Verum

130 3039 181 3102 bie
204 3039 243 3101 ita
266 3031 476 3099 demonstratis
500 3029 578 3092 aliud
600 3033 748 3106 quaerunt
769 3022 928 3102 effugium
949 3038 1056 3100 nempe
1078 3017 1176 3091 siunt,
1200 3033 1284 3092 „uon
1305 3013 1364 3075 bo·
1425 3021 1428 3028 ’

136 3139 275 3217 „minem
296 3136 404 3199 Filium
427 3151 509 3204 esse,
531 3147 628 3210 neque
650 3135 808 3206 utrumque
831 3123 929 3197 simui,
953 3124 1007 3186 sed
1029 3119 1168 3192 Verbum,
1193 3115 1273 3196 quod
1295 3114 1364 3195 qui·

135 3241 230 3318 „dem
252 3238 282 3302 in
304 3235 451 3320 principio
473 3233 528 3296 tuit
550 3232 692 3294 duntaxat
712 3227 854 3302 Verbum,
877 3245 943 3289 eum
966 3232 1064 3288 autem
1087 3221 1178 3282 homo
1200 3219 1296 3306 fectus
1311 3222 1365 3289 εει,

134 3352 235 3418 „tuno
256 3339 347 3404 Filius
369 3346 416 3400 ost
437 3335 620 3398 nominatus.
664 3330 738 3392 Nam
753 3338 910 3410 antequem
932 3327 1111 3397 advenisset,
1136 3319 1282 3400 inquiunt,
1305 3334 1365 3378 uon

136 3452 228 3521 „eret
255 3441 364 3514 Filius,
394 3437 449 3501 sed
477 3432 682 3498 tantummodo
704 3429 852 3504 Verbum3
881 3447 915 3491 ao
941 3426 1069 3508 proinde
1091 3432 1126 3485 ut
1146 3421 1275 3483 Verbum
1297 3434 1366 3478 earo

137 3548 272 3624 „tectum
295 3551 350 3614 est,
374 3558 440 3606 cunr
462 3545 547 3600 antea
569 3553 639 3597 earo
662 3551 723 3595 non
744 3541 844 3606 esset,
866 3530 905 3592 ita
926 3529 1055 3590 Verbum
1078 3523 1171 3586 Filius
1192 3523 1287 3582 iactus
1310 3523 1367 3588 est,

137 3665 232 3724 „oum
253 3644 337 3725 prius
358 3641 451 3704 Filius
473 3658 534 3702 non
557 3641 670 3700 esset.“
714 3633 778 3696 liae
800 3633 920 3694 illorum
943 3639 1013 3692 sunt
1037 3626 1186 3706 ineptiae,
1219 3637 1293 3700 quas
1314 3635 1367 3678 re-

135 3751 233 3812 tutare
255 3743 333 3808 band
356 3751 402 3806 est
423 3741 551 3804 difficile.

221 3851 275 3927 23.
318 3845 392 3909 Nam
419 3846 446 3906 si
473 3842 603 3904 Verbum
631 3839 759 3900 bumana
789 3841 908 3913 aeoepte
935 3839 1041 3892 natura
1068 3826 1160 3888 Filius
1190 3829 1237 3886 est
1262 3821 1368 3891 iaetus,

135 3953 227 4033 igitur
248 3957 370 4012 naturae
397 3947 544 4010 bumeuee
571 3939 717 4004 assumtio
746 3924 928 3999 eausa'eius
956 3924 1087 3994 rei'est.
1133 3918 1370 4003 Quaproptersi

136 4053 228 4114 bomo
251 4069 339 4116 eausa
362 4058 408 4110 est
431 4066 483 4109 our
504 4045 633 4106 Verbum
658 4041 702 4124 sit
712 4039 813 4110 Filius,
836 4035 883 4096 vel
904 4042 1072 4112 utrumque,
1096 4028 1198 4090 eadem
1222 4032 1301 4085 certe
1316 4019 1371 4082 ab·

138 4153 228 4217 surde
251 4157 418 4215 occurrent.
461 4147 591 4222 Deinde,
620 4145 646 4208 si
673 4142 759 4224 prius
787 4139 916 4201 Verbum
944 4143 1006 4209 est,
1036 4141 1065 4194 et
1092 4126 1245 4211 posterius
1267 4122 1371 4193 Filius,

138 4316 162 4357 et
179 4306 272 4370 inpiis.
819 4293 835 4341 ῐ.
855 4287 947 4353 bogiio.
965 4281 996 4337 ἐν
1013 4277 1093 4351 ἀρχῇ.

173 4375 195 4426 ti.
214 4376 303 4437 Regius
327 4379 350 4422 et
375 4369 474 4434 Segoer.
495 4362 525 4417 δέ
542 4367 646 4428 addunt,
665 4362 730 4430 quod
817 4375 839 4422 g.
859 4359 884 4407 id
904 4365 954 4406 est:
973 4355 1008 4404 ret
1028 4369 1047 4403 ει
1061 4351 1162 4402 Verbum
1177 4341 1248 4422 simoi
1260 4341 1375 4401 ethome,

140 4441 181 4493 aiii
199 4450 223 4494 et
241 4443 298 4492 editi
317 4439 438 4490 omittunt
781 4427 831 4479 sire
855 4425 992 4476 coniunctio
1010 4421 1079 4470 Verbi
1100 4431 1155 4468 eum
1174 4417 1285 4472 bomine,
1303 4421 1375 4460 orosa

174 4511 302 4574 e.1tegins
326 4515 350 4556 et
367 4505 508 4569 Seguerian.
525 4495 572 4551 καὶ
587 4491 665 4550 κατά.
702 4498 729 4548 ln
782 4505 821 4547 εει
839 4509 883 4546 our
901 4493 1003 4542 Verbum
1023 4491 1054 4540 sit
1073 4487 1157 4538 Filios.

141 4577 194 4628 aliie
208 4585 232 4628 et
249 4577 320 4630 editis
336 4568 385 4622 eat
400 4573 477 4624 deest
816 4565 839 4613 b.
857 4561 930 4612 basii.
949 4568 973 4611 et
990 4559 1081 4622 tuglio.
1099 4545 1148 4604 stoi
1163 4549 1285 4602 omittunt·

173 4670 302 4709 Aiiibmii
315 4673 368 4707 W·
379 4671 450 4706 ΜΗ.
466 4669 515 4703 ssiu
659 4675 674 4700 Q
1100 4673 1102 4684 ¹
1138 4636 1169 4704 ⁴i
