3072 5056
338 355 482 400 errsroto
496 357 534 400 ns
551 357 694 400 tacueris
710 357 852 402 noeoeane
868 357 984 400 sruour.
1234 343 1274 404 ta

71 504 135 565 aliud
160 513 236 566 certe
263 525 279 566 a
307 504 397 568 rebus
427 507 511 568 lactis
539 515 568 567 et
595 507 631 568 ab
654 505 791 570 omuibus
815 526 883 569 esse
904 507 1061 569 dicendum
1084 518 1139 568 ost.
1183 509 1360 571 Cuiusnam.

70 606 135 666 enim
155 614 200 668 est
221 607 327 686 imago,
350 607 415 667 eins
438 615 469 668 et
489 607 700 686 proprietatem
724 617 753 670 et
774 608 997 670 similitudinem
1020 609 1116 682 babet,
1145 610 1219 670 aileu
1243 617 1275 672 ut

69 707 109 784 qni
128 707 238 768 Patrem
261 709 448 770 nou-lactum
471 717 501 769 et
522 709 755 788 omnipotentem
778 708 918 788 appellat,
952 711 1031 774 isin
1054 712 1221 772 noo-lacto
1245 718 1275 771 et

70 809 256 887 omnipotente
277 809 364 872 buius
389 809 515 871 Verbum
537 818 567 870 et
589 810 773 888 sapientiam,
796 829 869 888 olinae
891 810 955 890 ipse
978 819 1025 872 est
1039 811 1140 884 Filios,
1164 811 1275 873 iutelli-

70 919 116 985 gat.
155 911 259 972 l'crum
282 911 392 989 egregii
414 911 454 971 illi
477 917 564 989 atque
586 911 622 972 ad
645 911 824 990 impietatem
847 911 993 990 proclives
1009 912 1143 974 homines
1165 931 1275 975 nomen

70 1011 197 1073 non-lacti
220 1011 439 1102 excogitavere,
463 1030 523 1072 nun
546 1011 691 1074 uilicum
714 1013 911 1086 honorarent,
935 1014 987 1074 sed
1010 1025 1043 1075 nt
1065 1013 1179 1092 siguum
1203 1031 1275 1076 snae

70 1131 125 1188 erga
146 1112 323 1174 Salvatorem
346 1111 568 1174 malevolentiae
591 1113 774 1174 extuberent.
820 1113 851 1173 Si
874 1113 951 1174 enim
975 1114 1027 1176 noi
1051 1115 1148 1175 bonor
1170 1123 1199 1176 et
1221 1135 1275 1177 re-

69 1213 164 1274 neratio
184 1213 242 1274 illis
264 1233 353 1276 curae
375 1215 496 1285 luisset,
530 1215 623 1278 satius
646 1233 718 1276 saue
740 1223 804 1276 erat
824 1215 1070 1294 praestabatque,
1093 1215 1159 1276 illos
1181 1217 1277 1278 Deum

69 1313 167 1374 Patrem
192 1331 353 1392 agnoscere
387 1323 417 1376 et
444 1316 557 1387 dicere,
591 1333 678 1395 quam
712 1333 778 1378 enm
807 1315 978 1377 huiusmodi
1008 1317 1128 1378 nomine
1159 1335 1275 1378 nocere.

69 1414 128 1474 Com
146 1417 223 1478 enim
245 1415 289 1476 illi
310 1416 404 1476 Deum
426 1418 625 1478 non-tactum
648 1417 810 1497 appellant,
839 1417 920 1478 illum
943 1435 979 1478 cx
1001 1417 1092 1478 rebus
1116 1419 1215 1489 laetis,
1244 1428 1276 1478 nt

68 1515 236 1594 supradixi,
264 1518 436 1578 effectorem
465 1526 577 1579 mutum
600 1518 715 1590 dicunt,
745 1527 777 1579 ut
805 1517 918 1580 scilicet
939 1517 1066 1580 Verbum
1089 1537 1207 1598 quoque
1229 1520 1274 1580 la-

68 1626 133 1676 olom
153 1635 219 1680 esse
242 1617 420 1696 significent,
442 1619 522 1698 qnod
545 1619 662 1698 quidem
685 1619 844 1698 plurimum
868 1618 941 1699 ipsis
963 1620 1085 1682 arridet.
1129 1621 1274 1693 Quinem

67 1717 145 1778 lleom
163 1719 281 1780 Patrem
304 1719 447 1792 nominat,
474 1719 574 1782 statim
596 1721 626 1782 in
649 1720 698 1781 illo
720 1719 826 1782 Filium
847 1737 964 1800 quoqne
986 1721 1121 1799 intelligit
1141 1739 1196 1784 neo
1217 1721 1275 1784 du-

66 1817 145 1880 bitare
164 1828 279 1900 potest,
303 1821 373 1899 quin
396 1819 421 1882 si
443 1820 536 1883 Filius
559 1821 674 1894 existat,
700 1841 751 1884 ros
773 1821 865 1884 iactae
888 1839 992 1883 omnes
1014 1841 1068 1902 per
1090 1821 1195 1884 Filium
1217 1822 1277 1884 siut

67 1927 172 1980 emotae.

136 2023 184 2084 31.
226 2021 332 2102 ltaque
352 2021 459 2084 melius
481 2023 616 2084 renuere
638 2023 735 2095 luerit,
759 2023 851 2086 [lenm
874 2043 909 2085 ex
931 2024 1004 2086 Filio
1028 2023 1194 2102 significare
1217 2022 1275 2083 Pa-

69 2129 182 2202 benoqne
203 2123 320 2196 dicere,
349 2143 436 2202 qnam
464 2143 531 2185 eum
560 2143 595 2185 ex
624 2125 698 2186 solis
728 2124 868 2203 operibns
897 2127 1096 2187 non-lactum
1117 2124 1274 2204 appellare.
1329 2133 1343 2144 “

69 2221 127 2284 Nam
146 2225 172 2284 iol
192 2225 318 2304 quidem
340 2241 448 2284 nomeu
471 2243 561 2304 opera
584 2245 618 2286 ex
641 2226 694 2287 [lei
716 2226 866 2288 voluntate
894 2245 949 2304 per
970 2225 1098 2288 Verbum
1131 2227 1205 2286 lacta
1226 2225 1275 2286 in-

69 2323 144 2398 licat,
170 2325 267 2386 Patris
297 2333 395 2386 autem
429 2343 538 2387 nomeu
559 2327 713 2406 proprium
737 2345 771 2388 ex
795 2327 858 2389 eins
882 2327 1046 2390 substantia
1068 2329 1159 2389 letum
1182 2325 1275 2404 signi-

70 2424 129 2486 fieat
169 2428 321 2499 Quantum
353 2437 452 2486 antem
485 2436 531 2487 est
562 2427 742 2489 discriminis
774 2429 902 2490 Verbum
932 2429 1010 2490 inter
1038 2436 1068 2488 et
1096 2446 1145 2488 res
1176 2430 1275 2498 lactas,

70 2533 162 2588 tantum
184 2536 213 2588 et
233 2526 365 2606 amplius
387 2525 486 2588 dillcrt
500 2527 591 2589 Deum
607 2527 723 2592 Patrem
745 2528 842 2592 dicere
865 2539 895 2591 et
915 2530 1104 2591 nom-lactum
1119 2528 1275 2607 appellare.

69 2625 121 2687 lloe
138 2629 210 2690 enirn
233 2647 350 2689 nomen
371 2627 401 2688 in
416 2628 577 2706 Scripturis
592 2647 653 2689 non
675 2639 770 2692 exstat
790 2638 1019 2708 suspectumque
1041 2636 1098 2702 est,
1120 2647 1154 2690 ao
1169 2629 1277 2688 variam

67 2725 140 2788 babet
165 2729 423 2808 significationem.
471 2731 509 2790 m
535 2730 660 2809 simplex
686 2739 733 2791 est
765 2730 842 2791 alind
873 2749 998 2798 nomen.
1032 2729 1215 2805 habeturque
1247 2728 1278 2788 in

68 2825 229 2908 Scipionis,
266 2849 301 2891 ac
328 2828 441 2890 veritati
469 2831 562 2908 magis
595 2839 641 2892 est
669 2840 918 2902 consentancum,
952 2847 1047 2908 eoque
1074 2827 1158 2889 solus
1185 2825 1278 2888 Filius

68 2927 237 3006 significator.
287 2931 441 2992 Praeterea
464 2949 572 2992 nomen
594 2931 754 2993 uon-tacti
777 2951 792 2992 a
816 2930 977 3004 Gentibus,
1010 2929 1060 3008 qni
1082 2929 1188 2990 Filium
1217 2943 1363 2990 nonnoso.

70 3042 250 3106 cognoscunt,
281 3032 433 3092 inventurn
456 3041 519 3102 est;
552 3040 581 3092 at
602 3033 700 3093 Patris
729 3051 837 3094 nomen
864 3032 901 3094 ab
928 3032 995 3110 ipso
1015 3029 1143 3092 Domino
1172 3037 1277 3092 nostro

68 3129 205 3206 pmbatum
228 3141 263 3196 et
283 3133 383 3194 clatum
406 3141 461 3194 est
504 3132 573 3211 lpse
596 3131 690 3206 cuim,
712 3134 762 3211 qni
785 3141 864 3196 certe
886 3134 970 3195 cuius
993 3132 1070 3194 filios
1093 3140 1186 3205 esset,
1216 3148 1278 3192 nou

69 3231 210 3306 nesciebat,
233 3233 292 3295 ait:
315 3233 378 3314 Epo
401 3238 433 3294 r'u
456 3233 564 3305 Potrc,
589 3245 617 3294 et
641 3233 733 3295 Potor
755 3240 787 3295 in
808 3253 853 3296 me
875 3245 934 3307 est,
965 3244 1009 3296 et:
1041 3233 1105 3307 Quoi
1124 3235 1205 3295 eiciet
1225 3251 1272 3294 me

69 3331 135 3395 videt
154 3345 181 3396 et
201 3335 336 3405 Putrem,
358 3341 403 3394 et:
427 3333 488 3414 Epo
511 3344 540 3396 et
562 3334 771 3396 Paterninum
793 3355 909 3398 snmus.
952 3335 1036 3396 Nullo
1054 3346 1151 3397 antem
1167 3335 1196 3394 in
1211 3332 1278 3394 loco

71 3429 170 3494 Patrem
190 3436 258 3514 ipse
280 3437 480 3496 non-lactum
508 3443 604 3496 vocat.
649 3436 729 3507 Quin
758 3434 844 3496 ctiam
874 3453 940 3497 cnm
969 3453 1026 3496 uos
1056 3453 1141 3498 orare
1169 3434 1277 3506 docuit,

70 3549 119 3592 oon
138 3535 219 3598 dixit:
245 3535 320 3596 sarm
344 3536 450 3605 oratis,
474 3534 575 3596 dicite:
599 3534 678 3598 Dens
700 3539 871 3610 non-lacte,
896 3537 949 3598 scd
971 3537 1088 3616 potius:
1113 3535 1185 3598 Cum
1208 3553 1277 3594 ora-

71 3635 165 3709 veritis,
185 3635 290 3698 dicite:
318 3636 413 3698 Pater
429 3650 546 3700 noster
573 3641 626 3718 poi
651 3655 682 3698 cs
710 3641 743 3698 ia
771 3627 871 3700 coelis.
914 3637 1041 3698 Nostrae
1071 3655 1188 3717 quoque
1211 3633 1279 3700 ndei

72 3747 143 3810 caput
161 3737 267 3800 eodem
290 3736 383 3800 noluit
402 3745 547 3818 spectare.
591 3737 652 3799 Nec
680 3739 758 3799 enim
786 3757 843 3800 nos
872 3737 1045 3800 innomine
1067 3734 1228 3798 non-lacti
1250 3741 1280 3792 et

72 3832 127 3894 laeti
146 3839 187 3898 rel
209 3840 241 3900 in
262 3839 385 3900 nomine
406 3839 577 3900 non-creati
601 3849 630 3900 et
647 3839 739 3900 creati
752 3838 893 3917 baptizari
908 3839 1007 3909 iussit,
1030 3839 1082 3900 sed
1105 3837 1135 3898 in
1158 3833 1278 3894 nomine

72 3930 152 3997 l‘atris
173 3948 202 4000 et
221 3937 289 3999 Filii
322 3947 352 4000 ot
374 3939 503 4019 Spiritus
526 3939 628 4001 sancti.
673 3939 716 4000 lta
739 3939 816 4000 enim
839 3959 896 4000 nos
919 3940 1025 4002 initiati
1046 3956 1115 3998 vere
1137 3932 1280 3994 efficimur

72 4031 115 4094 filii
132 4037 192 4112 nei,
214 4049 244 4102 et
265 4039 361 4102 Patris
381 4059 490 4101 nomen
513 4039 744 4121 pronunciantes
767 4059 803 4100 ex
824 4041 883 4102 hoc
903 4039 1024 4100 nomine
1042 4035 1179 4105 Verbum,
1201 4031 1280 4109 qood

72 4131 194 4202 inPatre
216 4149 276 4213 est,
305 4140 522 4220 cognoscimus.
566 4141 650 4204 Licet
678 4161 768 4222 porro
797 4140 951 4220 proprium
981 4137 1028 4198 sni
1051 4135 1144 4214 ipsios
1167 4140 1280 4212 patrem

71 4238 195 4312 appellari
217 4240 373 4314 concedet,
401 4259 462 4302 noo
493 4253 589 4304 tamen
611 4241 721 4304 idcirco
744 4259 800 4302 nos
823 4259 889 4302 corin
911 4238 984 4300 Filio
1008 4235 1169 4298 secondom
1193 4243 1280 4296 natu-

99 4435 117 4467 ι.
134 4423 171 4473 sa
195 4427 259 4488 nep·
286 4426 332 4477 ιιι
359 4437 438 4478 sunem
466 4437 489 4477 a
517 4397 574 4478 omo
601 4427 641 4491 vo
728 4441 750 4475 e.
769 4425 810 4473 sn:
826 4423 881 4484 mg.
917 4423 962 4472 orio
981 4431 1059 4471 iurem
1077 4429 1100 4472 a
1119 4421 1175 4471 soto
1194 4412 1255 4469 ἐκεῖ.

76 4489 180 4566 omittunt
729 4493 752 4541 d.
771 4491 812 4540 Sic
830 4491 886 4552 lleg.
921 4492 949 4540 m
967 4490 1006 4540 alii
1025 4498 1048 4542 et
1066 4490 1123 4542 editi
1141 4480 1205 4542 θεὸς
1222 4479 1272 4520 ”““’

100 4557 120 4604 l·
136 4573 150 4616 r
168 4559 270 4610 deletum
288 4569 326 4612 est
343 4562 367 4611 ic
387 4562 458 4624 Regio
478 4561 568 4612 colice.
694 4569 767 4618 ants.
