3056 5064
320 363 466 408 ”1810ss
479 362 518 406 ΒΕ
533 361 677 408 osonum
692 363 836 408 mesenus
851 363 967 408 stttotu.
1220 347 1258 411 ¹5

74 521 146 577 suine
163 513 310 578 discrimen
330 517 414 577 ister
435 531 496 574 nou
517 513 600 575 nosci
620 513 683 575 sivo
704 531 765 576 nou
787 513 868 594 gigni
889 527 918 578 et
939 532 1001 577 nou
1023 514 1098 578 lieri.
1144 517 1177 580 S.
1200 515 1343 578 ili-em

72 615 145 676 lcrhn
164 615 233 678 hhrc
254 627 361 678 canna
381 614 590 678 Constantium
612 633 694 677 num.
714 619 763 678 tu.
787 617 908 678 cauden
929 635 1031 680 uocem
1055 616 1154 680 reddit
1168 617 1256 678 iaaa-

73 715 188 788 utitem,
213 720 273 778 sisi
296 717 382 796 [orte
404 713 510 796 deperit
531 705 714 798 ἀγέννητον.
760 715 911 778 Novitates
933 735 1057 790 vocum,
1087 721 1183 799 inpu't
1204 715 1257 780 ilie

73 818 319 888 sidoniensium,
341 817 395 878 sed
417 817 557 896 prolsnss
580 816 704 878 devitari
725 815 810 878 iubet
830 815 1002 896 Apostolus.
1048 817 1093 878 Tu
1116 837 1169 878 cur
1189 818 1255 898 pius

73 917 185 992 excludis,
206 936 269 980 uum
290 917 468 997 praesertim
490 917 527 980 cb
550 935 586 978 co
609 917 720 978 dietum
742 918 797 980 sit:
828 916 926 980 omnis
949 919 1093 998 scripturn
1116 919 1255 982 divinitus

73 1019 179 1098 inspiratu
190 1017 264 1080 utilis
276 1007 344 1082 est?
367 1017 641 1080 Innasoibilem
657 1018 799 1099 scriptum
815 1036 960 1098 nusquam
977 1019 1060 1098 legis,
1070 1020 1210 1100 numquid
1227 1026 1258 1082 et

73 1120 270 1199 desumendum
286 1119 353 1192 erit,
377 1119 444 1200 quis
457 1138 568 1182 novum
580 1119 650 1180 est?
674 1121 814 1182 Natauda
829 1139 945 1201 quaque
964 1119 1146 1182 Tertulliani
1154 1123 1256 1194 aeria,

72 1228 109 1301 pu·
127 1222 192 1284 iihra
218 1223 252 1284 de
273 1225 375 1284 anema
398 1241 463 1303 cap.
478 1226 509 1284 t.
532 1239 634 1284 vocem
662 1213 816 1305 ἀγένητον
845 1239 883 1282 eac
905 1221 1043 1282 Plutonis
1066 1221 1132 1284 loeo
1149 1223 1257 1302 paullo

73 1335 122 1384 aste
139 1327 218 1388 citato
240 1321 334 1385 simul
359 1321 491 1384 inustum
514 1331 544 1382 et
564 1323 705 1383 iniectum
728 1323 838 1384 reddit.
883 1321 1076 1400 Consequens
1099 1323 1178 1384 etnim
1202 1331 1258 1396 est,

73 1429 152 1502 iuquit,
178 1433 208 1484 ut
234 1443 269 1484 ex
291 1423 346 1484 Dei
374 1423 445 1486 Astu
473 1423 600 1485 anhusen
622 1423 752 1502 professi
775 1422 891 1486 initium
915 1422 941 1484 ei
964 1425 1150 1502 deputemus.
1195 1422 1260 1484 llos

72 1523 263 1598 minuentis,
279 1525 449 1586 inustam
472 1533 509 1586 ct
530 1526 712 1586 inlectam
727 1524 853 1586 unimam
865 1525 983 1586 voleus:
1007 1533 1144 1586 etnstsut
1160 1532 1258 1586 autem

71 1625 177 1688 humus
197 1635 225 1687 et
245 1629 365 1698 iseum,
388 1645 424 1688 ex
440 1626 512 1687 initii
525 1625 748 1688 constitutione.
782 1624 844 1686 Nea
856 1625 954 1687 statim
966 1625 1129 1688 erravimus
1141 1633 1258 1686 utrum-

72 1745 110 1802 que
118 1727 239 1800 diceutes,
247 1728 317 1807 quis
330 1727 444 1788 scilieet
454 1727 532 1790 aliud
544 1727 585 1790 sit
594 1735 707 1798 uotoni,
716 1725 794 1788 aliud
805 1727 923 1801 sactum,
933 1733 965 1788 ut
978 1736 1049 1805 poto
1060 1725 1131 1789 illud
1143 1727 1258 1790 suimu-

72 1825 126 1887 lilus
134 1837 303 1908 conpetens.
327 1827 519 1890 Differentiae
532 1835 639 1900 sutem,
663 1847 716 1890 sus
728 1825 864 1890 habento
877 1825 941 1888 loco
951 1835 981 1890 et
992 1835 1135 1908 tempora,
1151 1827 1261 1890 hebent

72 1927 190 2007 alumnia
211 1939 240 1992 et
261 1928 446 2010 passivitatis
468 1929 655 1994 commercia.
701 1929 786 2008 Cepit
801 1929 900 2006 itaque
916 1935 946 1988 et
955 1929 1096 1990 [semrom
1107 1946 1164 2008 pra
1175 1929 1258 1990 assai

71 2029 134 2106 pam
150 2031 284 2110 siquidem
309 2049 410 2106 omne,
433 2031 644 2110 quodquaquo
660 2029 749 2092 modo
764 2028 962 2108 aecipitesse,
984 2039 1151 2108 generatur.
1184 2029 1258 2092 Num

72 2139 91 2188 et
105 2132 177 2192 lectu
197 2133 259 2212 ipse
282 2151 395 2212 pareus
418 2133 485 2194 lecti
506 2139 608 2214 potest
629 2131 702 2193 diei:
731 2132 775 2192 sio
797 2140 826 2191 et
840 2129 924 2192 Pluto
947 2129 1048 2191 utitur.
1093 2129 1174 2192 Haec
1194 2129 1258 2194 ille.

129 2231 170 2294 ll.
209 2233 252 2296 De
273 2220 438 2314 ternpore(
453 2253 511 2314 pua
534 2234 605 2296 hoec
627 2235 698 2296 datu
719 2234 782 2314 fuit
804 2231 948 2312 epistola,
973 2232 1129 2294 dicendum
1151 2243 1257 2294 restat.

73 2333 163 2394 tantu
186 2341 382 2416 compositam
412 2336 510 2415 {uisse
534 2347 608 2416 post
630 2333 753 2396 dasehii
780 2333 985 2396 cassaremus
1012 2345 1158 2407 mortem:
1189 2351 1258 2396 nam

72 2433 147 2496 lcau'a
165 2439 222 2498 ehu
243 2453 424 2500 successore
447 2439 564 2516 scripta
586 2446 643 2506 est,
666 2445 701 2496 ut
719 2445 805 2516 putet
825 2453 907 2496 narn.
925 2435 955 2497 3.
1003 2434 1124 2498 Certum
1146 2455 1260 2517 petoque

73 2545 112 2602 est,
132 2542 264 2617 scriptam
285 2541 388 2617 fuisse
409 2545 531 2598 mortuo
554 2535 682 2600 Eusebio
706 2536 936 2604 Nicomediensi,
966 2537 1203 2617 quaradapuidem
1226 2537 1260 2598 dc

72 2651 103 2704 rt,
119 2649 238 2720 respuam
260 2643 316 2722 pui
337 2657 400 2700 non
422 2637 554 2719 amplius
577 2649 656 2700 esset
677 2647 848 2718 superstes,
868 2640 986 2717 passim
1009 2637 1144 2715 loquutur
1167 2637 1260 2700 Atha-

72 2741 155 2798 usus.
196 2741 335 2822 lienique
362 2743 446 2820 pacis
480 2750 612 2820 tempore
641 2738 784 2820 nullaque
813 2743 846 2800 iu
875 2737 1074 2799 Athanasium
1100 2747 1262 2816 prassantc

71 2846 237 2912 rasennam
259 2843 373 2908 editam
396 2860 468 2911 esse,
491 2844 625 2903 innuunt
647 2839 718 2902 haee
741 2837 841 2910 verda,
858 2857 933 2920 puae
947 2857 1029 2900 nam.
1046 2839 1077 2900 2.
1094 2835 1260 2900 hahentur:

72 2934 102 2996 he
116 2941 224 3016 mireris,
246 2944 272 3004 si
295 2925 379 3006 nuno
401 2943 440 3004 its
465 2959 498 3003 se
520 2949 624 3021 gesom
639 2939 782 3017 (Arimin
805 2939 952 3020 siquidem
975 2938 1053 3000 houd
1077 2939 1170 3002 multo
1191 2949 1262 3020 post

73 3033 167 3104 taurum
187 3053 240 3116 est,
263 3053 299 3104 ut
321 3043 413 3106 iidam
437 3041 473 3104 sd
495 3042 619 3104 iniurias
642 3061 676 3104 se
699 3061 732 3103 se
755 3049 937 3114 convertunt,
960 3039 1127 3120 deindeque
1149 3039 1260 3102 cohor-

73 3145 111 3196 ltu
128 3151 153 3202 ct
170 3145 315 3208 tribunum
340 3143 430 3206 nobis
453 3142 684 3216 minitabuutun
706 3143 753 3204 his
777 3143 856 3204 enim
879 3151 941 3204 tota
963 3141 1099 3204 inuititur
1120 3161 1261 3222 perverso

72 3235 156 3304 thum
175 3245 316 3308 domina.
363 3245 413 3308 tte
434 3245 540 3327 purius
559 3247 757 3326 perspicuum
778 3246 889 3326 suerit,
914 3244 985 3308 hoec
1008 3257 1079 3306 tuna
1101 3249 1261 3324 scripsisse
1269 3253 1347 3297 Μ·

73 3335 295 3420 &Athanasium
322 3365 391 3408 mem
413 3349 601 3426 quiescerent
622 3347 734 3408 Ariani
752 3345 886 3427 nihilque
910 3356 1017 3408 contra
1039 3351 1140 3426 ipsum
1157 3343 1262 3426 palem

74 3429 224 3510 unuin.
271 3449 430 3523 Quocirca
456 3448 650 3512 statuendum
672 3447 807 3520 uidetur,
837 3451 981 3530 scriptam
1003 3465 1067 3509 esse
1091 3446 1166 3508 hanc
1188 3445 1263 3527 lipi-

74 3541 150 3606 tltiau
168 3549 200 3610 ah
221 3567 302 3612 anno
327 3551 403 3614 350.
426 3549 466 3612 ad
487 3567 601 3612 annam
623 3551 713 3619 354„
736 3567 840 3630 nempe
860 3549 1084 3630 pastreditum
1105 3547 1266 3610 Athanasii

76 3641 249 3712 llesmdriam
280 3656 380 3714 accisa
405 3649 551 3730 Greporio
573 3648 778 3714 Alexandriae
800 3652 1075 3732 pseudoepiscopo,
1104 3659 1263 3730 antequam

77 3759 122 3804 run
137 3751 233 3814 iterum
253 3771 372 3816 ecum
395 3757 524 3832 eoeperit
549 3751 758 3815 Constantius.

135 3847 162 3910 h
202 3853 237 3916 lu
263 3855 329 3936 fine
359 3853 537 3915 subiecimus
560 3853 729 3933 Epistulam
750 3853 874 3918 liusehii
896 3853 1100 3916 Caesariensis
1130 3853 1170 3914 ud
1191 3868 1264 3914 suae

77 3941 199 4016 Paroreios
229 3955 382 4026 homines,
416 3955 659 4036 quemadmodum
691 3973 723 4017 se
757 3955 919 4018 subiecisse
950 3957 995 4016 ait
1022 3953 1054 4014 S.
1078 3952 1264 4014 Athanasius

77 4063 133 4108 m·
146 4055 185 4126 3.,
209 4069 243 4118 ut
271 4069 300 4120 et
331 4065 436 4120 exstat
462 4059 495 4118 in
516 4061 725 4138 manuscripta
747 4055 837 4137 liepio
861 4076 896 4119 ac
918 4061 950 4118 in
972 4053 1139 4117 Basilicum·
1159 4051 1264 4116 Felcic-

77 4156 157 4224 saeui,
176 4175 261 4239 eapse
284 4163 318 4220 in
341 4167 422 4220 tomo
437 4158 468 4220 2.
492 4158 630 4220 editionis
654 4158 872 4220 Cammeiiauae
894 4162 1012 4218 inserta
1034 4166 1088 4227 est,
1113 4173 1178 4216 oum
1193 4173 1264 4219 sero

78 4249 139 4312 *inlr
156 4259 361 4322 missadaersa
382 4277 439 4322 sua
463 4259 528 4322 ioca
550 4255 681 4338 emplius
703 4263 812 4338 reponi
825 4263 885 4320 ium
898 4275 961 4318 non
973 4266 1086 4338 pascet,
1109 4267 1145 4320 ut
1158 4258 1266 4322 ididem

79 4343 167 4417 ΜΝ.
204 4359 238 4422 lu
260 4361 332 4424 aliis
355 4369 456 4424 autem
479 4359 659 4424 euriositas
678 4363 802 4441 penitus
826 4363 937 4420 amissa
958 4357 1030 4436 suit.
