3098 5040
457 393 572 439 conans
588 391 804 438 aronmnanrnrr
819 393 906 438 arsen
921 395 942 438 r.
1112 393 1117 404 ·
1245 377 1306 443 891

84 549 108 609 is
143 546 392 626 transgressionis
425 547 530 608 artiiex
562 553 724 626 auctorque
756 545 822 607 tuit.
871 545 909 606 Et
934 545 979 608 sio
1006 563 1041 606 ox
1064 545 1397 634 „transgressiononoet'

82 648 231 728 praecepti
254 647 307 710 nei
334 649 430 710 iactus
459 654 506 710 est
527 648 731 726 bomocapax
753 645 865 708 inducti
888 646 924 708 ab
947 644 1067 708 inimico
1091 647 1224 710 seminis.
1241 693 1251 714 .
1268 649 1310 712 dc

82 751 224 830 deinceps
246 757 399 829 peccatum
420 749 451 810 in
474 747 603 809 bominis
627 755 730 809 natura
752 749 789 809 ad
812 765 931 810 ornnem
955 747 1226 827 concupiscentiam
1240 767 1309 812 mo-

81 851 185 924 nebat,
218 869 277 912 non
312 850 391 930 quod
424 848 559 911 diabolus
588 867 651 910 earn
680 848 712 910 in
740 848 790 910 iiio
819 857 955 911 naturam
984 850 1190 924 efformasset3
1223 851 1309 913 absit.

81 952 184 1032 Neque
206 951 284 1014 enim
297 951 442 1014 diabolus
464 959 588 1013 naturae
609 959 726 1012 creator
748 951 845 1024 tuerit,
870 959 901 1013 ut
915 949 1154 1014 Manichaeorum
1177 952 1235 1012 tert
1250 952 1308 1012 im·
1373 962 1380 972 '

81 1057 186 1134 pietas,
211 1054 264 1115 sed
287 1073 321 1116 ex
345 1052 599 1132 praevaricatione
622 1060 745 1114 naurrae
768 1052 992 1131 perversionem
1009 1051 1114 1125 effecit,
1138 1053 1240 1133 sicque
1256 1071 1394 1120 rensc.

81 1159 182 1236 gnavit
202 1173 285 1216 mors
307 1155 339 1216 in
361 1153 501 1216 omnibus
525 1153 707 1215 bominibus.
752 1153 790 1216 In
813 1154 876 1226 boc,
899 1154 1003 1233 inquit,
1027 1160 1109 1216 venit
1131 1153 1227 1217 Filius
1241 1155 1307 1228 Dei,

81 1268 115 1319 ut
145 1255 294 1320 dissoluat
323 1275 416 1337 opero
445 1255 567 1318 diodoli.
613 1255 766 1328 Quaenam
795 1273 885 1334 opera
914 1255 1023 1316 diaboli
1051 1256 1188 1317 dissolvit
1215 1256 1307 1318 Filius

81 1357 159 1421 Dei?
203 1360 300 1432 Quam
327 1358 397 1420 iecit
417 1357 496 1420 Deus
525 1366 660 1418 naturam
690 1357 756 1418 sine
777 1364 914 1436 peccato,
944 1375 1009 1418 eam
1032 1357 1126 1437 ipsam
1149 1357 1185 1418 ad
1208 1367 1331 1420 trans·-

81 1459 268 1539 gressionem
290 1458 420 1522 mandati
442 1457 496 1520 Dei
519 1459 664 1538 pervertit
686 1457 842 1530 diabotus,
866 1458 953 1520 etad
975 1459 1175 1521 inventionem
1199 1462 1308 1540 peccati

81 1564 188 1625 mortis
210 1563 333 1624 eaodem
357 1561 414 1622 sibi
436 1561 494 1641 ipsi
517 1559 696 1621 restaurarit
709 1559 789 1621 Deus
805 1559 933 1620 Verbum
956 1561 1124 1640 incapacem
1146 1561 1308 1624 diabolicae

80 1663 280 1744 perversionis
308 1669 339 1724 et
366 1661 546 1724 inventionis
575 1661 697 1741 peccati.
748 1661 880 1740 Ideoque
908 1661 1005 1724 aiebat
1032 1663 1192 1724 Dominus:
1226 1663 1309 1727 Venit
1409 1707 1411 1710 -
1439 1735 1444 1742 ⁸

80 1765 228 1846 Princeps
256 1765 363 1827 οιιιοιέι·
391 1764 497 1835 buius,
532 1776 562 1827 et
589 1768 621 1825 in
648 1781 694 1824 ane
723 1783 785 1826 non
814 1768 931 1826 incenit
959 1768 1125 1846 quicquum.
1171 1765 1257 1838 Quod
1281 1765 1307 1826 si

79 1866 223 1945 Princeps
245 1864 347 1927 mundi
369 1865 457 1926 buius
481 1865 553 1926 nihii
576 1882 701 1943 operum
724 1883 847 1927 suorum
870 1866 900 1927 in
923 1865 1042 1926 Gbristo
1064 1865 1191 1938 invenit,
1215 1865 1307 1928 mutto

33 1957 39 1968 ’
79 1967 175 2046 magis
197 1967 334 2028 Christus
364 1965 437 2027 nihii
468 1985 503 2027 ex
532 1966 595 2027 suis
623 1965 750 2046 opificiis
778 1966 895 2046 reliquit
917 1967 1047 2046 Principi
1075 1967 1178 2029 mundi
1206 1967 1306 2028 buius.

80 2067 138 2130 dut
160 2065 245 2129 etiam
268 2087 302 2129 ea
324 2068 361 2129 de
383 2085 472 2130 causa
494 2067 568 2129 nibil
591 2067 704 2129 invenit
725 2068 756 2129 in
779 2067 862 2148 ipso,
885 2069 1046 2148 periectam
1069 2069 1229 2130 novitatem
1252 2087 1305 2130 ex-

79 2171 201 2232 hibente
223 2169 360 2243 Christo,
389 2179 422 2231 ut
443 2172 605 2250 perfectam
629 2169 754 2230 salutem
777 2170 868 2231 totius
891 2171 1039 2243 bominis,
1063 2172 1178 2232 animae
1200 2187 1307 2249 nempe

79 2280 108 2332 et
130 2273 284 2351 eorporis,
307 2281 498 2352 operaretur,
521 2289 580 2350 quo
603 2271 732 2351 perfecta
754 2289 873 2350 quoque
895 2274 974 2336 toret
993 2273 1186 2334 resurrectio.
1230 2271 1306 2333 Fru·
1388 2339 1392 2355 ¹

80 2381 141 2434 stra
165 2373 253 2452 igitur
273 2374 372 2435 Ariani
396 2373 517 2452 argutiis
541 2379 674 2445 utuntur,
698 2371 768 2433 dum
792 2373 974 2435 Salvatorem
997 2387 1117 2435 carnem
1140 2372 1234 2434 solam
1256 2391 1306 2433 as-

79 2473 227 2536 sumsisse
249 2483 391 2548 statuunt,
415 2493 449 2535 ao
469 2457 621 2553 passionis
646 2491 769 2535 sensum
784 2474 1045 2554 adimpassibiiern
1057 2475 1201 2537 Deitatem
1217 2473 1307 2552 impie

77 2577 222 2636 referunt.
265 2575 386 2638 Frustra
409 2595 527 2656 quoquo
549 2595 602 2636 ros
624 2574 682 2637 aiio
705 2584 872 2638 commento
896 2577 942 2638 usi
965 2577 1047 2657 paria
1070 2596 1137 2638 cum
1158 2575 1217 2637 iliis
1233 2593 1306 2638 sen·

77 2675 158 2758 titis,
188 2676 320 2740 dicentes
351 2677 449 2758 ipsum
472 2679 535 2756 qui
561 2675 798 2738 circumdabatur
819 2679 913 2740 torma
936 2677 966 2738 id
989 2686 1035 2739 est
1058 2678 1197 2757 organica
1220 2693 1306 2738 usum

76 2777 187 2850 tuisse,
218 2779 283 2840 vioe
313 2787 411 2840 autem
445 2777 599 2861 interioris
632 2778 730 2840 nostri
758 2779 888 2840 bominis
921 2778 1079 2840 caelestem
1111 2786 1240 2840 mentem
1274 2777 1305 2837 in

77 2877 199 2960 Christo
222 2878 326 2940 inisse.
371 2877 438 2952 Quo
468 2887 554 2957 pacto
578 2878 667 2958 igitur
690 2877 822 2951 dolebat,
855 2879 961 2942 anxius
991 2888 1071 2953 erat,
1105 2875 1305 2958 preoebatur?

77 2979 228 3060 Scriptum
257 2989 305 3042 est
331 2981 425 3042 enim:
457 2979 497 3042 m
525 2981 724 3044 conturbetur
754 2993 801 3044 ιιι
830 2987 943 3063 spiritu
966 2981 1061 3044 Iesus.
1105 2980 1186 3041 Haec
1207 2987 1304 3040 autem

78 3100 175 3166 neque
204 3083 301 3144 carnis
329 3089 428 3144 mente
457 3081 586 3144 carentis
609 3100 706 3161 neque
729 3071 921 3146 immutabilis
944 3081 1067 3145 Deitatis
1092 3080 1221 3152 tuerint,
1250 3079 1305 3140 sed

78 3183 196 3244 animae
223 3183 417 3264 intelligentia
444 3181 612 3262 praeditae,
635 3183 782 3257 dolentis,
806 3185 1014 3258 conturbatae,
1037 3182 1157 3258 anxiae,
1180 3189 1211 3243 et
1231 3189 1309 3260 quac·

76 3303 146 3346 cum
169 3283 359 3364 intelligentia
382 3284 555 3363 passionem
578 3283 718 3346 senserit.

109 3671 113 3678 ’
164 3691 217 3752 16.
260 3689 347 3761 Quod
371 3689 398 3750 si
421 3689 495 3750 baec
517 3689 664 3750 sententia
686 3707 748 3751 non
770 3689 875 3770 placet,
898 3709 965 3752 cum
988 3689 1041 3752 tria
1065 3690 1095 3751 in
1112 3695 1229 3769 promtu
1245 3687 1306 3755 sint

76 3808 109 3850 ea
132 3789 171 3850 de
194 3807 228 3850 re
250 3789 369 3862 iudicia,
392 3789 575 3868 phantasiae,
597 3789 801 3870 blasphemiae
823 3802 853 3855 et
874 3792 1017 3866 veritatis,
1041 3792 1186 3871 quoduam
1203 3789 1303 3868 elege-

74 3888 168 3952 ritis?
210 3890 285 3951 Nam
312 3891 338 3953 si
367 3889 561 3970 suspicemini
590 3891 637 3953 iila
665 3891 702 3955 de
731 3895 796 3957 sola
819 3904 849 3956 et
871 3913 952 3957 mera
975 3895 1076 3976 specie
1098 3894 1174 3956 dicta
1198 3892 1302 3964 nisse,
1369 3897 1377 3914 '

105 4093 128 4124 e.
148 4075 190 4124 Sic
207 4075 347 4134 Sepuerian.
366 4075 465 4126 Gobier.
485 4084 508 4126 et
525 4077 629 4128 Feiekm.
641 4079 662 4128 1.
749 4095 770 4142 η.
789 4081 830 4131 Sic
848 4083 947 4145 Sagun.
967 4082 1037 4134 Gobt.
1057 4091 1079 4132 et
1097 4081 1202 4131 nereum.
1220 4079 1241 4130 i.
1280 4079 1306 4128 iu

72 4143 134 4192 Editi
155 4158 211 4192 vero
229 4135 327 4206 daorpi.
366 4143 428 4194 inim
454 4145 477 4194 in
502 4146 600 4206 Seguer.
620 4141 663 4194 λο-
715 4147 785 4196 aditis
803 4143 975 4214 λυπουμένην
990 4139 1307 4215 καὶταραιτομένηνκοὶ

70 4209 150 4274 yrarir
169 4210 245 4260 deest.
280 4210 354 4258 Panto
374 4218 429 4272 post
446 4211 545 4274 sepner.
565 4213 663 4263 Gobter.
715 4203 928 4280 ἇδημονοῦοαν,
953 4211 999 4265 καὶ
1016 4215 1123 4276 νοητοῖς
1138 4210 1306 4266 &noredano-

72 4278 226 4354 etJetetm.
248 4277 269 4326 1.
294 4272 467 4358 capiemus.
505 4279 566 4328 Editi
592 4293 664 4345 φαν-
713 4275 808 4346 μένην.
855 4283 946 4334 ibidem
972 4286 1043 4335 iidem
1069 4285 1165 4334 codices
1194 4285 1308 4333 omittunt

72 4343 212 4401 ταζονοοι,
256 4344 308 4394 idox
332 4341 509 4410 ανειληφέναι
538 4341 587 4394 τὸν
610 4358 664 4395 σοι·
714 4339 738 4396 εὶ
755 4342 795 4402 δέ,
815 4351 884 4399 cuins
903 4352 957 4401 ioco
976 4341 1136 4412 babentap'v.
1167 4352 1242 4400 iidem
1254 4363 1306 4397 mor

72 4410 144 4478 τηρα
163 4413 298 4490 deeuutlin'
313 4413 399 4462 iisdem
418 4415 552 4464 codicibus.
717 4413 802 4480 τριῶν
825 4411 919 4464 τοίνυν
942 4413 1130 4484 προκειμένων
1148 4409 1304 4483 νοημάτων.

106 4483 124 4529 i.
153 4479 217 4530 Editi
243 4491 394 4536 ωιονοιιιν,
425 4489 449 4531 nt
472 4483 571 4543 Sepucr.
591 4482 664 4532 unit
715 4483 741 4531 iu
762 4483 832 4532 editis
850 4483 919 4534 «tuest
938 4477 1228 4548 τοίνυνιινιημιέτυν.
1256 4481 1307 4530 tior

72 4547 175 4596 Gobter.
193 4555 216 4595 et
233 4547 373 4598 Felctm.l.
392 4541 526 4604 ἐπίνοιαν,
546 4556 569 4598 et
585 4551 664 4600 itata·
716 4549 788 4598 iidem
814 4551 867 4602 rod.
893 4543 1000 4602 ttonor
1026 4543 1068 4600 dv.
1106 4551 1168 4600 Editi
1191 4565 1247 4599 vero
1273 4537 1308 4592 ἂν

70 4623 106 4676 git
123 4615 242 4666 daunino.
716 4607 817 4667 ἕλεσθε.
