2960 5026
510 213 625 274 CONTRb
640 212 856 256 succubuerunt
872 213 958 258 tlnsn
969 213 1000 254 ΙΙ.
1308 204 1318 264 ξ
1343 257 1344 264 ¹

135 383 153 422 ι
200 372 240 426 et
268 365 389 428 virtute
411 382 444 426 se
465 363 577 446 peccati
600 371 750 443 expertem
768 363 895 436 exbibet,
918 371 1075 444 postquam
1091 369 1279 430 necessitatis
1295 389 1319 432 oe
1343 388 1344 426 1

139 485 276 550 onero
306 477 340 529 et
361 467 471 546 peccati
494 467 588 547 legem
611 466 757 540 dissolvit,
781 475 811 528 et
833 465 1008 547 captivitatis
1031 469 1199 548 Tyrannum
1223 471 1253 532 in
1276 491 1320 551 cap

135 577 243 630 item
271 553 466 642 adduxit„ut
487 568 528 630 ait
549 567 713 648 Propheta:
736 569 908 632 Accendisse·
926 572 960 630 iu
982 569 1094 644 cltum,
1118 579 1225 656 cepisti
1246 585 1320 656 capu

135 690 223 732 m.
280 669 360 732 Nam
384 689 449 732 cum
473 672 596 732 lormam
620 671 698 734 servi
722 669 843 732 inimico
866 671 994 733 Verbum
1019 671 1175 750 obiecerit,
1208 695 1263 756 per
1293 695 1344 738 eui

187 772 275 834 olim
304 772 401 834 victus
422 773 527 856 luerat,
551 773 703 835 victoriam
726 781 929 852 consequutus
952 783 1007 836 est.
1053 775 1199 848 Quocirca
1213 796 1268 857 per
1284 798 1344 840 on]

135 874 312 936 stationis
337 892 429 954 genus
451 875 644 954 pertransivit
664 874 767 948 lesus,
790 874 858 956 quia
881 875 979 937 omnia
1003 877 1130 950 sumsit,
1153 876 1184 938 in
1207 897 1280 958 qnae
1304 892 1344 941 te*

135 977 253 1038 ionis
280 976 521 1058 experimentum
544 976 649 1040 cadere
671 977 785 1058 possit,
814 977 922 1058 quibus
952 979 1102 1040 victoriam
1124 998 1179 1060 pro
1202 980 1344 1044 buminili

135 1078 314 1158 portavit,
339 1077 482 1158 dicitque:
508 1080 663 1161 Confidite,
687 1099 738 1160 epo
762 1083 822 1143 vici
842 1082 997 1160 muudum.
1040 1079 1142 1161 Neque
1169 1081 1249 1153 euim
1271 1101 1344 1144 coni

135 1182 299 1253 ¹itatem,
334 1198 421 1260 quam
443 1180 474 1242 in
498 1181 547 1242 illo
572 1200 631 1243 non
654 1190 757 1256 norat,
790 1181 899 1244 bellum
922 1182 1053 1263 suscepit
1076 1182 1228 1256 diabolus,
1258 1201 1344 1262 nequi

135 1303 215 1346 ,am
242 1282 331 1344 enim
352 1282 383 1344 id
400 1302 497 1370 'ausus
520 1292 612 1356 esset,
636 1283 762 1364 ideoque
785 1282 897 1349 aiebat:
920 1283 956 1345 Si
973 1283 1069 1346 nuos
1085 1284 1205 1357 Dotem
1228 1283 1281 1346 sed
1298 1301 1344 1344 ct*

135 1406 152 1446 a
192 1386 370 1458 hominem,
394 1404 481 1466 quem
504 1384 572 1447 olim
595 1384 625 1446 iu
649 1404 780 1446 errorem
804 1385 950 1460 deducere
971 1384 1070 1460 valuit,
1094 1405 1129 1446 ex
1145 1405 1204 1466 quo
1220 1385 1253 1446 in
1267 1405 1344 1446 omri

135 1487 275 1548 »mines
300 1487 431 1550 malitiae
454 1505 526 1548 suae
549 1487 707 1550 efficaciam
729 1489 913 1568 propagavit.
958 1487 1030 1550 Cum
1053 1496 1151 1550 autem
1175 1486 1254 1548 Adae
1276 1489 1344 1548 aul}

176 1588 300 1650 mortis
325 1588 569 1650 condemnatione
592 1588 776 1651 detineretur
804 1608 838 1651 ae
864 1598 1008 1670 perpetuo
1038 1589 1074 1650 ad
1097 1587 1256 1650 Dominum
1286 1608 1326 1649 sui

136 1698 288 1763 amaret,
314 1691 384 1750 item
407 1708 474 1752 cum
497 1689 535 1762 ii,
560 1690 609 1769 qui
631 1690 694 1750 Deo
717 1690 888 1770 placuerant
911 1698 940 1750 et
962 1690 1012 1768 qui
1035 1690 1063 1751 in
1087 1689 1152 1770 lege
1174 1689 1300 1752 naturali
1323 1693 1344 1752 lz

135 1791 247 1852 ,itiam
272 1791 430 1870 assequuti
452 1793 586 1863 lucrant,
609 1811 667 1854 una
691 1809 758 1853 cum
778 1791 891 1852 Adamo
915 1791 1119 1854 detinerentur
1141 1803 1174 1854 ac
1185 1791 1284 1854 simul
1307 1811 1327 1854 ci

135 1893 182 1952 lo
207 1893 350 1972 lugerent
371 1892 608 1972 clamarentque,
633 1893 777 1955 Dominus
801 1912 889 1974 quem
912 1893 1084 1955 condiderat
1106 1894 1259 1954 hominem
1282 1893 1344 1954 miei

135 2002 218 2056 atus
242 1992 342 2056 voluit
363 2012 416 2072 per
437 1994 620 2073 mysterium,
645 1994 723 2073 quod
746 1995 953 2068 manifestavit,
977 2013 1083 2056 novam
1104 1995 1227 2056 salutern
1244 1995 1344 2056 huma]

139 2094 240 2156 oneri
263 2094 440 2168 conciliare,
464 2095 691 2176 inimicumque,
722 2096 772 2176 qui
794 2115 848 2176 per
870 2096 1009 2158 iuvidiam
1033 2096 1184 2158 bominem
1208 2096 1344 2176 deceperi

135 2195 315 2274 ‚rolligarm
346 2196 551 2258 exaltationem
574 2198 826 2260 autem'bomiuis
848 2199 960 2259 unione
982 2199 1030 2260 illa
1054 2207 1084 2260 et
1106 2199 1344 2260 communicatio}

135 2316 206 2358 :um
229 2296 390 2371 Altissimo,
406 2300 521 2370 (natura
544 2307 574 2359 et
590 2299 633 2361 rei
650 2298 784 2377 veritate)
807 2294 951 2363 maiorem
966 2319 1053 2380 quam
1070 2300 1283 2384 quaeuiutelligi
1298 2319 1344 2380 pei

135 2399 179 2458 tit
203 2395 345 2458 exhibere
368 2397 506 2476 diguatus
530 2406 587 2460 est.

232 2705 281 2766 10.
304 2701 463 2780 Propterea
476 2700 704 2775 venitVerbum,
729 2701 808 2782 quod
824 2701 905 2763 Deus
925 2711 989 2764 erat
1001 2711 1031 2764 et
1043 2701 1131 2782 primi
1145 2701 1274 2763 bominis
1289 2721 1344 2764 orei

135 2813 205 2876 tor,
228 2810 260 2863 ut
281 2802 370 2864 bomo
386 2803 480 2876 lieret,
497 2820 556 2883 quo
573 2803 663 2864 bomo
680 2803 798 2883 quidem
814 2803 1013 2878 revivisceret,
1030 2803 1149 2884 iniquus
1166 2811 1263 2864 autem
1277 2804 1344 2865 hos

136 2904 367 2986 profligaretur3
390 2906 469 2984 quod
486 2913 586 2966 ustum
602 2923 637 2968 ex
656 2906 778 2968 muliere
792 2925 828 2966 ex
841 2905 936 2986 prima
954 2906 1160 2968 efformatione
1177 2905 1300 2966 sormam
1316 2905 1344 2966 ln

136 3008 236 3070 uminis
248 3005 278 3067 iu
289 3005 390 3085 seipse
403 3007 542 3080 restituit,
554 3025 673 3070 caruem
686 3026 756 3069 vero
769 3026 853 3069 suam
865 3007 977 3088 absque
990 3007 1154 3070 carnalibus
1167 3005 1344 3086 cupiditatihi

142 3119 179 3170 et
196 3107 302 3187 absque
313 3107 449 3170 humanis
461 3109 691 3189 cogitationibus
709 3109 739 3169 iu
757 3109 883 3190 imagine
902 3109 1041 3176 novitatis
1061 3108 1202 3170 exhibuit.
1231 3107 1344 3168 Volunti

145 3211 227 3274 enim
242 3209 332 3272 solius
347 3210 513 3274 Divinitatis
532 3220 604 3285 erat,
622 3211 768 3292 siquidem
783 3221 885 3273 natura
906 3219 966 3272 tota
978 3209 1067 3272 Verbi
1084 3210 1185 3272 aderat
1199 3209 1254 3270 sub
1273 3229 1344 3290 sper,

146 3311 229 3373 mine
243 3311 383 3374 humanae
400 3315 512 3376 formae
530 3331 646 3374 necnon
666 3313 789 3376 visibilis
806 3313 929 3376 secundi
941 3313 1032 3374 Adam
1045 3313 1151 3385 carnis,
1169 3331 1231 3374 non
1248 3313 1280 3372 in
1296 3312 1337 3372 die

154 3413 241 3474 siene
250 3431 452 3492 personarum,
467 3415 520 3476 sed
537 3415 567 3477 iu
581 3415 736 3478 existentia
748 3415 908 3477 divinitatis
920 3423 950 3476 ct
961 3412 1162 3476 humanitatis.
1187 3413 1344 3491 Quapropl

192 3564 207 3610 l.
230 3563 323 3622 Seguert
348 3563 445 3613 Gobler.
476 3572 499 3613 et
523 3565 627 3615 l'eiclm.
646 3567 667 3615 t.
690 3560 737 3613 καὶ
786 3567 877 3614 diserte
901 3565 1003 3614 admittit
1026 3565 1051 3612 S.
1070 3564 1159 3612 Ductor
1182 3563 1295 3626 superius
1320 3578 1344 3625 pl

156 3622 288 3694 βοώντων.
787 3633 835 3682 887
855 3627 897 3696 [de
916 3634 1006 3681 incarn.
1026 3638 1144 3680 utcontra
1163 3629 1344 3679 brianosnfflssl

194 3713 214 3759 q.
238 3699 330 3759 Sequor.
347 3690 395 3744 eet
419 3689 537 3763 φθόνου.
584 3697 656 3747 Paulo
680 3707 736 3762 post
789 3689 946 3763 ὅτανλέγῃ·
965 3693 1060 3765 πάτερ,
1081 3689 1105 3746 si
1123 3690 1242 3744 δυνατὸν
1259 3689 1291 3743 τὸ
1309 3709 1344 3743 ucu

160 3765 229 3816 basil.
246 3757 389 3831 ἀνθρώπου
406 3759 451 3813 καὶ
468 3760 538 3830 πρὸς
554 3757 611 3814 τόν.
786 3765 868 3814 τοῦτο
886 3761 999 3830 nequid.
1026 3756 1070 3813 ἀπ’
1090 3759 1174 3832 ἐμοῦ·
1198 3756 1321 3840 nelops,
1343 3777 1344 3809 l

195 3836 216 3884 b.
233 3835 263 3884 ltu
280 3835 375 3896 Seguer.
410 3833 436 3883 ln
456 3835 526 3882 edilis
544 3825 574 3881 ἰν
590 3833 666 3883 deest.
784 3827 853 3900 ἐμὸν
870 3829 976 3899 θέλημα
987 3829 1108 3897 γένηται,
1128 3824 1194 3880 ἀλλὰ
1206 3824 1236 3878 τὸ
1249 3844 1308 3885 σον,
1327 3843 1340 3876 κ

196 3905 210 3951 t.
232 3903 323 3964 Seruer.
346 3893 478 3962 θεότητος
493 3892 582 3967 μόνη,
602 3901 645 3951 sed
661 3915 733 3966 pree·
785 3896 816 3950 τὸ
833 3895 886 3967 μὲν
902 3902 1010 3977 πνεῦμα
1090 3891 1209 3952 ἂσθεν’ς
1226 3899 1316 3959 quartu.
1330 3897 1344 3947 t:

161 3978 206 4020 stat
221 3971 307 4034 antiqua
325 3970 411 4030 lectio,
430 3979 514 4034 estque
534 3969 656 4020 Athanasii
675 3985 733 4020 sen·
784 3969 824 4020 39.
843 3969 911 4029 lb),
936 3963 985 4016 duo
1007 3961 1150 4033 θελήματα
1179 3915 1302 4044 inquieta
1320 3959 1344 4014 dl

163 4039 243 4096 tentia,
265 4039 401 4088 uoluntatem
427 4039 450 4087 in
475 4037 571 4088 Christe
596 4039 626 4087 its
654 4037 731 4087 solius
782 4048 875 4092 κνυσι,
895 4030 996 4103 τὸμὲν
1014 4027 1209 4104 ἀνθρώπινον,
1230 4046 1295 4098 carp
1313 4025 1344 4082 dd

165 4105 279 4156 diuinitatis
296 4121 360 4165 esse,
379 4113 405 4154 ut
423 4119 450 4154 ex
468 4105 538 4154 diuini
559 4105 627 4154 Verbi
645 4105 730 4154 volun·
782 4103 831 4164 vis
849 4097 962 4172 σαρκὸς,
983 4099 1014 4153 τὸ
1033 4099 1063 4153 δὲ
1081 4096 1189 4173 driadas,
1208 4092 1274 4168 ὅπερ
1292 4099 1344 4151 deo

165 4181 208 4222 tuta
225 4189 299 4224 onnes
312 4175 332 4224 iu
343 4173 438 4223 cbristo
449 4173 606 4233 cogitationes
616 4181 731 4236 actusque
783 4171 851 4236 elul.

166 4243 284 4318 prodirent,
299 4241 327 4290 itu
345 4250 370 4291 ut
389 4239 454 4290 nulla
476 4241 500 4290 iu
519 4255 548 4318 eo
567 4241 731 4319 carnalis'cu·
817 4273 840 4324 k·
859 4274 893 4323 na
912 4271 1012 4336 Smer·
1048 4273 1074 4322 ln
1094 4271 1164 4323 edm,
1178 4264 1226 4318 καί
1242 4269 1316 4320 (Μ,

167 4311 256 4372 piditas,
284 4310 341 4358 uuila
368 4309 470 4358 bumana
496 4315 623 4368 tortusue,
647 4316 731 4357 retrusa

169 4377 261 4437 scilicet,
284 4377 388 4426 oriretur.
424 4377 473 4426 Nec
499 4375 627 4424 bumauam
652 4383 730 4425 tamen
817 4375 834 4424 l.
852 4374 951 4436 Sequer.
969 4365 1087 4440 προσῄει.
1132 4372 1227 4422 Gubler.
1246 4371 1344 4421 etl'elc

171 4444 239 4494 inesse
260 4445 343 4496 cbristo
371 4444 515 4496 uoluntatem
545 4453 631 4506 negat,
660 4456 732 4508 quam
785 4443 899 4494 mannil.
918 4437 1036 4509 aporeiq.
1075 4439 1136 4490 Editi
1153 4435 1283 4507 replicatus.
