3158 5050
529 341 639 387 cetero
654 343 693 387 rr.
710 343 827 391 course
840 347 974 392 munos.
1168 412 1175 424 ⁵
1292 343 1357 408 643

121 489 261 570 sequitur
282 499 315 554 ut
336 491 454 554 Patrem
476 461 657 572 posterius,
674 513 737 558 non
763 497 848 577 prius
876 501 1056 578 cognoverit.
1100 502 1162 566 Nec
1183 507 1262 570 enim
1284 525 1437 572 eumeces.

11 587 13 590 ’
119 591 208 652 norit
230 601 374 672 quotenus
396 592 525 656 Verbum
548 604 610 670 est,
642 597 696 659 sed
726 606 870 677 quatenus
892 600 994 664 Filius.
1037 602 1131 670 Nemo
1160 608 1239 670 enim
1266 614 1355 675 coeit

11 717 12 724 ¹
119 696 247 758 Patrem
267 699 331 758 ciet
351 695 457 759 Filius.
502 697 650 777 Sequetur
670 699 752 774 item,
775 701 896 765 nonnisi
917 704 1068 784 posteriue
1090 708 1301 788 contigissent
1321 712 1358 774 iu·

10 825 11 828 ¹
121 798 194 860 sinu
214 797 311 860 Patris
333 797 438 872 inerit,
467 797 591 879 ipseque
619 807 649 862 et
669 800 758 864 Pater
786 806 974 868 unumiacti
996 807 1072 882 sint,
1100 812 1288 892 evenciitque
1310 814 1353 890 id,

9 925 10 928 ¹
119 899 205 979 quod
227 899 314 962 dixit:
347 901 411 974 Qui
430 903 506 964 cidit
526 920 588 973 me,
617 903 694 966 uidet
714 904 846 968 Putrem.
891 905 964 969 Nom
994 908 1068 972 haec
1095 912 1194 974 omnia
1216 913 1254 976 de
1275 916 1437 980 Viliceeeo.

118 1001 199 1063 dicta
223 1011 302 1063 sunt.
346 1003 474 1083 Insuper
495 1021 532 1066 ex
553 1001 601 1066 his
624 1013 768 1084 cogentur
789 1007 885 1080 iateri,
907 1008 1033 1072 Verbum
1050 1010 1123 1073 nihii
1144 1013 1239 1077 tuisse
1260 1034 1350 1096 prae-

118 1111 172 1164 ter
197 1121 311 1199 merum
340 1121 461 1164 nomen.
504 1103 606 1184 Neque
634 1106 714 1168 enim
741 1107 784 1172 in.
800 1108 889 1171 nobis
917 1128 984 1172 cum
1006 1110 1094 1174 Putre
1115 1123 1194 1189 erat,
1224 1134 1280 1179 nec
1301 1118 1355 1198 qui

118 1205 252 1268 Verbum
273 1205 400 1279 videbat,
422 1205 540 1268 Patrem
563 1207 690 1281 videbat,
713 1227 768 1271 nec
790 1209 925 1292 cuiquam
949 1212 1071 1274 omniuo
1093 1221 1183 1276 notus
1206 1224 1270 1278 erat
1290 1217 1351 1280 Pa-

118 1317 186 1380 ter,
215 1307 325 1388 quippe
355 1307 405 1387 qui
426 1325 481 1387 per
502 1307 609 1370 Filium
630 1320 845 1388 cognoscatur3
874 1313 918 1374 eie
946 1314 1025 1376 enim
1054 1314 1283 1395 scriptumest:
1311 1317 1352 1381 iit

6 1432 7 1440 ν
119 1413 174 1472 cui
194 1408 290 1471 Filius
313 1409 506 1473 revelaverit.
550 1409 635 1473 Unde
652 1429 718 1474 cum
736 1412 861 1474 Verbum
884 1415 1017 1478 nondum
1040 1427 1123 1478 esset
1142 1416 1246 1492 Filius,
1269 1437 1349 1481 non-

67 1501 72 1508 ’
118 1511 193 1572 dum
215 1529 332 1591 quoque
353 1511 441 1574 Pater
463 1513 710 1592 cognoscebatur.
754 1513 913 1588 Quomodo
938 1517 1028 1596 igitur
1042 1517 1137 1598 Mopsi
1160 1527 1190 1580 et
1210 1519 1351 1584 Patribus

118 1611 283 1693 apperuit?
327 1612 395 1691 ipse
418 1613 549 1686 enimin
570 1613 656 1677 libris
678 1614 849 1694 Regnorum
871 1618 911 1680 ita
933 1618 1078 1698 loquitur:
1100 1619 1261 1684 decolatus
1281 1641 1353 1686 auce

116 1715 258 1778 omnebus
277 1715 420 1795 patribus
443 1719 568 1778 uestris.
610 1715 741 1778 Proinde
771 1717 798 1778 si
826 1718 972 1782 revelatus
1002 1728 1050 1782 est
1070 1720 1165 1796 Deus,
1194 1731 1275 1784 certe
1295 1722 1349 1784 Fi·

115 1817 178 1880 iius
200 1816 349 1889 revelavit,
373 1823 406 1877 nt
427 1815 493 1895 ipse
515 1823 658 1886 testetur:
687 1829 717 1880 et
739 1824 790 1880 cui
809 1819 906 1883 Vitiata
928 1821 1122 1886 revelaverit.
1165 1824 1267 1903 itaque
1288 1823 1348 1886 im·
1408 1867 1412 1874 =

113 1919 201 2000 pium
224 1927 253 1980 ct
275 1917 397 1980 stultum
420 1917 501 1980 dictu
523 1926 585 1991 est,
613 1918 691 1980 aliud
721 1937 790 1982 esee
812 1920 939 1984 Verbum
970 1931 1000 1983 et
1028 1923 1117 1986 elium
1140 1941 1209 1986 esee
1230 1923 1350 1987 Filium.

116 2009 183 2084 Nec
202 2039 274 2082 vero
297 2019 333 2082 ab
354 2039 389 2082 rc
410 2021 468 2082 erit
489 2020 659 2100 inquirere,
682 2021 832 2083 undenam
854 2022 1028 2086 huiusmodi
1050 2024 1205 2087 hauserint
1226 2025 1347 2106 opinio-

114 2140 198 2185 nem.
240 2121 330 2184 biunt
351 2122 457 2202 igitur,
486 2140 552 2185 cum
581 2122 611 2184 in
637 2130 738 2184 vetere
760 2123 954 2186 Testamenta
985 2125 1062 2188 nulia
1084 2126 1150 2188 Filii
1179 2127 1231 2190 sed
1254 2127 1348 2190 solius

114 2222 207 2286 Verbi
238 2224 289 2285 fiat
319 2225 449 2298 mentio,
483 2223 594 2286 ideirco
623 2243 657 2286 se
685 2224 801 2304 opinari
827 2225 936 2288 Filium
963 2227 1060 2288 Verbo
1093 2227 1240 2291 iuniorem
1268 2248 1348 2304 esse,

113 2325 229 2406 quippe
251 2343 318 2388 cum
340 2325 414 2386 nihii
435 2325 472 2386 de
493 2324 561 2405 ipso
582 2325 694 2389 dictum
716 2325 808 2388 sitin
834 2337 935 2390 vetere
958 2326 1168 2403 Testamenio,
1197 2331 1250 2392 sed
1278 2339 1347 2392 tun·

114 2437 181 2490 tum
203 2429 234 2488 in
256 2445 345 2490 novo.
390 2427 470 2489 iiaec
490 2436 571 2502 sunt,
593 2445 668 2508 qnae
690 2427 731 2490 ilii
753 2430 919 2509 proterunt,
943 2429 996 2492 sed
1015 2430 1116 2510 impie.
1160 2431 1234 2496 Nam
1248 2433 1349 2512 primo

97 2529 311 2614 ,Testamenta
333 2528 474 2604 dividere,
497 2529 538 2592 ita
560 2539 593 2592 ut
612 2547 706 2592 uuum
727 2549 794 2593 cum
816 2531 873 2593 aiio
889 2549 951 2592 non
967 2531 1134 2606 cohaereat,
1156 2531 1347 2596 bianieheec-
1392 2602 1396 2610 .

112 2651 185 2696 rum
207 2639 295 2712 atque
317 2631 494 2698 ludaeorum
517 2639 572 2706 est,
595 2649 722 2712 quorum
744 2632 883 2695 nimirum
905 2631 953 2694 aiii
975 2633 1088 2707 reteri,
1112 2633 1161 2696 alii
1183 2651 1261 2694 novo
1285 2634 1347 2696 Te-

86 2743 264 2796 -stamento
286 2733 491 2796 adversantur.
535 2731 648 2796 Deinde
670 2733 712 2806 si,
744 2744 777 2796 ut
797 2741 917 2812 putant,
941 2751 993 2805 ea,
1026 2733 1153 2812 quaein
1175 2733 1269 2794 veteri
1291 2751 1349 2794 er-

113 2843 197 2898 staut
220 2835 413 2898 Testamentc
423 2869 438 2910 ,1
454 2843 590 2915 tempore
613 2834 804 2908 antecedunt,
834 2853 868 2896 ea
891 2843 1004 2907 autem,
1033 2853 1109 2914 quue
1130 2835 1162 2896 in
1183 2852 1261 2896 novo
1284 2833 1346 2896 Te-

112 2943 265 2999 stamento
294 2937 502 3010 continentur,
534 2935 702 3000 recentiora
730 2944 817 3009 sunt,
850 2935 998 3014 velintque
1031 2953 1067 2996 ex
1096 2934 1205 2998 divinis
1236 2933 1345 2998 litteris

112 3047 252 3118 tempora
274 3039 434 3112 aestimari,
456 3057 581 3102 necesse
603 3056 676 3100 eane
698 3045 746 3100 eet
766 3037 822 3100 ista
845 3055 914 3099 esse
936 3037 1112 3111 recentiora,
1135 3053 1258 3115 nempe:
1282 3033 1346 3116 Epo

112 3151 146 3202 et
168 3139 376 3203 Paternacum
398 3139 727 3220 senectutemque,
753 3140 816 3214 Qut
835 3141 910 3202 vidit
931 3159 986 3211 aee,
1009 3141 1085 3202 cidit
1106 3137 1237 3202 Patren.
1279 3136 1347 3200 Non

113 3241 198 3302 enim
220 3259 256 3304 er
277 3250 378 3304 vetere
399 3242 603 3318 Testamenta,
625 3242 678 3304 sed
701 3260 736 3302 er
757 3259 838 3302 noro
858 3241 932 3302 baec
952 3240 1130 3304 testimonia
1142 3241 1345 3320 proferuntur.

200 3447 252 3510 24.
297 3445 385 3525 Atqui
407 3463 469 3507 non
491 3445 532 3506 ita
553 3453 616 3520 est,
644 3443 696 3506 sed
725 3443 812 3510 etiarn
840 3461 944 3506 revera
970 3444 1001 3504 in
1029 3452 1129 3506 vetere
1151 3442 1344 3504 Testamento

114 3545 208 3608 madta
230 3546 267 3608 de
288 3545 362 3608 Filio
387 3554 563 3622 ocurrrunt,
589 3555 625 3608 ut
650 3546 681 3608 in
703 3545 822 3608 Psalmo
845 3546 993 3608 secundo:
1022 3544 1120 3609 Filius
1141 3557 1225 3605 mem
1247 3561 1277 3604 ee
1301 3551 1346 3610 eu.

115 3665 171 3726 epo
194 3647 280 3710 bodie
301 3629 395 3728 penui
414 3658 454 3724 te,
477 3654 507 3709 et
529 3647 560 3708 in
582 3665 663 3708 nono
686 3645 855 3726 inscriptio:
878 3646 916 3708 lae
937 3647 1028 3728 finem
1045 3662 1106 3725 pro
1131 3640 1349 3706 occultorum·

114 3747 257 3811 Paciaecus
280 3747 394 3821 Ducid,
429 3759 459 3812 et
490 3749 520 3810 in
549 3747 776 3828 quadragesimo
799 3755 920 3826 quarto:
953 3746 992 3809 lae
1018 3745 1109 3826 finem
1127 3761 1189 3826 pro
1212 3747 1264 3813 iie,
1295 3743 1349 3822 qui

114 3849 399 3924 commutabuntur,
430 3850 504 3932 filiis
530 3851 606 3912 Cere
627 3850 667 3911 cd
687 3848 888 3924 intellectum,
914 3845 1067 3910 daviticum
1084 3865 1147 3927 pro
1170 3844 1292 3915 dilecto,
1316 3849 1347 3904 ct

113 4035 183 4086 abest
201 4035 230 4084 ob
250 4033 303 4084 eliis
323 4045 347 4086 ct
366 4037 444 4086 editis.
481 4037 533 4087 itor
550 4037 584 4088 Re
602 4045 643 4086 .et
660 4036 705 4088 Se·
758 4035 815 4086 editi
834 4029 977 4101 δέχεσθαι,
1008 4043 1032 4084 nt
1056 4041 1079 4084 et
1102 4032 1171 4098 prius
1195 4027 1302 4078 exstabat
1319 4025 1345 4078 in

112 4117 181 4166 quer.
200 4094 320 4172 ipiodue.
369 4105 448 4155 Ceteri
467 4113 490 4154 et
508 4105 565 4156 editi
583 4051 704 4172 dcccdccc.
757 4104 839 4165 Regio.

148 4185 169 4220 e.
188 4169 229 4220 Sic
253 4171 309 4231 Req.
329 4172 429 4234 Sequer.
448 4172 522 4222 basii.
541 4181 565 4223 et
582 4174 705 4235 enqiicun.
793 4173 816 4220 b.
835 4171 876 4220 Sic
893 4171 949 4231 neg.
969 4169 1069 4244 Sequor..
1089 4163 1188 4245 pobiep.
1206 4161 1344 4240 etb'eictnp.

112 4238 140 4288 in
158 4237 214 4288 eiiie
233 4247 257 4289 et
274 4241 345 4290 editis
364 4239 433 4291 deest
448 4240 503 4291 nat.
759 4237 782 4288 1.
817 4239 846 4288 tt
858 4237 899 4289 aiii
909 4245 933 4288 et
942 4237 998 4288 editi
1014 4227 1063 4283 dii
1083 4229 1192 4313 ciqdpp
1209 4224 1239 4279 di
1255 4223 1286 4278 ἐν
1303 4243 1345 4294 tp.

147 4305 164 4355 i.
183 4307 224 4356 Sic
249 4308 306 4368 ties.
331 4309 431 4370 Segner.
451 4307 523 4358 barii.
542 4317 566 4358 et
582 4307 705 4370 inqiicen.
792 4307 808 4356 i.
825 4305 883 4367 usq.
907 4311 930 4355 et
953 4305 1054 4366 Sequor.
1077 4315 1120 4356 το.
1142 4313 1201 4352 cece
1215 4311 1278 4364 μου·
1317 4297 1345 4348 in

114 4373 192 4423 iteiii
205 4382 228 4424 et
246 4375 304 4426 editi
323 4377 437 4426 omittunt
454 4369 518 4443 napi
535 4365 627 4428 adreci.
653 4375 705 4426 iter
755 4373 810 4424 aliie
828 4360 1082 4424 etoditiedeestrd.
1118 4365 1344 4484 bioxtitpssftwp

114 4441 213 4491 Gobler.
231 4435 329 4492 ἐκεῖνον
346 4435 375 4491 oi
391 4433 502 4506 derelicta.
537 4443 628 4506 ungite.
646 4443 704 4494 ibid.
755 4441 829 4492 basii.
848 4450 872 4492 et
888 4440 1010 4504 dugiicen.
1029 4431 1075 4486 eui
1096 4429 1194 4516 ἕντο)ἱ
1210 4445 1309 4515 ιονοτφ
1328 4445 1344 4492 q

111 4499 230 4574 deceptio
247 4505 297 4570 τὴν
315 4504 458 4572 διαθήκην.
755 4499 913 4628 ἐπνγρονφῖἕ
939 4509 1024 4588 Ι(ἔονονί
1042 4515 1067 4557 et
1084 4505 1220 4584 edpramq
1234 4491 1348 4566 ἐπιγρα·

150 4591 172 4639 ν.
190 4579 273 4630 sicin
292 4580 349 4643 Res.
368 4580 521 4632 emendatum
540 4585 584 4630 est.
619 4577 665 4630 itii
683 4587 707 4630 et
756 4571 798 4645 φὴ
816 4575 866 4628 τοῦ
912 4589 998 4626 reiron
1014 4569 1137 4642 petpoc.
1327 4608 1345 4619 ..

1080 4647 1138 4710 Μ’*
