3106 5056
222 345 288 412 m
622 353 821 404 εστωσαν
835 353 1060 402 namnum

137 531 215 578 νεα.
223 509 433 580 τετελείωται
460 493 518 574 σύν
544 504 579 575 ίν
608 497 697 592 αύτῷ
718 507 774 574 καί
796 497 1072 593 άπεκατεστάθη,
1102 499 1213 591 ῶςπερ
1234 491 1350 590 ἦνκαὶ
1372 500 1450 571 κατά

222 611 282 699 τὴν
303 607 404 698 ἀρχὴν
424 605 583 696 ’γεγονός
605 605 645 674 τὸ
667 600 886 694 άνθρεύπινσν
904 610 1009 708 γένος,
1032 607 1087 674 καί
1107 605 1236 691 μείζονι
1254 604 1382 690 μᾶλλον
1395 602 1451 687 χά-

223 738 303 801 ριτι.
339 706 540 789 ἀναστάντες
559 707 622 795 γὰρ
644 707 679 776 έκ
700 710 822 794 νεκρῶν
845 701 956 774 οὐκέτι
976 706 1179 796 φοβούμεθα
1199 705 1359 786 θάνατον,
1383 697 1449 774 ἀλλ’

188 803 195 816 ’
225 814 260 883 δν
280 815 420 900 Χριστῷ
448 809 688 898 βασιλεύσομεν
710 804 762 878 άεί
785 807 820 877 έν
840 817 914 887 τοῖς
935 802 1099 895 οῦρανοίς.
1135 812 1235 877 τοῦτο
1257 808 1295 878 δὲ
1314 813 1451 895 γέγονα,

225 913 342 1003 ἐπειδὴ
371 907 472 992 αότὸς
499 907 598 980 ὁτοῦ
619 913 705 980 θεοῦ
727 908 825 996 λόγος
845 909 934 990 ἰ’δισς
954 911 1010 978 καὶ
1032 909 1068 980 ἐκ
1087 911 1147 978 τοῦ
1168 909 1298 998 πατρὸς
1318 903 1366 976 ῶν
1388 907 1453 978 ένο-

226 1015 350 1086 δόσατο
371 1013 434 1101 τὴν.
452 1012 557 1100 σάρκα
577 1009 635 1080 καὶ
655 1016 785 1098 γέγονεν
807 1009 1001 1098 άνθρωπος.
1040 1013 1070 1082 εί
1090 1014 1153 1101 γάρ
1173 1017 1296 1098 κτίσμα
1318 1005 1364 1080 ῶν
1386 1010 1454 1098 ἐγε-

223 1118 315 1208 γόνεε
335 1114 530 1203 ἄνθρωπος,
553 1113 685 1199 ιἔμενεν
708 1106 804 1182 οῦδὲν
824 1102 924 1201 ἧττον
946 1107 965 1180 ό
987 1110 1182 1201 ἄνθρωπος,
1205 1111 1315 1202 ὥςπερ
1336 1115 1393 1182 καί
1408 1101 1452 1200 fr,

225 1215 265 1288 ού
293 1217 481 1306 συναφθεὶς
506 1217 555 1303 τῷ
583 1217 666 1301 θεῷ.
716 1216 792 1294 πῶς
810 1213 873 1302 γάρ
895 1205 936 1282 άν
958 1221 1091 1303 ποίημα
1112 1210 1159 1285 ῶν
1189 1216 1247 1286 διὰ
1267 1214 1455 1306 ποιήματος
1538 1263 1539 1268 1

225 1320 411 1410 συνήπτετο
433 1319 496 1404 ”τῷ
523 1321 657 1404 κτίστης
693 1307 715 1402 ἢ
740 1321 827 1384 ποία
853 1316 1000 1405 βοήθεια
1027 1318 1122 1405 παρά
1147 1321 1216 1388 τῶν
1238 1313 1364 1404 ὁμοίιον
1386 1327 1455 1398 τοῖς

227 1419 359 1509 ὁμοίοις
378 1413 496 1508 γένοιτ’
521 1415 572 1499 άν,
596 1417 762 1503 δεομένων
782 1415 840 1484 καί
859 1412 969 1486 αὐτῶν
990 1421 1051 1506 τῆς
1063 1413 1165 1501 αύτῦς
1177 1425 1342 1510 βοηθείας
1348 1449 1360 1506 ,·
1383 1423 1456 1502 πῶς

226 1527 273 1607 δί,
297 1524 392 1610 εύπερ
414 1526 536 1607 κτίσμα
557 1508 617 1607 δῆν
640 1514 658 1585 ό
681 1517 788 1605 λόγος,
810 1517 870 1604 τὴν
892 1513 1069 1609 ἀπόφασιν
1091 1523 1150 1590 τοῦ
1171 1525 1257 1590 θεοῦ
1278 1523 1380 1592 λῦσαι
1403 1524 1456 1590 δυ·

226 1625 326 1708 νατὸς
345 1615 385 1712 ἦν
407 1625 462 1690 καί
485 1616 623 1710 ἀφεῖναι
643 1618 703 1707 τὴν
725 1615 900 1706 άμαρτίαν,
923 1627 1163 1710 ’γεγραμμένου
1177 1623 1271 1711 παρά
1284 1633 1359 1704 τοῖς
1373 1649 1457 1713 προ-

165 1767 174 1781 ·
226 1726 350 1819 φὴταις
381 1720 435 1794 ότι
462 1726 561 1792 τοῦτο
587 1723 673 1791 θεοῦ
700 1721 790 1806 δστις
828 1730 881 1803 τίς
908 1722 970 1812 γὰρ
997 1723 1082 1805 θεὸς
1109 1720 1221 1816 ῶςπερ
1249 1725 1291 1793 σὺ
1319 1725 1457 1814 ἐξαίρων

227 1827 392 1918 ἁμαρτίας
411 1824 469 1894 καὶ
488 1820 699 1912 ὑπερβαίνων
721 1819 911 1910 άνομίας’),·
945 1821 1046 1912 ὃμὲν
1066 1826 1128 1914 γάρ
1149 1825 1233 1908 θεὸς
1255 1819 1347 1898 εἶπε·
1369 1822 1458 1916 rije!
1543 1827 1544 1838 ’

227 1929 284 2000 καὶ
305 1930 353 2008 είς
373 1931 433 2016 γῆν
455 1921 670 2014 άπελεύσηἺ,
701 1925 734 1992 σί
756 1926 793 1992 δέ
815 1923 998 2013 ἄνθρωποι
1017 1927 1174 2016 γεγόνασι
1194 1934 1325 2016 θνητοί
1369 1931 1458 2009 ιπῶς

227 2037 340 2100 τοίνυν
362 2025 435 2096 οἷόν
455 2053 493 2095 τε
513 2017 552 2113 ἧν
574 2025 669 2114 παρὰ
689 2029 757 2096 τῶν
778 2031 921 2116 γενητῶν
942 2029 1088 2116 λυθῆναι
1108 2027 1168 2118 τὴν
1182 2025 1366 2118 άμαρτίαν;
1389 2025 1458 2099 ἄλλ’

228 2135 325 2204 όλυσί
344 2155 382 2218 γε
410 2123 510 2209 αὐτὸς
536 2123 555 2196 ύ
582 2126 708 2216 κύριος,
743 2124 789 2208 ὡς
810 2123 905 2198 εἶπεν
927 2124 1043 2210 αὐτός·
1076 2131 1133 2200 ἐὰν
1152 2130 1198 2219 μὴ
1221 2127 1240 2198 δ
1263 2131 1335 2214 υίὸς
1356 2129 1458 2220 Ιύμύς

229 2230 440 2321 ἐλευθερώσῃ
449 2234 482 2313 ³),
505 2227 562 2298 καὶ
583 2229 706 2310 ἔδειξεν
728 2223 867 2320 άληθῶς
889 2226 908 2298 ό
930 2230 1003 2311 υἱὸς
1024 2227 1043 2298 ὅ
1065 2232 1310 2320 ἐλευθερώσας,
1334 2230 1381 2314 ὡς
1404 2230 1460 2304 οῦκ

229 2337 304 2406 ἔστι
333 2339 457 2420 κτίσμα
485 2327 562 2402 οῦδὲ
590 2334 657 2400 τῶν
679 2335 840 2419 γενητῶν,
875 2326 961 2402 άλλὰ
983 2334 1070 2414 ἰ’διος
1091 2333 1189 2421 λόγος
1208 2334 1265 2404 καὶ
1286 2335 1383 2406 εἰκῶν
1404 2341 1460 2426 τῆς

228 2440 289 2507 τοῦ
321 2434 451 2524 πατρὸς
484 2429 616 2515 οὐσίας,
649 2437 710 2502 τοῦ
739 2435 794 2502 καί
815 2435 979 2525 κατάτὴν
1001 2430 1101 2524 ἀρχὴν
1124 2430 1385 2526 ἀποφηναμένου
1408 2440 1459 2506 καί

231 2536 391 2631 άφιέντσς
417 2535 521 2624 μόνου
548 2534 610 2616 τάς
638 2531 810 2622 ἁμαρτίας.
850 2535 966 2624 ἐπειδὴ
993 2536 1055 2625 γάρ
1078 2538 1207 2625 εἴρηται
1230 2538 1265 2608 ἐν
1285 2543 1334 2628 τῷ
1357 2537 1459 2630 λόγῳ·

228 2645 269 2731 γῆ
292 2636 323 2712 ελ
343 2642 399 2708 καί
420 2639 468 2720 εἷς
488 2641 547 2726 γῆν
571 2634 753 2725 άπελεύση,
788 2631 985 2720 ἀκολούθως
1006 2634 1055 2707 δι’
1079 2633 1182 2708 αὐτοῦ
1203 2643 1263 2708 τοῦ
1286 2641 1387 2729 λόγου
1408 2639 1461 2710 καί

232 2744 267 2813 δν
288 2739 378 2832 αύτῷ
400 2736 420 2830 ἡ
443 2741 619 2828 ἐλευθερία
639 2741 694 2808 καί
716 2735 736 2826 ἡ
759 2737 874 2820 ΙΙλύσις
894 2743 953 2826 τῆς
974 2747 1198 2829 κατακρίσεως
1217 2748 1399 2831 γεγένηται.

6 2849 9 2992 ι
317 2851 368 2916 68.
409 2839 498 2912 Ἀλλ’
522 2838 681 2930 ἠδύνατο,
705 2847 807 2929 φασί,
838 2844 894 2910 καί
915 2849 1095 2929 κτίσματος
1116 2841 1212 2923 ὄντος
1230 2847 1293 2911 ’τοῦ
1316 2847 1462 2933 σωτΐρσς

7 3009 9 3048 η
230 2944 335 3034 μόνον
357 2946 465 3015 εἰπεῖν
489 2940 508 3011 ό
528 2944 612 3026 θεὸς
633 2946 687 3012 καὶ
711 2945 811 3012 λῦσαι
831 2943 890 3032 τὴν
911 2945 1066 3032 κατάραν.
1103 2947 1143 3014 τό
1159 2941 1240 3014 αὐτὸ
1256 2940 1290 3013 δ’
1308 2940 1351 3014 ἂν
1366 2943 1461 3016 άκού-

8 3057 9 3141 λ
146 3071 327 3120 {umnam
352 3049 407 3116 καί
435 3042 533 3126 αὐτοῦ
557 3039 637 3132 παρ’
668 3045 782 3132 ίτέρου
810 3045 979 3132 λέγοντος·
1011 3042 1154 3134 ἠδύνατο
1186 3047 1242 3117 καὶ
1271 3043 1355 3138 μηδ’
1379 3045 1462 3128 ὅλως

9 3169 11 3246 η
234 3147 502 3237 ἐπιδημήσαντος
523 3142 625 3215 αύτοῦ
646 3146 750 3232 μόνον
771 3147 881 3216 ελστείν
904 3141 923 3214 ό
945 3148 1029 3229 θεὸς
1050 3152 1104 3218 καί
1121 3151 1221 3219 λῦσαι
1234 3150 1294 3239 τὴν
1308 3151 1461 3240 κατάραν.

233 3246 319 3319 άλλά
340 3259 479 3318 σκοπεῖν
501 3247 614 3316 δεῖτὸ
634 3259 708 3328 τοῖς
730 3243 930 3336 άνθριόποις
950 3250 1153 3335 λυσιτελοῦν,
1176 3253 1230 3320 καί
1251 3252 1297 3344 μὴ
1321 3253 1357 3322 ἐν
1377 3255 1464 3320 πάσι

231 3351 273 3420 τὸ
294 3348 434 3420 δυνατόν
453 3353 514 3420 τοῦ
537 3354 622 3419 θεοῦ
644 3351 849 3438 λογίζεσθαι.
882 3351 976 3473 qm}
994 3347 1137 3440 ἠδύνατο
1159 3353 1215 3422 καὶ
1229 3353 1298 3443 πρὸ
1314 3357 1372 3444 τῆς
1386 3355 1466 3422 Νῶε

231 3454 376 3541 κιβωτοῦ
403 3452 482 3534 τοῦς
507 3451 586 3520 τότε
605 3451 823 3542 παραβάντας
844 3448 1050 3541 άνθρωπους
1072 3447 1253 3538 άπολέσαι,
1275 3451 1364 3524 άλλὰ
1380 3453 1466 3543 μετά

232 3555 292 3626 τόν
324 3552 467 3643 κιβωτόν
498 3559 691 3640 πεποίηκεν.
736 3549 879 3642 ἠδύνατο
906 3558 961 3624 καί
986 3555 1089 3645 χωρίς
1109 3563 1266 3638 Μωσέως
1286 3559 1345 3628 καὶ
1362 3559 1466 3646 μόνον

233 3659 343 3732 εἰπεῖν
370 3656 428 3728 καί
456 3656 626 3744 ἐξαγαγεῖν
654 3655 714 3726 τὸν
736 3655 817 3724 λιτόν
839 3657 876 3740 ἐξ
895 3658 1091 3746 Αἰγύπτου,
1120 3655 1205 3727 άλλὰ
1227 3667 1386 3750 συνέφερε
1408 3657 1467 3727 διά

232 3767 398 3854 Μωσέως.
434 3753 578 3846 ἠδύνατο
599 3761 654 3826 καί
673 3760 776 3846 χωρίς
797 3763 864 3827 τῶν
885 3764 1005 3848 κριτῶν
1028 3759 1146 3844 σώζειν
1167 3759 1226 3830 τόν
1240 3763 1322 3832 λαὸν
1338 3758 1356 3830 ό
1370 3761 1464 3842 θεός,

234 3859 320 3932 άλλὰ
340 3866 501 3950 συνέφερε
520 3870 594 3939 τοῖς
615 3862 736 3942 Ιιλαοῖς
756 3861 841 3929 κατά
862 3861 978 3950 καιρόν
1000 3863 1192 3952 ἐγείρεσθαι
1211 3865 1326 3953 κριτὴν
1341 3859 1466 3942 αύτοῖς.

233 3959 377 4054 ἠδύνατο
398 3961 455 4034 καὶ
476 3962 512 4046 ἒξ
533 3959 633 4051 άργῆς
656 3958 675 4030 ό
698 3963 807 4054 σωτὴρ
830 3963 1046 4054 ἐπιδημῆσαι,
1069 3960 1091 4055 ἢ
1113 3965 1225 4036 ἐλθὼν
1245 3965 1291 4058 μὴ
1315 3965 1470 4056 παραδο-

304 4140 328 4201 ι)
345 4139 415 4192 κτα.
434 4139 458 4202 τ,
479 4137 518 4190 ιε.
587 4138 614 4202 κ)
632 4139 720 4192 τωο.
737 4125 823 4202 κιο.
894 4139 919 4202 υ)
937 4141 1021 4192 mun.
1040 4140 1065 4206 ε,
1084 4141 1126 4194 ευ.

267 4271 289 4306 ε.
307 4259 407 4322 εεςοετ.
431 4259 489 4322 fleg.
513 4259 586 4310 θετίί.
603 4258 695 4322 λοςίίε.
718 4257 825 4311 δείελον.
911 4274 933 4311 ε.
949 4259 1051 4323 δεςσετ.
1069 4259 1167 4313 Gobler.
1185 4259 1203 4312 F
1205 4259 1293 4312 είαίεσ.
1306 4259 1328 4312 1.
1346 4267 1369 4311 εί
1384 4259 1408 4309 ί.
1429 4255 1471 4322 τᾳ·

233 4322 258 4375 2.
276 4322 301 4373 4.
319 4334 343 4375 ει
360 4327 383 4376 5.
400 4319 522 4392 γεγονός,
558 4327 657 4379 ίὶοίιίετ.
676 4335 701 4378 ει
718 4327 823 4377 θείοιο.
874 4321 979 4395 κτίστη.
1014 4329 1106 4392 Angue„
1130 4325 1170 4399 τρῖ
1190 4321 1324 4394 κτίσματι
1342 4325 1470 4378 mendose.

235 4393 259 4443 ί.
276 4389 404 4458 γεγεννίτ.
442 4395 503 4444 ίίιίίιί
520 4390 625 4460 γέγονε.
875 4396 921 4446 Alii
945 4405 970 4446 ει
993 4396 1049 4447 editi
1072 4395 1112 4462 τηί
1134 4386 1268 4444 κτίσαντι.
1314 4395 1386 4447 Paulo
1409 4401 1474 4460 ρσει

876 4465 1018 4542 θεησεήεο.
1043 4465 1140 4516 (ὶοίιίετ.
1164 4465 1257 4528 Δοςίίε.
1276 4473 1301 4514 εί
1319 4465 1424 4516 θείείσε.
1447 4461 1473 4512 ί.

876 4525 994 4597 δεόμενα
1015 4525 1063 4581 καί
1082 4523 1152 4582 αῦτά
1169 4529 1218 4591 τῆς
1235 4523 1329 4594 αῦτῆς.
1363 4529 1427 4582 editi
1447 4537 1476 4582 τί

876 4599 918 4652 alii
936 4595 1075 4670 δεσμίνυν
1091 4595 1136 4654 καί
1154 4591 1247 4652 αὐτῶν
1264 4595 1314 4664 τῆς
1331 4589 1421 4659 αύτᾶτ.

268 4493 292 4544 b.
311 4495 411 4556 θεςοεε.
428 4487 523 4561 ἔμενεν
539 4486 575 4543 ἂν
592 4487 673 4546 οῦδὲν
683 4479 824 4556 ἧττινάν-

229 4561 348 4634 ’θρωπος
366 4571 389 4612 ει
408 4577 462 4613 mox
480 4558 635 4639 συναφθεὶς
650 4563 717 4632 θεῷ.
