3072 5056
457 959 500 1050 S.
532 957 816 1052 Arfltassss
847 957 1250 1054 ARCHIEPISCOPI

719 1115 978 1190 semaces

832 1271 874 1314 ott

594 1385 857 1470 SENTENTIA
885 1384 1108 1448 otonistl.

700 1597 1008 1608 -a--a———m

674 1776 1031 1834 sonontrlo.

152 1951 229 1995 nmo.
323 1927 346 1986 l.
395 1926 492 2000 Quam
515 1925 658 1986 haetenus
682 1931 790 1987 sectati
810 1945 914 1988 sumne
937 1929 1080 2005 temporis
1097 1927 1256 2000 rationem,
1280 1923 1360 1984 haud
1374 1922 1452 1983 certis

238 2031 319 2091 notis
342 2032 373 2088 in
397 2026 450 2088 hcc
473 2025 601 2105 epistola
624 2026 846 2106 deprehendere
860 2027 1012 2104 salemum
1035 2025 1102 2088 solo
1118 2029 1228 2106 quippe
1242 2025 1383 2105 Dionysii
1394 2028 1452 2086 oin-

173 2161 180 2172 -
239 2129 360 2190 dicandi
386 2128 485 2190 studio
514 2130 655 2188 incensus
679 2127 863 2190 Athanasius
894 2128 1069 2190 nullatenus
1098 2129 1166 2207 [ere
1192 2130 1314 2206 attmpit
1342 2125 1454 2188 illarum
1526 2155 1527 2178 s

239 2239 408 2310 temporum
436 2229 644 2290 conditionem.
696 2228 765 2291 Non
799 2231 908 2292 desunt
936 2239 1035 2290 tamen
1064 2231 1271 2299 coniecturae,
1308 2244 1382 2308 potae
1408 2244 1455 2287 nos
1526 2249 1527 2284 1

238 2341 377 2393 moveant
406 2330 445 2390 od
473 2347 537 2389 econ
562 2341 633 2408 post
656 2339 822 2392 tractatum
851 2349 903 2392 sen
932 2329 1090 2411 epistolam
1120 2331 1154 2390 de
1178 2328 1317 2389 Nicaenis
1342 2329 1456 2389 decretis
1524 2369 1525 2390 2

239 2431 450 2510 reponendam.
496 2427 572 2490 Nam
594 2431 696 2491 eodem
717 2432 813 2510 [orme
836 2417 969 2512 tempore
992 2435 1195 2511 conscriptam
1216 2430 1366 2500 indicant,
1393 2445 1458 2508 qnae
1524 2499 1525 2515 χ

239 2551 320 2593 num.
341 2534 389 2594 19.
413 2535 565 2611 lepontur,
589 2531 721 2593 Arianos
745 2531 858 2594 seilicet
879 2534 1027 2594 adversus
1044 2531 1206 2593 Nicaenom
1227 2529 1382 2610 Synodum
1403 2539 1459 2590 tum

236 2638 352 2715 passim
375 2643 404 2694 et
425 2633 532 2714 ubique
555 2635 821 2704 obmurmurasse,
844 2633 923 2715 quad
940 2634 1149 2713 praecedentis
1173 2630 1318 2711 epistolae
1340 2632 1461 2711 tempori
1526 2675 1527 2684 ,

239 2740 378 2816 apprime
398 2737 548 2814 canpruit.
593 2733 668 2796 Item
691 2753 730 2796 en
751 2736 838 2797 modo
862 2734 952 2796 huius
968 2733 1113 2813 epistolae
1134 2733 1295 2794 ordiendae
1311 2731 1392 2793 haud
1405 2731 1461 2793 leae
1526 2723 1527 2762 l

241 2837 365 2898 ducitur
386 2845 614 2916 orpnmentum:
644 2839 755 2897 etenim
780 2837 884 2897 iisdem
905 2837 973 2915 sere
995 2837 1095 2897 verbis
1117 2839 1205 2896 initio
1228 2833 1370 2895 adhibitis
1393 2832 1461 2892 hanc

236 2938 364 3015 perinde
387 2947 475 3016 atque
494 2937 723 3014 praecedentem
744 2937 784 2996 ad
806 2939 907 2996 airum
930 2937 1032 3012 diripit
1057 2923 1274 2997 controuersiis
1300 2933 1460 2996 Catholicae

240 3040 322 3097 inter
344 3036 532 3115 Arianosque
555 3035 662 3098 habitis
685 3039 834 3096 interesse
855 3035 994 3105 solitum,
1026 3038 1105 3098 stude
1127 3038 1280 3112 anpururi
1300 3034 1402 3105 liceat,
1429 3033 1463 3094 ad

241 3137 365 3198 enodem
395 3141 495 3216 ipsum
521 3145 682 3217 utramque
709 3137 806 3215 [scisse
827 3140 958 3198 missam.
1005 3136 1097 3199 immo
1126 3135 1351 3197 snhodoramur
1380 3136 1462 3196 huius

241 3236 416 3298 scribendae
445 3240 629 3298 occasionem
657 3255 695 3298 eao
721 3239 914 3316 praecedenti
941 3237 1078 3299 ohortum
1099 3255 1181 3300 esse:
1210 3239 1318 3317 quippe
1342 3255 1407 3298 cum
1428 3236 1466 3296 ihi

242 3337 384 3416 Dionysii
410 3336 509 3398 locum
534 3355 595 3417 pro
625 3339 753 3398 testanda
782 3339 930 3399 aduersus
954 3339 1086 3399 Arianos
1109 3337 1167 3399 τοῦ
1192 3329 1372 3417 hpoaaoloa
1400 3355 1465 3397 voce

241 3436 402 3500 adtulisset
424 3437 624 3506 Athanasius,
650 3438 721 3500 haec
745 3457 836 3500 cereso
857 3440 955 3518 [uisse
978 3439 1108 3514 videtur,
1133 3457 1189 3499 cnr
1208 3435 1318 3498 Ariani
1331 3437 1468 3516 Dionysii

242 3542 355 3616 scripta
382 3539 421 3599 ad
453 3557 540 3600 suum
566 3543 746 3602 sententiam
774 3541 954 3619 detorquere
981 3544 1176 3620 nequicquam
1204 3549 1367 3599 tentarent.
1413 3536 1467 3598 Sed

243 3637 298 3700 hoe
321 3641 510 3700 coniecturae
532 3657 594 3720 non
617 3658 733 3702 omnem
751 3659 887 3720 prorsus
910 3651 1047 3702 amovent
1070 3638 1229 3702 dubitandi
1251 3637 1358 3700 laeum.

326 3737 362 3798 11.
407 3739 518 3800 Ariani
553 3744 653 3821 itaque
687 3741 911 3802 Catholieor'nm
950 3743 1135 3818 crpumentis
1162 3731 1289 3819 'passim
1322 3739 1471 3817 corsfutati

136 3845 140 3853 '
241 3835 329 3904 s‘nam
351 3839 499 3902 haeresim
521 3840 664 3918 Dionysii
683 3841 888 3904 Alexandrini
915 3844 1049 3921 episcopi
1067 3843 1250 3901 auctoritate
1272 3838 1386 3918 fulcire
1414 3839 1472 3899 nisi

242 3955 325 4017 ssent,
344 3940 479 4022 prolatis
502 3942 631 4002 eiusdem
655 3941 766 4003 litteris
789 3959 869 4004 anno
891 3943 964 4004 263.
990 3929 1181 4019 conscriptis,
1203 3939 1258 4000 uhi
1279 3940 1351 4002 dum
1366 3937 1470 4000 Schel-

242 4041 398 4104 lianorum
421 4044 597 4122 confutaret
616 4059 762 4112 errorem,
786 4046 818 4102 in
834 4040 1046 4102 similitudines
1062 4041 1207 4120 quasdam
1223 4041 1382 4110 incideret.
1406 4042 1470 4120 pui-

242 4139 297 4202 hns
327 4143 394 4204 licet
424 4157 552 4222 praeter
585 4145 722 4203 auctoris
744 4153 871 4204 mactem
905 4141 988 4202 laeso
1020 4141 1175 4202 videretur
1200 4139 1288 4201 Verhi
1319 4140 1469 4202 divinitus.

244 4237 352 4300 Vemsm
375 4261 408 4302 ea
431 4243 466 4304 de
489 4263 523 4304 re
543 4253 650 4323 postea
672 4244 754 4322 apud
773 4241 916 4322 pentilem
937 4259 1025 4320 sunm
1043 4239 1224 4319 Dionysium
1238 4239 1408 4302 Romanum
1423 4257 1471 4300 oc-

244 4349 368 4400 euscius
393 4341 488 4404 lihros
511 4346 656 4424 quosdam
677 4341 911 4423 Apolopiampue
934 4343 1118 4421 conscripsit
1140 4341 1179 4401 ad
1201 4359 1267 4401 eam
1279 4341 1473 4421 propulsan-

243 4438 311 4500 dam
335 4443 586 4504 criminationem.
629 4441 679 4504 lin
707 4443 752 4504 his
782 4452 881 4504 autem
899 4445 1065 4522 postremis
1089 4441 1254 4502 decessoris
1278 4443 1330 4502 sni
1349 4443 1472 4521 scriptis

244 4540 429 4603 Athanasius
446 4541 601 4604 luculenta
616 4545 760 4625 quaedam
775 4547 911 4622 excerpit
925 4542 1001 4614 locu,
1018 4542 1125 4622 qnihm
1137 4549 1370 4622 peropportune
1383 4541 1474 4603 Ariu-
