3110 5064
262 343 300 409 18
660 357 685 401 s.
700 355 1088 402 ιτσετιεειιιοοσιενιεοοει

174 514 399 595 ν.εοε.μίμησις
432 507 469 574 δὲ
502 506 593 572 καθά
626 514 792 590 προεῖπον
821 507 879 591 τῆς
898 499 1074 592 Ἰουδαϊκῆς
1095 509 1299 592 κακοηθείας.
1343 499 1458 586 καὶγὰρ
1531 547 1539 587 η

262 607 467 730 ἐλεγχόμενοι
494 603 640 695 κη’στεῖτοι
661 604 754 691 παρὰ
774 609 833 691 τῆς
855 601 1029 694 ἀληθείας,
1057 607 1111 672 καί
1134 604 1178 692 μὴ
1203 602 1371 688 δυνάμενοι
1389 599 1460 686 πρὸς
1532 611 1534 649 ⁹

261 704 362 797 αὐτὴν
385 703 602 794 ἀντιβλέπειν,
628 705 893 794 έπροφαοίζοντο
917 708 1080 792 λέγοντες
1102 713 1136 772 τί
1158 704 1319 784 ποιεῖςσό
1334 711 1459 790 σημεῖον,
1532 737 1539 776 4

260 811 317 878 ἵνα
346 810 468 894 λ’όωμεν
496 813 549 877 καὶ
580 807 809 892 πιστεύσωμέν
838 831 911 889 σοι,·
943 816 977 874 τί
1006 807 1120 895 ἕργάζη
1131 813 1169 890 ¹)‚·
1203 815 1310 874 καίτοι
1337 810 1460 925 σημείων

174 937 251 982 νῃκοο
259 912 427 980 τοσούτων
449 917 639 997 γενομένων,
664 905 745 989 ὥςτε
767 910 871 996 λέγειν
893 913 947 977 καὶ
963 905 1096 988 αότοός·
1119 915 1153 976 τί
1168 911 1336 992 ποιοῦμεν,
1359 891 1461 972 οτιοῦ
1533 991 1534 994 ¹

259 1039 317 1094 τος
339 1011 357 1081 ό
379 1011 562 1100 ἀνθρωπος
584 1010 695 1080 πολλὰ
717 1021 811 1078 ποιεῖ
826 1015 994 1098 σημεῖα-ς)
1023 1010 1179 1098 νεκροί
1143 1005 1390 1099 γαρήγεί,ροντο
1408 1030 1462 1089 χω·
1530 997 1534 1024 ¹

260 1119 312 1184 λολ
335 1114 569 1200 περιεπάτουν,
593 1114 713 1202 τυφλοί
735 1107 926 1198 ἀνέβλεπον,
951 1115 1068 1200 λεπροὶ
1092 1112 1342 1202 ἐκαθαρίζοντο,
1365 1109 1413 1176 ναί
1432 1104 1461 1172 τὸ
1538 1157 1539 1166 .

260 1213 347 1304 άόωρ
371 1212 460 1296 οἶνος
483 1216 616 1302 ἐγένετο,
640 1217 694 1280 καὶ
718 1210 788 1280 ἀπὸ
810 1220 910 1282 πέντε
930 1212 1040 1308 ἀρτων
1063 1213 1288 1300 ἐκορέσθησαν
1311 1231 1463 1285 πεντακις·
1531 1248 1539 1284 ,3

257 1321 369 1403 χίλιοι.
406 1321 460 1386 καί
484 1317 515 1383 ολ
537 1317 597 1399 μὲν
620 1314 742 1393 πάντες
764 1314 953 1399 ἐθαύμαζον
975 1319 1028 1383 καὶ
1051 1314 1269 1403 προςεκόνουν
1289 1313 1345 1380 τὸν
1359 1309 1462 1395 κόριον,
1531 1308 1535 1353 ¹

260 1416 496 1505 ὁμολογοῦντες
517 1417 551 1485 ἒν
574 1411 662 1502 αὐτῷ
685 1417 902 1503 πληροῦσθαι
922 1415 982 1496 τάς
997 1423 1204 1504 προφητείας
1218 1419 1272 1484 καὶ
1288 1408 1383 1482 αὐτὸν
1395 1405 1465 1478 εἶναι
1534 1457 1539 1482 ,

259 1520 342 1588 θεόν
364 1523 422 1586 τοῦ
445 1522 529 1586 θεοῦ
551 1516 609 1584 τόν
631 1515 717 1582 υἱόν·
740 1516 839 1600 μόνοι
861 1519 897 1583 δέ
920 1519 951 1584 οἳ
970 1526 1163 1604 Φαρισαῖοι,
1188 1517 1217 1584 εἰ
1238 1519 1291 1584 καὶ
1314 1508 1465 1599 “λαμπρο’-
1538 1575 1539 1588 ,

259 1645 339 1708 τερα
367 1615 461 1706 ἡλίου
490 1618 675 1708 φαινόμενα
704 1607 743 1703 ἦν
771 1619 812 1685 τά
841 1625 974 1706 σημεῖα,
1010 1615 1100 1704 ὅμως
1122 1618 1225 1687 πάλιν
1248 1617 1410 1705 ἐγόγγυζον
1430 1606 1466 1688 ἀς
1532 1624 1539 1674 ’.

260 1717 481 1808 ἀμαθεῖςκαὶ
505 1721 630 1806 ἔλεγον·
654 1720 744 1786 όιατί
766 1718 805 1786 σὺ
828 1716 1012 1806 ἀνθρωπος
1024 1715 1069 1787 ὧν
1081 1729 1193 1798 ποιεῖς
1208 1719 1345 1788 σεαυτὸν
1360 1713 1466 1793 θεόν’);
1538 1765 1539 1778 .

258 1823 402 1912 ἄφρονες
429 1825 484 1890 καὶ
512 1826 558 1909 τῷ
582 1818 654 1889 όντι
675 1822 795 1910 τυφλοί
816 1821 875 1908 τὴν
898 1821 1056 1889 διάνοιαν.
1103 1823 1177 1890 όέον
1198 1821 1237 1889 τό
1260 1821 1400 1905 ἔμπαλιν
1420 1809 1468 1882 αὖ·
1535 1819 1536 1824 ’

258 1925 336 2004 τοὺς
363 1925 484 2010 λέγειν·
513 1919 604 1990 όιατί
631 1922 671 1992 σὺ
694 1922 778 2002 θεὸς
799 1917 844 1990 ὢν
868 1921 1052 2010 ἀνθρώπος
1074 1929 1227 2010 γέγοναςς
1259 1922 1302 1990 τὰ
1322 1920 1382 2009 γὰρ
1404 1917 1468 2004 ἔργα
1538 1961 1539 1996 τ

236 2025 342 2093 ,θεὸν
365 2021 464 2092 αὐτόν
487 2025 656 2106 ἐδείκνυεν,
680 2025 736 2093 ἵνα
757 2023 815 2112 τὴν
836 2028 896 2110 μέν
919 2021 1115 2112 ἀγαθότητα
1125 2026 1184 2090 τοῦ
1196 2023 1326 2110 πατρὸς
1341 2043 1468 2108 προςκο·
1537 2063 1539 2102 ,

258 2149 393 2251 νησωσι,
417 2153 476 2214 την
499 2126 535 2194 δὲ
558 2122 641 2194 δι’
623 2130 708 2212 ημᾶς
731 2121 830 2195 αὐτοῦ
854 2124 1044 2213 οἰκονομίαν
1065 2125 1286 2210 θαυμάσουσι·
1309 2120 1468 2207 τοῦτομὲν

258 2225 335 2314 οὔτε
358 2229 476 2315 ἔλεγον,
500 2223 568 2295 ἀλλ’
593 2225 669 2297 οὔτε
689 2229 732 2297 τά
725 2229 908 2353 γινόμενα
929 2231 1066 2317 βλέπειν
1089 2227 1272 2313 ἒβοόλοντό.
1308 2253 1327 2315 η
1345 2226 1471 2320 ἔβλεπον

257 2335 333 2422 μέν·
358 2324 432 2409 έ’ξ
414 2328 553 2418 ἀνάγκης
573 2331 634 2417 γάρ
657 2319 695 2418 ἦν
719 2326 799 2417 ὁρᾶν
822 2327 920 2399 αότά·
944 2330 1047 2398 πάλιν
1070 2332 1105 2398 δέ
1128 2329 1298 2416 ἐγόγγυζον
1320 2315 1468 2414 μεταβαλ·

257 2429 407 2516 λόμενοι·
437 2431 569 2499 διατί
515 2437 588 2499 ίεν
610 2435 657 2519 τιό
680 2431 837 2552 σαββάτῳ
859 2433 1060 2520 θεραπεύεις
1082 2431 1140 2500 τὸν
1161 2428 1399 2517 παραλυτικόν,
1427 2425 1473 2490 καὶ

257 2531 314 2599 τόν
343 2532 378 2601 ἐκ
405 2535 535 2619 γενετῆς
556 2525 681 2620 τυφλόν
703 2533 779 2601 τότε
801 2539 912 2614 ποιεῖς
933 2530 1151 2621 ἀναβλέπειν
1152 2541 1180 2616 ),·
1218 2535 1317 2600 τοῦτο
1342 2532 1377 2598 δέ
1399 2523 1473 2614 πρό

257 2659 360 2724 φαοις
392 2634 495 2702 πάλιν
524 2623 562 2723 ἦν
591 2637 643 2702 καί
672 2635 774 2720 μόνον
803 2635 993 2724 γογγυσμὸς.
1030 2639 1085 2702 καλ
1112 2634 1173 2722 γὰρ
1202 2633 1236 2702 ἐν
1265 2643 1342 2713 ταῖς
1370 2629 1475 2704 ἄλλοις

255 2731 392 2824 ἡμέραις
419 2737 668 2826 θεραπεύοντος
690 2741 749 2805 τοῦ
772 2745 884 2824 κυρίου
907 2742 1020 2804 πᾶσαν
1044 2736 1141 2804 νόσον
1163 2736 1217 2802 καὶ
1242 2738 1365 2812 πᾶσανΙ
1379 2732 1476 2820 μαλα-

254 2844 341 2918 κίαν,
373 2837 492 2906 ἐκεῖνοι
520 2840 675 2924 συνήθως
704 2838 889 2926 ἐμέμφοντο
896 2889 904 2918 ,
928 2842 982 2905 καὶ
1004 2839 1130 2923 μᾶλλον
1152 2835 1276 2924 ἤθελον
1300 2831 1476 2922 ἀθεότητος

255 2937 338 3019 ἔχειν
361 2935 524 3007 ὑπόνοιαν
546 2939 766 3023 1’Βεελζεβοόλ
789 2933 1012 3022 ὀνομάζοντες,
1034 2933 1057 3023 ἢ
1079 2935 1292 3026 ἀρνήσασθαι
1313 2937 1374 3025 τὴν
1398 2935 1477 3002 ἷόίαν

254 3043 425 3124 πονηρίαν.
471 3033 631 3104 ἀλλὰκαὶ
654 3037 759 3117 οὕτως
781 3042 839 3104 τοῦ
862 3042 1010 3126 σωτῆρος
1031 3042 1227 3127 πολυμερῶς
1249 3040 1302 3106 καί
1318 3031 1478 3122 πολυτρό

254 3161 329 3216 πως
358 3137 562 3217 δεικνύοντος
591 3139 726 3206 ”έαυτοῦ
755 3139 814 3227 την
837 3139 983 3228 θεότητα
1010 3143 1066 3207 καλ
1088 3135 1375 3226 εὐαγγελιζομένου
1399 3139 1479 3205 πᾶσι

253 3243 392 3324 πατέρα,
416 3233 512 3306 σόόέν
534 3229 632 3327 ἧττον
655 3237 769 3327 ὥσπερ
793 3240 840 3319 εἰς
861 3248 977 3328 κέντρα
992 3241 1196 3322 λακτίζοντες
1211 3237 1385 3328 ἀντέλεγον
1402 3239 1479 3307 ἐκεῖ·

253 3361 306 3414 νυι
326 3341 601 3426 μωρολογοῦντες,
625 3342 681 3408 λ’να
701 3341 803 3426 μόνον
825 3341 907 3408 κατὰ
928 3342 987 3428 τὴν
1009 3349 1108 3412 θείαν
1124 3349 1309 3429 παροιμίαν
1325 3339 1479 3430 ἆπροφά-

253 3461 323 3518 σεις
346 3439 594 3529 ἐφευρίσκοντες
613 3449 802 3530 χιορίσωσιν
825 3443 960 3524 ἑαυτοὺς
982 3439 1052 3512 ἀπὸ
1074 3449 1132 3531 τῆς
1155 3441 1324 3532 ἀληθείας.

337 3547 367 3609 2.
409 3537 564 3610 Ἰουδαῖοι
583 3547 644 3627 μὲν
666 3534 741 3612 ’σόν
764 3545 796 3612 ολ
818 3544 893 3624 τότε
907 3549 1046 3613 τοιαῦτα
1060 3544 1329 3634 πονηρευόμενον,
1354 3549 1411 3614 καὶ
1427 3539 1481 3630 ἀρ·
1538 3597 1539 3602 .

252 3642 406 3728 νοόμενοι
439 3643 497 3711 τὸν
526 3644 653 3731 κόριον,
690 3645 823 3725 εἰκότως
849 3651 915 3713 τῶν
945 3673 980 3715 τε
1009 3647 1118 3733 νόμων
1140 3651 1193 3714 καλ
1216 3652 1274 3737 τῆς
1297 3647 1385 3734 πρὸς
1406 3645 1481 3722 τοὺς
1538 3655 1539 3702 3

251 3749 399 3831 πατέρας
427 3743 623 3830 ἐπαγγελίας
652 3745 713 3826 ἐ’ξιυ
741 3745 902 3834 γεγόνασι.
947 3752 1000 3815 καί
1020 3743 1187 3836 Ἀρειανολ
1211 3750 1247 3817 δὲ
1269 3753 1326 3817 νῦν
1344 3745 1482 3816 Ἰουόαῒ-
1538 3735 1539 3750 ¹

252 3845 362 3926 ζοντες
389 3840 416 3912 τ’
442 3841 541 3913 αάτόν
570 3871 630 3930 μοι
660 3849 794 3916 δοκοῦσι
821 3849 961 3934 πάσχειν
990 3853 1036 3938 τῷ
1058 3849 1201 3938 Καϊάφρ
1229 3853 1283 3918 καλ
1311 3861 1385 3930 τοῖς
1408 3849 1482 3916 τότε

253 3953 469 4033 Φαρισαίοις·
494 3943 588 4016 οόόὲν
610 3946 676 4036 γὰρ
694 3945 835 4037 ὁρῶντες
858 3950 990 4039 εὔλογον
1015 3953 1152 4035 ἔχουσαν
1175 3953 1299 4021 ἑαυτῶν
1314 3952 1374 4040 τὴν
1392 3952 1484 4037 αἳρε-
1538 3963 1539 3968 ’

251 4068 320 4128 σιν,
348 4048 541 4140 προφάσεις
570 4049 759 4134 ἐπινοοῦσι,
784 4053 875 4120 έιατί
895 4056 993 4120 τοῦτο
1015 4051 1136 4141 καὶμὴ
1158 4058 1256 4121 τοῦτο
1277 4059 1465 4140 γέγραπται
1472 4078 1482 4133 ,·

249 4150 304 4215 καί
325 4149 370 4238 μή
393 4175 447 4218 τοι
468 4151 655 4241 θαυμάσῃς,
680 4152 709 4218 εἰ
730 4157 866 4222 τοιοότα
889 4157 945 4222 νόν
959 4157 1184 4242 μηχανῶνται·
1205 4152 1273 4242 μετ’
1292 4151 1405 4242 ὀλίγον
1421 4153 1483 4242 γὰρ

321 4303 534 4368 1)102n6,³0.
603 4310 712 4372 monn
734 4309 834 4372 ικιτ.
905 4311 930 4374 ε)
949 4312 1015 4364 ιοευ.
1038 4313 1077 4374 ιο,
1096 4311 1136 4363 ευ.
1206 4312 1316 4373 αισα.
1336 4312 1450 4363 τεο.
1538 4285 1539 4298 ’

284 4439 382 4504 ΗΕΒ·
399 4437 599 4510 λαμπρόῐὲρθν·
927 4463 947 4498 c.
967 4449 1006 4498 Sic
1024 4450 1080 4514 Βοχ.
1117 4449 1161 4498 Alii
1178 4461 1234 4498 vero
1252 4455 1278 4498 ot
1294 4437 1466 4498 εάίίλαάτου.

285 4509 308 4558 b.
327 4507 360 4558 Ιιε
377 4509 435 4573 θος.
453 4519 478 4562 ει
496 4513 567 4564 Bait.
603 4514 666 4566 Editi
690 4527 745 4567 vero
769 4527 837 4566 men·
926 4514 949 4564 d.
969 4516 1011 4567 Ηίτ
1035 4515 1121 4568 alludit
1144 4517 1168 4566 S.
1187 4515 1332 4569 λῑίιεοιείυο
1355 4514 1387 4565 τέ
1413 4515 1485 4566 Ρτσν.

251 4574 311 4626 close
327 4576 420 4630 τέλεον
438 4591 493 4640 την
564 4579 568 4588 ’
