3158 5050
528 341 674 384 eruerem
688 342 708 384 1.
724 341 760 384 m
775 341 970 387 samareum.
1038 383 1042 386 ,
1228 313 1236 330 ’
1288 329 1349 394 699

104 511 152 554 se
182 493 311 574 angelos
333 490 364 552 in
385 491 528 554 Trinitate
550 492 704 556 oollooaro.
747 491 821 554 Nam
842 494 866 555 si
890 495 1052 558 seeundum
1065 496 1133 558 illos
1148 498 1435 577 possessionum.

106 604 148 657 et
173 595 288 657 Filium
310 595 475 674 sequuntur
495 581 600 674 angeli,
623 605 702 657 oorte
724 613 741 656 e
760 595 903 658 Trinitate
925 605 995 658 sunt
1015 599 1118 676 angeli,
1140 617 1196 662 nee
1209 601 1266 661 iam
1282 599 1352 663 snn't

107 699 397 762 administratores
420 701 548 777 spiritus
569 701 602 760 in
623 701 824 760 ministerium
844 703 936 769 missi,
958 715 1014 760 nee
1032 699 1090 778 ipsi
1106 702 1199 764 saneti
1215 703 1350 766 elfioiun-
1392 769 1397 777 ,

108 809 181 875 tur,
208 799 265 862 sed
285 798 386 879 potius
409 799 483 861 alios
504 808 624 862 sanetos
646 798 785 861 efficiunt.

218 1007 267 1067 11.
313 1003 463 1076 Quaenam
485 1003 603 1065 tandem
625 1004 699 1064 haee
720 1013 779 1064 tam
806 1003 933 1066 absurda
961 1003 1077 1070 illorum
1104 1004 1349 1069 dementiaest?

115 1107 194 1180 Quo
227 1106 257 1167 iu
286 1105 352 1168 loeo
378 1124 485 1167 rursus
513 1105 682 1184 Smptoraa
712 1123 812 1167 saerae
841 1106 1017 1168 invenerunt
1044 1107 1186 1185 Spiritum
1214 1107 1349 1186 angelum

115 1206 210 1270 dioi‘i
256 1207 365 1269 hadom
386 1207 476 1281 enim,
500 1225 574 1285 quae
593 1207 652 1268 lam
675 1194 751 1280 oiri}
766 1207 837 1268 mihi
859 1216 994 1288 repetere
1015 1226 1138 1270 neeesse
1160 1219 1214 1272 est.
1257 1210 1349 1272 Para-

117 1309 214 1371 elitus
237 1309 334 1371 dietus
357 1317 404 1370 est
426 1319 455 1370 et
476 1309 598 1388 spiritus
621 1309 798 1389 adoptionis,
822 1310 945 1389 spiritus
968 1311 1180 1375 sanctimoniae
1195 1322 1226 1372 et
1241 1299 1350 1374 (lhristi

118 1413 262 1492 spiritus.
306 1411 342 1474 ht
363 1429 512 1491 nunquam
534 1412 585 1472 vel·
601 1412 723 1491 angelus
745 1420 795 1472 aut
816 1409 1006 1492 archangelus
1036 1421 1086 1474 aut
1114 1413 1237 1493 spiritus
1258 1414 1349 1475 mini-

120 1515 230 1586 sterii,
260 1513 360 1594 quales
387 1523 459 1575 sunt
486 1513 596 1592 angeli,
626 1513 789 1594 appellatus
818 1522 873 1576 est.
918 1513 996 1587 Quin
1024 1514 1084 1575 imo
1107 1514 1202 1576 eidem
1218 1522 1255 1576 ·et
1275 1515 1350 1578 Filio

119 1617 277 1680 ministrat
298 1615 424 1689 Gabriel,
448 1635 514 1678 eum
535 1615 643 1678 Mariae
665 1616 720 1676 ait:
743 1615 877 1696 Spiritus
900 1628 1024 1678 annates
1047 1623 1239 1696 superveniet
1260 1623 1293 1680 in
1313 1631 1349 1691 te,
1429 1679 1432 1688 ,

123 1731 155 1784 et
177 1724 280 1806 uirtus
302 1719 452 1782 ditissimi
472 1703 660 1782 atomorum
682 1719 745 1780 oti.
789 1717 862 1780 Cum
890 1717 979 1796 igitur
1009 1717 1179 1798 Soripturae
1208 1719 1350 1799 Spiritum

122 1821 264 1900 angelum
286 1837 346 1882 non
368 1819 524 1901 appellent,
548 1819 618 1899 quid
640 1819 838 1882 excusationis
861 1819 970 1880 hahere
991 1820 1111 1899 possint
1130 1820 1161 1882 in
1180 1828 1256 1882 tanta
1272 1829 1349 1882 tam-

123 1943 185 2004 que
208 1923 335 1985 absurda
355 1923 530 1995 temeritate,
552 1922 680 1984 maxime
700 1940 765 1984 oum
788 1923 852 2000 ipso
867 1920 1049 1995 Valentinus,
1073 1923 1123 2001 qui
1138 1913 1257 2004 impiam
1275 1924 1350 1986 hano

125 2031 257 2088 mentem
279 2023 337 2088 illis
359 2024 494 2098 insemit,
516 2024 597 2086 illum
620 2023 739 2102 quidem
760 2022 945 2096 Paraolitum,
968 2003 1025 2084 hos
1047 2041 1119 2086 vero
1141 2024 1268 2104 Angelos
1291 2043 1348 2086 no-

125 2127 292 2200 minaverit,
315 2126 384 2188 lioet
404 2126 482 2189 idem
504 2125 697 2188 stultissimus
712 2125 854 2204 Spiritum
877 2125 988 2205 angelis
1010 2135 1200 2188 coaetaneum
1224 2128 1348 2215 eodem·

125 2249 184 2312 que
206 2231 347 2291 duntaxat
368 2239 501 2309 tempore
523 2225 563 2290 ae
577 2227 645 2290 ihos
668 2229 818 2290 exstitisse
841 2225 993 2289 senserit?
1037 2229 1119 2301 „Sed
1141 2247 1226 2304 eeoe,
1249 2231 1348 2309 inqui-

127 2341 223 2408 „unt,
251 2331 328 2412 apud
357 2329 534 2409 Prophetam
558 2329 725 2392 Zachariam
748 2321 890 2408 seriptum
914 2337 974 2390 est:
1006 2329 1086 2391 lineo
1115 2332 1187 2392 dicit
1213 2332 1348 2411 angelus,

129 2439 208 2515 „gni
229 2435 363 2515 loquitur
378 2437 410 2494 in
431 2451 485 2493 me.
529 2431 616 2510 Atqui
632 2429 823 2510 perspicuum
839 2439 894 2502 est,
918 2431 966 2491 hio
981 2430 1103 2509 spiritus
1119 2434 1239 2494 nomine
1254 2451 1346 2511 ange·
1356 2449 1433 2497 noso.

131 2536 216 2610 „lum
243 2535 273 2597 in
304 2535 371 2616 ipso
393 2533 563 2613 loquentem
584 2531 777 2611 signilimri.“
821 2531 928 2594 Verum
950 2532 981 2592 id
1002 2532 1123 2594 minime
1144 2535 1292 2606 dioerent,
1321 2535 1346 2596 si

130 2638 206 2718 quod
228 2636 329 2716 legunt
348 2635 456 2696 vellem
476 2633 636 2696 attendere.
691 2633 764 2695 Nam
793 2631 947 2694 Zaoharias
977 2633 1007 2693 in
1037 2633 1348 2719 candelabrivisione

129 2740 182 2802 ait:
209 2739 249 2802 m
270 2738 429 2818 respondit
449 2735 589 2815 angeles,
613 2740 666 2818 qni
685 2735 864 2818 loquetetur
885 2739 918 2796 in
939 2751 999 2806 mo,
1022 2745 1052 2796 ot
1073 2735 1167 2797 dieite
1197 2735 1348 2818 Numquid

129 2845 223 2904 meeis
246 2839 318 2921 guid
338 2849 411 2902 sent
433 2838 528 2900 haee?
570 2836 609 2900 Et
631 2838 713 2898 dr'eri:
742 2835 811 2898 Non
840 2837 965 2898 domino.
1009 2835 1049 2900 tte
1069 2838 1227 2918 respondit
1255 2847 1283 2901 et
1304 2845 1348 2902 eit

130 2945 167 3006 ad
186 2962 230 3006 ane
252 2942 368 3003 dicens:
396 2939 461 3002 ileo
488 2949 534 3002 est
554 2939 678 3001 verium
700 2939 813 3000 domini
833 2939 871 3000 ed
893 2937 1059 3000 Zorolohel
1079 2937 1195 3000 dicans:
1224 2939 1293 3004 Non
1314 2947 1347 3003 in

131 3047 239 3108 virtute
259 3059 369 3123 magno
390 3057 444 3102 neo
464 3044 498 3102 in
519 3041 640 3110 robore,
663 3040 715 3102 aed
736 3043 768 3100 in
790 3037 908 3120 Spiritu
930 3057 1003 3113 meo,
1027 3041 1099 3102 dirit
1112 3039 1260 3104 Dammae
1283 3061 1347 3104 om—

131 3149 275 3228 nipotens.
319 3141 361 3204 Ex
384 3141 490 3222 quihus
512 3140 604 3220 liquet
625 3141 775 3221 angelum,
804 3139 853 3219 qui
874 3139 1041 3219 Prophetae
1062 3141 1254 3230 loquebatur,
1285 3163 1346 3205 non

61 3298 69 3322 ,
131 3250 219 3312 luisse
240 3227 383 3328 Spiritum
406 3253 552 3318 sanetum,
575 3245 629 3306 sed
651 3243 733 3305 illum
755 3243 872 3321 quidem
896 3261 964 3304 esse
986 3243 1132 3324 angelum,
1155 3245 1234 3308 huno
1248 3254 1345 3308 autem

133 3370 195 3414 esee
216 3349 359 3431 Spiritum
381 3345 434 3408 Dei
456 3345 682 3426 omnipotentis,
707 3344 753 3406 oui
776 3355 806 3407 et
827 3345 948 3424 angelus
963 3345 1118 3419 ministrat,
1142 3349 1250 3428 quique
1266 3367 1281 3410 a
1298 3349 1345 3410 di·-

132 3453 243 3515 vinitate
265 3449 354 3512 dividi
375 3449 487 3528 nequit,
510 3465 544 3510 ae
565 3447 652 3509 Verbi
675 3448 816 3528 proprius
840 3457 894 3509 est.
939 3447 1026 3520 Quod
1054 3449 1080 3510 si
1101 3451 1234 3528 Apostoli
1256 3451 1345 3511 verba

134 3555 214 3615 nohis
237 3549 440 3631 opposuerint,
462 3549 513 3630 qui
535 3549 647 3612 scilieet
668 3558 739 3629 post
761 3549 908 3611 Christum
932 3549 1043 3611 eleetos
1065 3552 1185 3629 angelos
1208 3552 1344 3611 nomina·

135 3655 186 3729 vit,
214 3653 324 3726 dicant,
353 3653 471 3733 quinam
500 3669 536 3713 ex
553 3651 622 3714 rihis
646 3650 783 3712 omnihus
807 3651 942 3712 Trinitati
965 3650 1169 3730 adiungendus
1193 3651 1240 3712 sit.
1285 3651 1373 3729 ileox

135 3835 175 3890 sat
191 3831 269 3891 αὐτός
286 3855 333 3890 non
352 3841 448 3890 habeut.
792 3838 808 3886 i.
832 3837 872 3888 Sic
890 3836 945 3899 lieg.
966 3838 987 3887 1.
1009 3837 1108 3901 Seguor.
1127 3838 1195 3890 Gobl.
1213 3838 1303 3900 inglic.
1321 3847 1346 3888 et

166 3927 184 3959 o.
201 3909 294 3960 Gobler.
313 3917 337 3959 et
353 3907 456 3957 Felolm.
475 3907 495 3957 1.
515 3899 612 3973 φασὶν,
631 3899 708 3970 παρὰ
757 3903 862 3954 Folekm.
875 3905 896 3953 l.
932 3908 1038 3956 attamen
1058 3907 1154 3956 Gobler.
1167 3909 1189 3954 'et
1205 3905 1308 3954 l'elclm.
1322 3907 1342 3955 1.

135 3975 169 4044 τῷ
184 3970 313 4042 Ζαχαρίᾳ.
352 3975 426 4025 iidem
452 3989 504 4024 mox
529 3984 552 4025 et
575 3976 631 4038 lleg.
644 3975 665 4023 1.
685 3983 708 4024 et
757 3971 806 4020 τοῦ
825 3973 944 4022 omittunt.
979 3974 1023 4023 atti
1042 3982 1065 4022 et
1083 3975 1139 4024 editi
1158 3959 1344 4038 tio‘inreoiprn

136 4047 223 4110 Sagun.
246 4035 328 4106 δῆλόν
344 4036 433 4098 ἐστιν,
459 4035 510 4092 ὅτι.
544 4043 666 4102 tnglican.
685 4051 709 4092 ot
759 4035 790 4088 τὸ
809 4031 904 4104 ἅγιον.
929 4033 986 4089 ἐστὶ
1003 4035 1034 4088 τὸ
1051 4039 1158 4107 ’πνεῦμα
1178 4040 1224 4089 τοῦ
1241 4055 1344 4090 παντο·

136 4111 244 4176 liegiush.
262 4106 345 4172 δῆλον
365 4103 415 4161 tu.
450 4111 529 4162 Ceteri
547 4122 570 4162 et
588 4113 644 4162 editi
664 4106 708 4170 dn·
757 4103 901 4174 opesopes.
1274 4115 1276 4122 ⁴

136 4175 222 4231 loro'rt.
794 4179 815 4226 l.
835 4179 875 4226 Sic
893 4178 948 4236 Reg.
961 4177 981 4226 1.
1001 4178 1072 4238 Sego.
1085 4177 1154 4227 Gobl.
1166 4186 1188 4225 ot
1200 4176 1302 4225 Felolm.
1319 4177 1340 4226 1.

166 4251 179 4299 1.
196 4251 248 4312 ling.
269 4249 291 4298 l.
309 4257 332 4298 et
350 4249 449 4309 Soguer.
467 4235 536 4296 tino.
733 4245 836 4296 'Ceteri
860 4259 915 4293 tero
940 4252 963 4293 et
986 4245 1042 4294 editi
1067 4236 1159 4310 ἰσχύος
1182 4242 1230 4291 rori
1251 4236 1342 4308 λόγου.

165 4333 182 4380 g.
200 4317 252 4378 llog.
273 4317 293 4365 1.
319 4320 419 4379 Segoer.
445 4317 540 4366 Gobler.
559 4324 583 4366 et
600 4315 705 4366 Felolm.
758 4313 817 4363 lbid.
837 4313 893 4376 hog.
907 4312 929 4361 1.
956 4319 978 4361 ot
1004 4312 1102 4375 Soguer.
1126 4305 1183 4361 inei
1206 4303 1230 4360 εἰ
1247 4305 1279 4360 ro'
1297 4321 1342 4363 ete.

140 4383 157 4434 1.
173 4375 219 4432 ttt
239 4377 255 4444 ἢ
273 4377 302 4433 ἐν
320 4393 364 4436 ete.
758 4381 856 4433 Gobler.
882 4389 905 4429 et
929 4376 1033 4428 Felolm.
1055 4381 1076 4429 1.
1095 4373 1186 4440 insede}
1204 4372 1229 4430 εἰ
1248 4373 1278 4427 τό
1297 4389 1342 4431 ete.

166 4453 185 4501 h.
203 4453 240 4502 Sie
262 4467 321 4503 mss.
340 4465 431 4502 omnes.
467 4450 545 4500 Editio
565 4451 707 4501 Commelin.
758 4451 802 4500 tttt
820 4458 843 4498 et
861 4449 917 4498 editi
934 4440 1025 4506 ἐπειδὴ
1044 4443 1074 4497 δὲ
1091 4442 1123 4496 τό
1142 4459 1185 4498 eto.

140 4521 190 4598 mpla
206 4513 312 4580 ἄδηλον.
350 4521 440 4572 ibidem
460 4521 514 4582 llog.
526 4519 547 4568 1.
567 4527 589 4568 et
607 4521 706 4582 Segetae.
793 4520 808 4567 1.
832 4520 873 4568 Sic
890 4517 945 4578 fleg.
965 4517 985 4565 1.
1004 4525 1027 4566 et
1045 4515 1068 4566 2.
1088 4517 1185 4580 Soguer.
1205 4517 1345 4567 contenet

140 4599 180 4634 our
194 4589 308 4640 omittunt.
730 4655 735 4676 ·
759 4586 863 4637 Felohm.
875 4586 896 4635 1.
933 4585 1011 4636 Ceteri
1021 4593 1099 4637 autom
1115 4587 1204 4638 stediti
1214 4579 1244 4634 ir
1253 4583 1286 4651 τῇ
1297 4591 1341 4634 ote.
