3118 5052
502 365 612 410 omnm
629 365 661 409 u.
677 367 792 412 conam
808 369 942 414 nmmos.
1263 357 1328 426 383

178 514 231 578 46.
274 513 377 594 tuque
399 533 450 590 ec,
473 533 549 595 quoa
570 535 606 578 ex
628 524 733 580 nutum
756 535 809 580 sua
832 519 1028 584 subeundam
1051 522 1162 586 habent
1183 533 1415 600 brentemeirs.

95 623 244 678 uentum
266 615 325 678 dici
348 625 379 678 et
399 634 470 678 vere
491 618 596 692 creati,
619 617 693 682 satis
716 637 752 682 ex
774 620 821 680 bis
836 627 926 700 patet,
950 641 1024 700 quoe
1040 625 1326 690 commonefaciendi

94 716 184 797 gratia
207 715 374 790 attulimus,
406 735 475 780 oum
495 718 626 800 alioquin
648 719 818 798 huiusmodi
843 722 1025 786 testimoniis
1048 725 1198 805 plena.sit
1219 727 1324 808 Scrip-

95 825 166 880 tura.
212 818 308 892 Quod.
333 837 413 882 vero·
438 819 503 882 sola
532 819 622 884 dictio
652 826 767 887 crecott
795 841 856 885 non
879 841 1000 906 semper
1022 835 1157 890 naturum
1171 827 1326 909 'significet

94 919 138 980 rel
160 918 318 1000 originem,
338 919 434 1002 liquat
454 939 490 983 cx
511 921 631 994 llaride,
654 923 705 1004 qni
727 922 758 984 in
779 923 907 986 Psalmis
930 925 985 988 ait:
1015 925 1177 992 Scribotur
1198 930 1270 994 dccc
1290 935 1339 995 ira.

93 1025 314 1100 gmcrntiouem
334 1020 481 1096 alterum,
504 1033 534 1085 ct
552 1023 703 1104 populus,
725 1029 779 1104 qui
799 1027 967 1099 creabitur,
990 1027 1127 1092 laudabit
1149 1029 1322 1106 Dominum,

95 1129 122 1182 et
142 1141 266 1184 rursus:
301 1123 362 1186 Cor
383 1124 529 1186 muudum
550 1143 620 1188 crcc
643 1129 677 1186 irc
697 1143 753 1198 me,
776 1124 868 1190 Deus.
912 1126 1022 1190 Paulus
1045 1128 1115 1190 item
1139 1130 1264 1209 epistolt
1285 1111 1409 1199 adnue

94 1223 238 1304 Ephesios
267 1221 387 1286 scribit:
418 1223 521 1306 imum
548 1227 764 1314 mcccdotorum
786 1232 819 1291 io
841 1229 969 1292 decretis
991 1230 1159 1312 abrogans,
1189 1241 1225 1294 ut
1246 1233 1321 1297 dacos

93 1327 126 1386 ia
148 1329 303 1406 oemcu'pro
326 1329 359 1390 cir
380 1344 474 1390 uuum
497 1343 610 1390 nouum
634 1327 781 1390 domiuum
798 1339 945 1400 crearet,
981 1337 1012 1390 et
1039 1330 1163 1394 itemm:
1201 1332 1323 1398 luduitc

94 1426 388 1500 nooumbomr'rtcm,
411 1431 463 1510 qui
484 1428 647 1492 secundum
670 1427 769 1490 Deum
791 1439 912 1492 creatus
936 1440 981 1494 est
1002 1435 1034 1493 irc
1055 1435 1175 1496 iustitio
1197 1444 1225 1496 et
1246 1453 1322 1498 acn-

95 1530 196 1590 ctitute
215 1531 367 1594 veritatis.
410 1529 511 1610 Neque
533 1527 613 1590 enim
634 1528 727 1591 David
749 1528 787 1591 de
808 1530 920 1610 populo
943 1530 1057 1612 oliqm,
1085 1532 1135 1612 qui
1158 1535 1321 1606 secundum

90 1628 286 1692 substantiam
309 1637 470 1702 crearetur,
492 1649 664 1694 sermonem
686 1629 822 1705 babebat,
845 1650 902 1694 nec
923 1632 1036 1708 orabat,
1060 1641 1092 1696 ut
1107 1651 1160 1696 cor
1174 1636 1327 1718 acciperet

90 1729 166 1794 uliud
189 1730 301 1805 abeo,
330 1731 412 1812 quod
438 1731 497 1804 ism
525 1732 664 1808 baberet3
698 1732 754 1794 scd
781 1751 845 1796 eom
874 1752 949 1814 quae
971 1734 1135 1798 secundnm
1156 1735 1251 1800 Deum
1272 1743 1322 1802 est

89 1832 312 1896 renomtionem
345 1833 529 1916 significabat
556 1843 586 1896 et
613 1835 870 1898 instaurationem.
913 1835 975 1898 Nec
1005 1836 1078 1898 item
1104 1835 1213 1902 Paulus
1242 1839 1324 1912 duos,

89 1933 203 2016 sliquos
224 1935 421 2015 intelligebat,
455 1937 504 2016 qui
533 1936 696 2000 secundum
718 1936 914 2000 substantiam
936 1938 966 2000 in
988 1935 1115 2001 Domino
1138 1951 1321 2017 emmenurr,

88 2054 185 2118 neque
206 2055 263 2100 nos
286 2037 469 2113 hortabatur,
491 2047 526 2100 ut
546 2038 636 2101 alium
658 2039 805 2120 quendam
824 2039 1015 2102 indueremus
1032 2041 1193 2118 hominem,
1216 2059 1321 2108 verunt

87 2155 140 2218 per
160 2139 327 2213 bominem,
350 2139 401 2220 qui
422 2141 585 2204 secundum
606 2140 700 2202 Deum
724 2149 781 2216 ast,
805 2141 893 2204 vitam
916 2142 1023 2204 virtute
1047 2151 1191 2220 ornatam,
1214 2153 1245 2208 et
1264 2165 1321 2227 per

87 2256 155 2314 eos,
186 2239 237 2318 qni
259 2239 291 2301 in
313 2239 432 2303 Christo
461 2250 614 2316 creantur,
647 2243 723 2305 duos
752 2241 899 2324 populos,
928 2243 979 2324 qui
1001 2243 1033 2304 in
1054 2243 1105 2306 illo
1128 2254 1318 2319 renovantur,

86 2339 245 2403 indicabat.
288 2339 349 2404 Nec
380 2342 417 2404 ab
450 2342 506 2404 bac
535 2341 676 2422 loquendi
705 2344 800 2404 torma
828 2341 957 2404 alienum
989 2351 1036 2405 est
1056 2343 1137 2406 istud
1159 2346 1318 2410 leremicc:

87 2442 211 2506 Ground
232 2442 382 2506 bonum
404 2443 533 2508 sulutem
554 2462 665 2507 nouom
686 2447 720 2506 tu
738 2443 976 2524 plantationem,
1000 2463 1059 2526 quc
1080 2449 1113 2508 irc
1134 2448 1234 2510 solute
1256 2452 1337 2510 cir--

86 2546 213 2610 coibunt
246 2545 395 2622 bominem
427 2545 534 2644 quibus
568 2545 666 2608 verbis
699 2563 761 2608 non
792 2544 938 2626 significat
970 2543 1164 2610 substantiam
1192 2547 1318 2628 aliquam

83 2655 256 2720 meaturac,
294 2647 346 2710 sed
378 2647 577 2710 renovandam
611 2647 641 2709 in
673 2646 845 2708 hominibus
879 2645 1022 2721 salutem,
1059 2665 1134 2726 quae
1167 2647 1254 2710 uobis
1286 2648 1318 2710 iu

83 2745 206 2811 Christo
231 2749 307 2812 lactu
330 2757 393 2824 est,
422 2749 576 2830 praedicit
621 2748 694 2810 cum
717 2747 807 2828 igitur
829 2754 943 2809 tantum
966 2746 1083 2816 dilterat
1103 2766 1168 2810 rem
1189 2755 1318 2812 creatam

81 2867 166 2925 csse,
199 2859 229 2912 at
256 2849 415 2914 dictionem
446 2855 563 2916 crecctt
584 2851 622 2912 de
644 2849 742 2931 aliquo
765 2848 969 2912 tantummodo
993 2849 1147 2930 usurpari;
1170 2849 1197 2912 si
1218 2849 1316 2932 aliquo

79 2950 110 3012 iu
143 2952 215 3016 loco
250 2951 365 3015 diuinae
392 2953 562 3035 Scripturas
590 2952 751 3016 Dominum
784 2958 948 3013 creaturam
981 2949 1121 3030 appellari
1149 2950 1316 3031 reperistis,

78 3053 222 3116 exbibete
242 3062 273 3115 et
295 3051 474 3117 coutendite.
521 3053 574 3116 Sin
603 3073 674 3120 vero
696 3069 843 3134 nusquam
866 3051 1103 3134 scriptumest,
1136 3052 1218 3117 illum
1247 3071 1319 3128 ease¹

77 3163 265 3231 creaturum,
294 3155 349 3218 sed
371 3155 469 3218 solum
491 3157 557 3236 ipse
579 3156 617 3218 de
640 3174 674 3218 sa
696 3155 727 3218 in
748 3153 918 3220 Proverbiis
940 3154 995 3216 ait:
1028 3154 1178 3220 Dominus
1200 3161 1317 3222 crecoa't

75 3275 142 3330 πως
180 3257 347 3320 erubescite
374 3257 473 3338 ltaque
495 3275 562 3320 cum
586 3257 625 3318 ob
648 3255 818 3320 huiusmodi
841 3255 1053 3328 differentiam,
1081 3264 1142 3332 turn
1165 3257 1245 3338 quod
1266 3257 1316 3322 illa
1417 3275 1420 3286 ·

73 3358 311 3436 proverbiorum
343 3359 439 3422 instar
471 3359 533 3422 sint
564 3357 657 3434 dictu,
691 3376 748 3422 noc
775 3358 832 3421 iem
866 3356 993 3436 amplius
1023 3375 1059 3419 ex
1085 3356 1144 3420 hoc
1171 3359 1313 3424 vocabulo

75 3464 197 3524 creuerit
218 3459 378 3524 Dominum
401 3468 532 3524 creatum
555 3479 623 3524 esse
644 3459 783 3540 colligite,
806 3458 859 3522 sed
882 3459 912 3520 id
934 3459 971 3520 de
986 3457 1051 3522 cius
1067 3458 1195 3522 humana
1210 3469 1315 3526 natura

75 3558 336 3642 interpretamini,
371 3563 455 3625 cuius
486 3561 599 3625 scilicet
625 3561 780 3643 proprium
809 3569 857 3623 est
886 3562 988 3622 creari.
1033 3559 1169 3640 Alioquin
1192 3580 1229 3624 on
1251 3580 1313 3624 non

75 3661 272 3743 iniquissime
304 3663 409 3744 agitis,
443 3663 493 3746 qni
522 3681 588 3726 curn
617 3663 696 3726 banc
722 3662 881 3726 dictionem
910 3665 1026 3724 crecoa’t
1054 3679 1070 3724 a
1097 3659 1207 3723 Decide
1228 3662 1313 3724 vela

72 3761 173 3826 Panlo
198 3765 340 3846 usurpari
362 3764 480 3840 auditis,
503 3783 564 3827 non
587 3773 722 3828 naturam
745 3772 776 3827 et
793 3763 939 3843 originem
954 3761 1128 3842 intebigitis,
1152 3762 1206 3824 sed
1220 3780 1314 3824 mno-

72 3867 241 3941 vationem,
264 3885 331 3928 curu
353 3855 553 3929 rero'eodam
575 3865 718 3928 vocabulo
742 3869 858 3930 cruorit
873 3870 1005 3927 utentem
1018 3862 1178 3925 Dominum
1193 3861 1314 3938 auditis,

71 3966 139 4030 eius
165 3975 305 4030 naturam
327 3969 406 4031 inter
427 3987 478 4032 res
501 3977 614 4031 creatas
636 3968 752 4032 audetis
774 3963 993 4030 annumerare?
1016 3965 1090 4028 Cum
1111 3983 1218 4027 rursus
1240 3965 1314 4027 baec

103 4204 127 4239 e.
149 4188 198 4238 Sic
214 4188 315 4251 Segocr.
334 4189 391 4252 dog.
406 4195 430 4240 ct
441 4188 584 4240 Frlcbuub
611 4189 674 4240 Editi
723 4197 801 4239 σεται
817 4177 972 4255 ἄνθρωπος.
1200 4242 1209 4260 Ι

69 4246 297 4319 συνεβούλευσα.
759 4255 782 4305 b.
802 4255 859 4316 neg.
871 4263 897 4306 at
915 4253 1068 4304 Fetclrrnmni
1086 4251 1111 4302 4.
1129 4263 1257 4314 romorqc
1273 4246 1311 4304 tt.

103 4325 122 4372 i.
143 4323 208 4372 Vide
225 4337 374 4389 anprapsg.
394 4323 451 4375 ldl.
469 4339 506 4376 nr.
524 4323 549 4376 4.
568 4318 673 4391 [prgb.
723 4322 784 4372 tbtd.
802 4323 903 4384 Segutr.
921 4322 1020 4374 Goblcr.
1038 4329 1063 4372 et
1081 4319 1210 4398 §alelmi
1231 4311 1313 4382 οὔσης

67 4389 144 4441 buius
165 4385 222 4457 ed]
543 4391 552 4410 ·
722 4383 770 4440 καὶ
786 4387 843 4449 tir.
881 4390 943 4440 Editi
961 4397 986 4439 at
1002 4387 1042 4439 slii
1061 4399 1143 4449 cuore
1159 4385 1213 4449 ris.

101 4474 125 4518 g.
147 4459 298 4514 Sequeriun.
320 4457 419 4509 Gobler.
439 4459 546 4510 Felclm.
566 4459 587 4510 l.
607 4467 631 4510 et
648 4459 672 4512 4.
758 4460 774 4512 i.
792 4459 892 4520 Segncr.
911 4455 1098 4534 ribotmont.
1117 4446 1220 4526 εὕρητε.

66 4517 300 4592 περιελεῦσονται
317 4517 478 4593 ἄνθρωποι,
499 4536 526 4578 ut
544 4535 567 4577 ct
585 4525 674 4589 legitur
757 4527 780 4578 l.
799 4525 899 4589 Seguer.
917 4513 961 4574 brt
976 4537 1076 4590 suptar.

65 4595 135 4656 apud
156 4593 298 4646 terentem.
325 4595 406 4647 Ceteri
421 4604 449 4648 ct
466 4596 523 4647 obtat
540 4588 673 4663 περκλεύ-
758 4595 782 4668 Ι.
794 4595 898 4646 letetur.
917 4594 941 4645 4.
959 4585 1048 4644 bremt
1062 4605 1105 4661 με.
