3110 5064
954 225 968 252 ρ

369 345 513 391 eersrous
528 341 565 386 ns
581 323 725 382 nncasrrs
741 333 883 376 armenis
902 326 1018 372 sunour.
1267 301 1307 364 23

101 511 248 590 scripsere,
276 519 381 580 nempe
412 495 491 578 quod
513 492 567 556 Dei
587 489 677 552 Filius
701 505 734 548 er
758 469 923 548 substantia
945 479 985 539 sit
1006 475 1102 538 Patris
1126 471 1211 550 eiquo
1233 486 1394 531 consenc.

100 606 286 674 substantialis
316 613 343 664 et
373 599 453 681 quod
481 611 577 673 neque
600 611 649 652 res
673 595 769 650 creata
782 603 847 654 nec
868 584 943 644 lacta
964 578 1009 640 nel
1031 573 1148 638 condita
1172 571 1225 644 sit,
1256 569 1310 632 scd
1390 551 1393 563 ’

99 713 168 793 quod
189 707 313 770 Verbum
336 723 369 764 ex
386 698 482 762 Patris
504 691 669 759 substantia
693 691 732 750 sit
753 685 894 766 genitum.
927 682 1000 742 'lmo
1024 675 1102 758 quod
1125 674 1232 734 mirum
1255 679 1310 744 est,

99 817 155 894 ipse
174 807 319 874 Eusebius
343 805 504 866 Caesareae
527 799 558 860 in
577 791 742 856 Palaestina
765 785 940 867 Episcopus,
963 781 1013 860 qui
1034 777 1129 859 pridie
1151 773 1311 842 restiterat,
1362 743 1369 752 ⁸

98 923 190 996 postes
211 905 389 986 subscripsit
410 906 544 981 hortoque
566 894 707 960 ecclesiae
729 890 818 952 fidem
841 895 870 948 et
891 886 1012 946 Petrum
1034 877 1221 940 traditionem
1245 890 1312 934 esse

100 1015 187 1078 missis
209 1012 244 1074 cd
269 1029 353 1072 suam
376 1004 530 1068 ecclesiam
551 999 658 1063 litteris
681 989 855 1072 significavit
878 985 1075 1060 omnibusque
1097 985 1198 1058 aperte
1214 973 1312 1036 decla-

100 1115 178 1188 ran't,
205 1113 273 1174 illos
300 1111 384 1192 prius
414 1123 532 1169 errasse
565 1103 733 1176 frustraque
761 1093 903 1156 adversus
931 1085 1083 1148 veritatem
1111 1075 1311 1140 contendisse.
1323 1096 1398 1139 eru.

99 1218 170 1280 Licet
196 1215 275 1278 enim
306 1223 377 1276 tunc
398 1229 465 1271 eum
488 1207 534 1268 bis
557 1203 599 1264 uti
622 1199 744 1262 vocibus
767 1191 922 1276 puduerit,
952 1195 1039 1265 atque
1060 1191 1092 1244 ut
1113 1179 1223 1252 votuit,
1251 1175 1314 1256 ipse

101 1339 129 1380 sc
148 1315 286 1379 ecclesiae
308 1309 500 1382 excusaverit,
525 1317 622 1368 tanren
646 1319 710 1385 cunr
734 1298 764 1362 in
787 1292 918 1374 Epistola
941 1306 1029 1350 voces
1047 1276 1314 1347 consubstantialis
1381 1329 1386 1337 .

102 1431 126 1481 et
144 1440 179 1482 ccc
200 1420 376 1482 substautias
397 1431 457 1472 uon
480 1404 693 1488 repudiaverit,
721 1398 792 1460 illud
815 1403 910 1468 certe,
941 1389 1019 1470 quod
1047 1383 1192 1462 diximus,
1221 1377 1316 1459 palam

100 1522 180 1582 soluit
200 1520 342 1582 indicare.
387 1513 429 1576 Ea
451 1521 547 1574 autem
570 1509 600 1568 in
623 1524 656 1566 re
679 1520 768 1581 grove
789 1496 925 1578 quiddam
948 1492 975 1552 ei
998 1486 1112 1550 accidit.
1155 1481 1229 1542 Nam
1251 1461 1316 1538 culn

101 1643 128 1684 se
157 1622 242 1684 veluti
271 1624 430 1700 purgaret,
459 1612 584 1673 Arianos
612 1607 729 1668 derorum
759 1598 917 1668 accusavit,
952 1591 1031 1673 quod
1055 1606 1120 1649 cum
1143 1580 1317 1652 scriberent,

102 1725 181 1786 tilium
203 1741 265 1784 nou
290 1721 383 1782 fuisse
406 1723 561 1793 antequam
585 1708 701 1789 genitus
726 1711 815 1774 esset,
839 1700 919 1760 illum
943 1699 1167 1768 necantequam
1184 1683 1318 1743 incarne

103 1835 262 1886 nosceretur
295 1820 446 1884 exstitisse
475 1811 630 1878 voluerint.
676 1805 763 1880 Quod
786 1821 857 1864 sane
880 1816 940 1858 non
962 1801 1062 1876 potest
1085 1791 1222 1868 ignorare
1243 1781 1318 1841 rica-

103 1928 172 2002 cius,
198 1927 256 1988 uisi
290 1934 319 1984 et
346 1924 410 2002 ipse
438 1935 516 1980 nuuc
543 1908 709 1993 praesentis
742 1901 885 1983 temporis
908 1915 995 1958 rausa
1017 1895 1124 1954 lectum
1147 1905 1219 1967 prae
1239 1889 1320 1943 metu

108 2029 264 2090 dissimulet
289 2025 500 2098 veritatemque
522 2021 618 2092 neget.
662 2011 764 2087 ltaque
786 2005 815 2066 iu
839 2003 897 2064 line
920 1996 1031 2060 subieci
1055 1989 1176 2054 Eusebii
1198 1983 1318 2065 Episto-

104 2131 167 2200 lsm,
195 2137 227 2191 ut
249 2125 361 2190 Christi
391 2122 522 2185 bostium
552 2135 584 2176 ac
607 2112 754 2188 insignem
776 2103 933 2185 praecipue
959 2094 1053 2159 dcacii
1078 2095 1106 2154 in
1130 2107 1202 2150 suos
1226 2081 1320 2162 magi-

105 2243 175 2294 stros
196 2229 351 2312 perfidiam
376 2243 410 2286 ex
433 2242 466 2282 ea
489 2218 599 2298 liquido
623 2228 796 2290 cognoscas.

182 2543 209 2600 l.
253 2537 302 2596 Au
325 2549 386 2594 uun
408 2528 497 2608 igitur
519 2523 558 2584 illi
582 2516 769 2598 iniquissime
793 2517 890 2588 agurii,
914 2503 938 2564 si
961 2501 1005 2560 vel
1029 2497 1123 2558 solum
1148 2491 1323 2554 inanimum

112 2641 237 2700 inducant
266 2643 352 2696 teuto
376 2640 405 2692 et
427 2624 555 2707 generali
579 2616 710 2682 Corrcilio
734 2604 917 2672 reclamare?
961 2603 1005 2662 dn
1027 2616 1086 2658 non
1111 2591 1245 2656 scelerati
1269 2591 1322 2650 lra-

110 2740 184 2802 bendi
207 2747 296 2809 suut,
320 2732 369 2812 qui
392 2727 524 2792 adversis
548 2719 641 2784 oculis
665 2711 798 2776 contueri
821 2707 1001 2774 sordentes,
1025 2716 1100 2778 quae
1123 2701 1201 2754 recto
1224 2701 1325 2751 contre
1418 2700 1423 2712 ’

110 2843 232 2904 brionam
260 2832 411 2899 baeresim
440 2830 556 2890 decreta
588 2821 680 2882 luere*
699 2825 727 2875 et
750 2813 785 2877 ob
809 2809 867 2870 illis
891 2803 965 2885 ipsis
987 2797 1111 2880 probate
1135 2800 1222 2864 sunt,
1251 2806 1325 2866 quos

111 2943 181 3020 prius
209 2941 342 3002 habuere
368 2927 528 3011 impietatis
557 2915 741 3000 magistros?
792 2909 879 2984 Quod
910 2905 935 2968 si
965 2895 1140 2968 Eusebium,
1169 2899 1327 2972 postquam

111 3043 354 3121 subscripserunt,
376 3034 412 3096 ad
434 3027 588 3111 proprium
611 3016 769 3100 impietatis
792 3010 934 3072 comitum
957 3003 1035 3064 velut
1056 3016 1143 3060 cenes
1166 2998 1327 3060 revertere,

110 3161 199 3206 nourre
221 3162 257 3204 eo
282 3136 377 3216 magis
400 3133 469 3194 odiu
492 3126 571 3205 digni
594 3130 664 3184 sunt
685 3119 725 3192 bi,
748 3115 797 3194 qui
821 3129 900 3173 rorrrtc
921 3102 1135 3180 contradicunt,
1157 3093 1237 3176 quod
1257 3109 1328 3150 sua-

112 3263 169 3305 rmu
194 3244 360 3306 animarum
387 3235 551 3297 libertatem
582 3222 646 3286 aliis
669 3218 861 3300 propinantes
884 3209 951 3271 illos
974 3207 1058 3284 ipsos
1082 3201 1171 3262 duces
1194 3191 1329 3268 haeresis

112 3347 211 3407 bebere
233 3339 348 3406 relisit?
371 3331 519 3403 iromineS,
542 3335 575 3390 ut
595 3326 637 3386 ait
656 3319 792 3390 tceotms,
817 3312 947 3394 duplices
965 3309 1063 3368 oniaco
1081 3311 1108 3362 et
1124 3303 1330 3360 irtcoastoutce

113 3451 140 3508 ia
168 3447 304 3508 omnibus
333 3444 389 3502 viis
414 3439 494 3507 suis,
528 3425 634 3490 necin
658 3440 714 3483 una
737 3420 944 3500 permanentes
969 3401 1130 3471 sententia,
1166 3395 1218 3456 sed
1241 3392 1330 3454 modo

114 3567 192 3608 uuam
220 3544 312 3618 modo
336 3541 420 3602 aliam
444 3532 668 3612 amplectentes,
692 3521 780 3584 rraodo
804 3533 878 3596 cquae
902 3507 1028 3572 dixerint
1049 3499 1218 3568 laudantes,
1241 3493 1330 3554 modo

116 3635 307 3730 vituperarpcs
331 3640 444 3710 eadem,
467 3648 630 3708 rursusque
653 3624 741 3694 idem,
764 3617 843 3698 quod
865 3612 952 3693 praulo
975 3615 1043 3670 ente
1065 3593 1332 3680 reprehendebant,
1371 3653 1374 3662 ,

119 3749 319 3828 approbantes.
365 3740 395 3802 ld
418 3755 499 3809 vero,
522 3741 554 3796 ut
576 3730 616 3790 ait
638 3727 760 3794 Pastor,
783 3735 844 3778 non
867 3712 923 3774 nisi
946 3729 961 3770 a
985 3702 1102 3768 diabolo
1126 3707 1222 3760 ortum
1245 3691 1334 3753 babet

118 3863 335 3928 cauponumque
362 3839 463 3920 potius
492 3849 578 3914 quam
608 3827 817 3906 tnagistrorum
848 3823 894 3876 est
921 3808 1047 3888 insigne.
1093 3797 1242 3878 Siquidem
1267 3805 1334 3848 vera

116 3949 158 4010 ills
184 3947 317 4010 doctriua
346 3949 408 4014 est,
437 3936 479 4002 oti
502 3937 605 3996 Patres
635 3925 796 3993 tradidere,
825 3913 984 3990 rerumque
1007 3907 1162 3968 doctorum
1184 3889 1334 3960 indicium,

448 4087 574 4138 mesticis
593 4082 694 4136 recidua,
784 4073 798 4120 1.
817 4059 1019 4130 mellicam,
1042 4053 1082 4116 qui
1101 4049 1164 4098 idem
1184 4055 1238 4092 mox
1257 4029 1336 4086 t-’td-

118 4101 158 4151 Nec
179 4105 231 4149 dem
251 4097 377 4148 absurdum
395 4094 445 4140 cisa

821 4151 843 4190 s.
882 4129 943 4181 Edid
963 4119 976 4172 d
996 4123 1117 4172 sortitum.

119 4175 229 4218 uoueret
247 4173 375 4227 antequam
395 4160 489 4220 genitus
507 4161 558 4210 est,
578 4151 698 4200 coroticum
749 4139 820 4201 κωβο
1007 4191 1010 4200 .
1152 4179 1175 4192 ..
1317 4173 1321 4183 Ι

121 4237 198 4296 licere,
218 4247 269 4284 runt
287 4243 364 4281 omnes
382 4229 499 4292 [struatur
517 4216 699 4278 essellcifilium
785 4221 806 4266 p.
825 4201 899 4250 Verba
920 4197 1025 4244 Pastoris
1047 4198 1075 4263 cr
1094 4179 1190 4230 bomdrr
1210 4175 1250 4226 85.
1270 4175 1336 4222 lutr-

117 4305 247 4380 rriutquom
265 4299 391 4350 semerom
409 4305 499 4370 comem
518 4289 656 4366 qiqneretor.
751 4273 805 4323 ochi
824 4265 939 4333 [ltermoc
957 4253 1079 4371 parslcllll'
1093 4250 1119 4365 111.
1139 4241 1255 4376 “ballol
1275 4241 1338 4354 ῐῑιετο

121 4369 235 4492 lullosltc,
247 4368 303 4484 {ll
317 4345 700 4487 mbbdbls'ljltebllllmbjollrlbll:
790 4468 803 4482 .
886 4389 948 4511 ἴὰρ
972 4339 1090 4452 limite
1113 4343 1240 4459 buydrqp
1265 4363 1340 4420 dcclv

690 4487 694 4494 ·
753 4485 803 4522 tou
821 4461 885 4528 διαβ
902 4459 957 4509 too.
995 4457 1077 4506 Versro
1088 4460 1184 4510 antiqua
1196 4444 1282 4520 tetros:
1301 4437 1340 4486 nt-

123 4511 157 4552 ut
173 4501 355 4552 letcbmsuuos.

155 4585 173 4618 e.
192 4563 364 4650 §ictuc-dlii
377 4572 401 4614 et
413 4560 469 4612 editi
481 4549 569 4623 μόνον
581 4549 702 4604 omittunt.
758 4541 815 4590 raim
835 4537 890 4584 boec
909 4529 1022 4580 dubitatio
1041 4523 1089 4586 filio
1107 4523 1142 4568 ert
1160 4510 1258 4564 dietata.
