3110 5064
355 367 500 412 EPISTOLA
514 369 552 412 nn
569 369 712 412 nacnnrts
730 369 873 412 MCAENAE
889 369 1004 414 sinum.
1253 353 1291 416 31

83 496 179 600 pietate
206 519 263 581 diei
290 539 350 582 non
378 528 488 600 potest.
533 519 593 581 Nec
615 519 694 582 enim
717 527 762 581 est
781 513 814 580 'in
836 519 898 581 Deo
920 519 1075 600 snperbia,
1104 519 1155 601 qui
1178 527 1206 582 et
1228 520 1382 598 ipserum.

83 639 139 682 cum
159 621 263 683 iacebo
285 622 316 684 in
337 621 500 702 Aegyptum
522 623 674 701 proiectus
697 629 760 694 est,
790 629 819 684 ct
842 629 964 700 propter
984 621 1182 682 Abrahamum
1204 623 1296 684 Sarac

83 743 160 784 causa
179 723 397 786 thimelcehum
427 722 593 803 castigavit,
624 721 674 801 qui
703 721 781 783 idem
815 741 880 782 eum
903 722 1011 802 Moyse.
1034 721 1150 784 tametsi
1176 722 1296 784 homine

84 843 113 884 os
133 824 166 885 ad
187 845 220 886 os
243 825 429 904 loquebatur,
453 833 482 885 et
504 825 533 885 in
556 833 688 886 montem
712 822 784 884 Sina
806 823 976 884 deseendit:
999 823 1299 904 acdeniqueooculta

83 925 240 1008 quodque
261 926 404 1006 populum
428 926 547 998 adiuvit,
571 915 868 986 devicitdmaleeum.
903 925 1011 986 Verum
1035 925 1106 986 falsa
1128 925 1201 988 haec
1216 931 1296 1000 sunt,

84 1047 147 1105 quae
167 1028 387 1107 propugnatist
400 1026 547 1106 siquidem
570 1031 633 1108 ipae
655 1027 729 1106 seuit
750 1045 806 1087 noa
829 1036 858 1087 et
879 1044 942 1089 non
963 1030 1025 1108 t‘pu'
1046 1045 1112 1089 noa.
1156 1027 1223 1106 lpse
1240 1033 1297 1101 eet,

84 1127 124 1205 qui
150 1147 200 1206 per
222 1147 310 1190 snum
332 1127 462 1190 Verbum
485 1128 584 1190 omnia
606 1135 634 1190 et
656 1145 744 1208 parva
767 1135 796 1188 et
819 1145 923 1206 magna
944 1128 1032 1202 ieeit3
1062 1147 1187 1190 necnee
1210 1147 1295 1190 orea-

85 1237 122 1287 tas
141 1231 181 1290 ias
204 1239 250 1291 est
272 1229 414 1303 dividere,
437 1230 477 1290 ita
501 1237 533 1291 ut
554 1228 667 1290 dicatur
689 1229 747 1306 hoc
768 1229 878 1303 Patris¹
903 1228 973 1292 iilud
997 1229 1061 1290 Filii
1084 1248 1167 1302 csse3
1195 1247 1297 1291 aerum

85 1331 169 1389 omnia
189 1340 259 1392 sunt
283 1330 371 1392 unius
387 1331 450 1404 Dei,
474 1330 524 1409 qui
546 1330 668 1410 proprio
684 1329 781 1390 Verbo
805 1337 951 1410 umquam
974 1349 1063 1392 manu
1086 1329 1188 1403 utitur,
1211 1338 1298 1408 atquo

85 1431 168 1492 omnia
194 1432 225 1492 in
253 1451 292 1494 eo
320 1432 404 1506 iacit,
438 1439 471 1492 nt
496 1434 563 1512 ipse
585 1431 664 1493 fleus
687 1432 735 1512 his
759 1431 856 1493 verbis
879 1431 981 1493 docet:
1006 1431 1115 1496 traam
1137 1451 1204 1494 meo
1225 1433 1299 1511 [ecit

84 1531 272 1596 haecomnia.
317 1534 398 1595 idem
422 1534 508 1594 etiam
532 1533 634 1594 didicit
656 1541 685 1593 et
706 1531 806 1596 docuit
819 1533 936 1594 Paulus.
973 1532 1065 1604 Unus,
1082 1532 1186 1612 inquit,
1203 1531 1296 1606 Denta,

84 1652 117 1694 en
142 1653 196 1715 qno
225 1641 343 1706 omnio,
373 1644 402 1698 et
431 1654 512 1698 unus
535 1633 684 1698 Dominus
707 1634 792 1698 Iesus
817 1635 971 1708 Christus,
997 1654 1057 1715 per
1079 1654 1165 1716 quem
1187 1637 1298 1696 omnia.

83 1731 139 1812 lpse
160 1736 246 1814 igitur
270 1744 301 1797 et
323 1753 443 1818 semper
465 1745 494 1797 et
516 1754 595 1798 nunc
610 1733 735 1814 imperat
749 1735 816 1810 soii,
840 1745 871 1797 et
891 1736 1033 1812 exoritur,
1057 1735 1186 1800 nubibus
1208 1753 1298 1814 prae-

84 1835 151 1912 cipit,
173 1845 202 1898 et
222 1838 252 1898 in
278 1855 368 1899 unam
392 1846 486 1898 terrac
507 1844 621 1916 partera
644 1837 843 1912 effunduntur,
867 1857 943 1917 quae
958 1847 1056 1900 antem
1071 1855 1133 1899 non
1148 1837 1297 1917 irrigatur,

83 1936 202 1999 siccatur.
246 1938 335 2000 lubet
360 1937 498 2002 similiter
525 1947 634 2000 terram
662 1940 775 2001 tructus
799 1939 902 2011 edere,
933 1949 962 2002 et
982 1940 1137 2002 Ieremiam
1159 1939 1189 2002 in
1213 1947 1300 2001 utero

85 2038 184 2099 sternat
228 2039 261 2100 Si
286 2056 378 2120 porro
401 2039 474 2100 haee
496 2057 575 2101 nnrrc
596 2039 661 2118 ipse
684 2041 782 2115 efficit,
807 2041 929 2104 dubium
951 2049 1032 2103 certe
1055 2059 1117 2102 non
1141 2049 1201 2112 est,
1226 2039 1297 2120 quin

84 2139 137 2216 ipse
166 2140 253 2202 etiam
290 2141 326 2202 ab
354 2139 441 2202 initio
467 2140 619 2220 indignum
647 2159 680 2202 se
710 2161 769 2202 non
797 2141 941 2222 putaverit
970 2141 1070 2204 omnia
1091 2161 1145 2221 per
1168 2141 1297 2204 Verbum

84 2240 179 2316 iacere3
199 2243 313 2322 quippe
337 2260 403 2304 cnm
425 2242 483 2304 ista
505 2261 605 2304 rerum
627 2242 830 2304 universarum
852 2243 913 2306 sint
934 2253 1043 2324 partes.

156 2551 183 2613 8.
226 2547 282 2610 Sin
312 2555 411 2608 autern
439 2547 506 2626 quia
532 2565 582 2608 res
604 2547 676 2606 aliae
699 2555 813 2606 creatae
836 2545 981 2606 actionem
1003 2547 1128 2608 invictae
1150 2549 1300 2610 non-sacti

85 2669 174 2712 manus
195 2652 278 2712 forre
300 2667 362 2710 non
385 2648 523 2720 vaierent,
546 2646 732 2710 soiusiilius
756 2666 773 2707 a
795 2646 859 2708 soio
875 2647 937 2706 Deo
960 2655 1007 2707 est
1027 2648 1132 2718 iactus,
1155 2665 1204 2706 res
1228 2667 1300 2708 vcro

84 2751 145 2813 diae
165 2772 216 2832 per
237 2749 348 2812 Filium
370 2757 508 2829 tanquam
532 2748 701 2810 ministrum
725 2755 755 2808 et
776 2747 941 2809 adiutorem
958 2748 1049 2807 tactae
1065 2755 1145 2820 sunt,
1170 2755 1200 2807 ut
1222 2749 1299 2811 sori·

84 2853 133 2930 psit
151 2853 296 2924 Asterius,
319 2853 370 2932 qui
393 2850 481 2912 idetis
503 2849 674 2922 immolavit,
698 2848 778 2928 quod
801 2848 880 2910 idem
902 2848 1112 2928 transcriptum
1126 2847 1212 2910 Arius
1236 2849 1300 2911 suia

86 2955 204 3028 tradidit,
238 2973 302 3034 quo
325 2952 426 3032 utique
450 2951 592 3014 vocabulo
616 2961 752 3030 tanquam
776 2949 886 3012 calamo
909 2957 1050 3030 quassato
1073 2957 1211 3025 utuntur,
1244 2959 1386 3014 nect-²¹⁵·

85 3057 154 3117 stulti
175 3057 239 3119 eius
263 3064 429 3134 agnoscunt
449 3055 626 3116 iutiiitatem.
671 3053 703 3116 Si
726 3053 805 3116 enim
827 3071 875 3115 res
897 3054 989 3114 iactae
1012 3072 1129 3116 inanum
1151 3052 1205 3116 liei
1221 3055 1300 3118 terro

84 3177 133 3218 non
153 3165 304 3238 poterant,
327 3157 391 3237 ipse
414 3166 510 3220 autem
534 3157 626 3218 Filius
650 3175 706 3216 una
730 3163 793 3230 est,
816 3164 848 3216 ut
869 3155 1003 3229 sentitis,
1027 3175 1062 3216 ex
1084 3157 1175 3218 rebus
1198 3157 1301 3230 tactim

84 3259 219 3336 quomodo
243 3259 312 3340 ipse
335 3277 350 3319 a
373 3258 438 3320 solo
462 3259 522 3320 Deo
545 3257 610 3320 tieri
632 3255 754 3337 potuit?
798 3257 830 3318 Si
852 3257 922 3319 item
945 3265 977 3319 ut
999 3275 1047 3318 res
1069 3257 1161 3320 saetae
1183 3261 1300 3334 tierent,

84 3361 246 3424 intermedio
272 3359 407 3422 adiutore
431 3379 506 3440 opus
528 3361 593 3433 tuit,
617 3359 760 3433 etardus,
782 3367 815 3420 ut
837 3359 957 3438 putatis,
980 3361 1073 3420 iaettrs
1096 3379 1213 3440 quoque
1235 3361 1301 3442 ipsc

86 3471 137 3536 est3
157 3465 441 3544 protectomeeesse
465 3461 552 3524 etiam
574 3461 629 3523 tuit
651 3460 859 3522 intermedium
882 3460 1009 3539 aliquem
1031 3469 1098 3522 ante
1115 3479 1182 3524 eum
1197 3463 1301 3537 inisse,

85 3572 111 3624 ut
130 3575 288 3638 crearetur,
311 3565 361 3642 qui
383 3565 449 3642 ipse
471 3563 680 3636 intermedius,
704 3581 771 3624 cum
794 3581 842 3624 res
865 3569 962 3623 creata
984 3581 1101 3644 quoquc
1125 3574 1221 3637 esset,
1244 3564 1302 3626 aiio

87 3665 146 3726 item
177 3665 355 3730 mtermedio
384 3665 420 3728 ad
450 3665 496 3728 sui
525 3666 762 3746 procreationem
792 3681 867 3745 opus
896 3663 1037 3726 habuisse
1064 3685 1126 3728 non
1154 3665 1301 3728 immerito

87 3765 228 3830 ridebitur.
276 3768 308 3830 Si
331 3768 396 3847 quis
419 3775 516 3830 autem
539 3768 627 3830 alium
643 3767 851 3846 excogitaverit
865 3767 1082 3840 intermedium,
1106 3767 1180 3830 alius
1195 3783 1301 3829 rursus

87 3865 271 3932 intennediua
299 3877 423 3949 propter
444 3869 527 3934 ilium
549 3869 637 3931 atium
661 3869 717 3931 erit
738 3868 909 3948 tingendus,
932 3875 1018 3948 atquc
1040 3870 1079 3930 ita
1103 3869 1132 3928 in
1154 3867 1303 3929 infinitum

86 3968 255 4034 delnbemur.
300 3973 393 4034 Porro
416 3971 486 4034 dum
508 3970 548 4034 ita
569 3971 762 4032 intermedius
775 3970 881 4049 aliquis
893 3988 1012 4050 semper
1022 3969 1199 4048 requiretur,
1223 3975 1303 4058 cepte
1369 4008 1383 4028 .

86 4088 128 4132 res
148 4082 261 4136 creatae
284 4073 426 4136 constitui
448 4091 508 4160 non
531 4075 682 4153 poterunt,
705 4072 951 4152 quandoquidem,
975 4069 1137 4140 malicida,
1159 4067 1302 4132 nudares

87 4171 152 4234 tarta
173 4177 252 4236 terre
276 4175 349 4238 volet
372 4175 509 4243 invictam
531 4174 681 4267 nenfiacti
704 4193 831 4236 mantum.
863 4173 950 4245 Quod
973 4171 998 4232 si
1013 4170 1043 4232 id
1059 4167 1219 4232 absurdum
1234 4189 1303 4236 ease

90 4389 175 4458 deque
194 4397 233 4447 hie
246 4398 332 4460 agitur.
350 4411 377 4446 ex
388 4395 502 4460 Sophiste
516 4397 666 4448 Christianus
718 4395 886 4445 tiresum.
905 4391 993 4441 iiistor.
1012 4391 1103 4441 nectes.
1123 4391 1163 4442 lib.
1183 4393 1200 4442 i.
1220 4409 1240 4443 c.
1259 4393 1300 4444 36.

92 4459 167 4522 iactas,
184 4465 360 4526 persecutionis
375 4466 567 4529 temporeidoiis
579 4467 665 4516 immo·
718 4471 741 4514 et
761 4461 905 4521 Phiioatorg.
925 4459 966 4510 nb.
986 4459 1014 4510 ΙΙ.
1034 4474 1100 4510 num.
1122 4459 1159 4510 15.
1252 4495 1262 4514 .

93 4525 151 4588 iant,
173 4531 283 4598 idemque
306 4542 391 4596 postea
417 4533 507 4584 multoe
525 4533 600 4583 tibrna
619 4549 663 4600 pro
751 4546 772 4580 c.
793 4529 849 4592 dep.
863 4518 1005 4593 ἇγενιίτου,
1022 4527 1095 4580 ceteri
1110 4537 1133 4578 et
1151 4529 1207 4576 editi
1225 4521 1303 4576 ἀνεν-

95 4597 246 4650 erumnam
273 4601 360 4652 Ariana
390 4601 486 4652 haeresi
519 4603 662 4668 composuit.
715 4592 808 4648 vt‘wv·
