<?xml version="1.0" encoding="UTF-8"?>
<!DOCTYPE html PUBLIC "-//W3C//DTD XHTML 1.0 Transitional//EN"
    "http://www.w3.org/TR/xhtml1/DTD/xhtml1-transitional.dtd">
<html xmlns="http://www.w3.org/1999/xhtml" xml:lang="en" lang="en">
 <head>
  <title>
</title>
<meta http-equiv="Content-Type" content="text/html;charset=utf-8" />
  <meta name='ocr-system' content='tesseract 3.04.00' />
  <meta name='ocr-capabilities' content='ocr_page ocr_carea ocr_par ocr_line ocrx_word'/>
</head>
<body>
  <div class='ocr_page' id='page_1' title='image "./sanctiathanasii01athagoog_0036.png"; bbox 0 0 3110 5064; ppageno 0'>
   <div class='ocr_carea' id='block_1_1' title="bbox 641 355 1345 444">
    <p class='ocr_par' dir='ltr' id='par_1_1' title="bbox 641 355 1345 444">
     <span class='ocr_line' id='line_1_1' title="bbox 641 355 1345 444; baseline -0.006 -36"><span class='ocrx_word' id='word_1_1' title='bbox 641 365 814 412; x_wconf 74' lang='lat' dir='ltr'><strong>onerario.</strong></span> <span class='ocrx_word' id='word_1_2' title='bbox 1048 431 1050 444; x_wconf 86' lang='lat'><em>.</em></span> <span class='ocrx_word' id='word_1_3' title='bbox 1306 355 1345 420; x_wconf 80' lang='lat'><strong>31</strong></span> 
     </span>
    </p>
   </div>
   <div class='ocr_carea' id='block_1_2' title="bbox 108 513 1349 4146">
    <p class='ocr_par' dir='ltr' id='par_1_2' title="bbox 110 513 1349 1816">
     <span class='ocr_line' id='line_1_2' title="bbox 112 513 1349 601; baseline 0.006 -22"><span class='ocrx_word' id='word_1_4' title='bbox 112 515 165 580; x_wconf 91' lang='lat' dir='ltr'><strong>uhi</strong></span> <span class='ocrx_word' id='word_1_5' title='bbox 189 513 325 596; x_wconf 71' lang='lat' dir='ltr'><strong>expolit,</strong></span> <span class='ocrx_word' id='word_1_6' title='bbox 350 531 414 595; x_wconf 89' lang='lat' dir='ltr'><strong>pro</strong></span> <span class='ocrx_word' id='word_1_7' title='bbox 436 513 585 594; x_wconf 68' lang='lat' dir='ltr'><strong>[subtele</strong></span> <span class='ocrx_word' id='word_1_8' title='bbox 605 513 728 596; x_wconf 78' lang='lat' dir='ltr'><strong>legentis</strong></span> <span class='ocrx_word' id='word_1_9' title='bbox 751 515 860 580; x_wconf 78' lang='lat' dir='ltr'><strong>uolent</strong></span> <span class='ocrx_word' id='word_1_10' title='bbox 881 517 969 580; x_wconf 81' lang='lat' dir='ltr'><strong>uhnta&#39;</strong></span> <span class='ocrx_word' id='word_1_11' title='bbox 988 535 1126 582; x_wconf 78' lang='lat' dir='ltr'><strong>remoue</strong></span> <span class='ocrx_word' id='word_1_12' title='bbox 1147 519 1286 601; x_wconf 78' lang='lat' dir='ltr'><strong>uulgari,</strong></span> <span class='ocrx_word' id='word_1_13' title='bbox 1316 531 1349 586; x_wconf 92' lang='lat' dir='ltr'><strong>ut</strong></span> 
     </span>
     <span class='ocr_line' id='line_1_3' title="bbox 112 615 1347 704; baseline 0.006 -24"><span class='ocrx_word' id='word_1_14' title='bbox 112 619 157 680; x_wconf 87' lang='lat' dir='ltr'><strong>ait</strong></span> <span class='ocrx_word' id='word_1_15' title='bbox 178 617 397 697; x_wconf 72' lang='lat' dir='ltr'><strong>Hieronymus,</strong></span> <span class='ocrx_word' id='word_1_16' title='bbox 426 615 543 680; x_wconf 73' lang='lat' dir='ltr'><strong>ebomsi</strong></span> <span class='ocrx_word' id='word_1_17' title='bbox 564 617 684 698; x_wconf 86' lang='lat' dir='ltr'><strong>possint</strong></span> <span class='ocrx_word' id='word_1_18' title='bbox 711 616 890 696; x_wconf 87' lang='lat' dir='ltr'><strong>elegantiora</strong></span> <span class='ocrx_word' id='word_1_19' title='bbox 917 620 1062 698; x_wconf 86' lang='lat' dir='ltr'><strong>prolerre.</strong></span> <span class='ocrx_word' id='word_1_20' title='bbox 1108 619 1245 684; x_wconf 84' lang='lat' dir='ltr'><strong>Ceterum</strong></span> <span class='ocrx_word' id='word_1_21' title='bbox 1268 623 1347 704; x_wconf 88' lang='lat' dir='ltr'><strong>quud</strong></span> 
     </span>
     <span class='ocr_line' id='line_1_4' title="bbox 115 717 1347 804; baseline 0.005 -22"><span class='ocrx_word' id='word_1_22' title='bbox 115 721 155 782; x_wconf 85' lang='lat' dir='ltr'><strong>de</strong></span> <span class='ocrx_word' id='word_1_23' title='bbox 188 717 305 784; x_wconf 86' lang='lat' dir='ltr'><strong>crebris</strong></span> <span class='ocrx_word' id='word_1_24' title='bbox 338 717 551 782; x_wconf 84' lang='lat' dir='ltr'><strong>sententiarum</strong></span> <span class='ocrx_word' id='word_1_25' title='bbox 584 717 814 798; x_wconf 72' lang='lat' dir='ltr'><strong>repetitionibus</strong></span> <span class='ocrx_word' id='word_1_26' title='bbox 842 718 938 798; x_wconf 85' lang='lat' dir='ltr'><strong>deque</strong></span> <span class='ocrx_word' id='word_1_27' title='bbox 965 720 1070 784; x_wconf 84' lang='lat' dir='ltr'><strong>ordine</strong></span> <span class='ocrx_word' id='word_1_28' title='bbox 1100 739 1200 784; x_wconf 87' lang='lat' dir='ltr'><strong>rerum</strong></span> <span class='ocrx_word' id='word_1_29' title='bbox 1232 726 1347 804; x_wconf 87' lang='lat' dir='ltr'><strong>passim</strong></span> 
     </span>
     <span class='ocr_line' id='line_1_5' title="bbox 116 818 1347 900; baseline 0.004 -16"><span class='ocrx_word' id='word_1_30' title='bbox 116 819 255 900; x_wconf 63' lang='lat' dir='ltr'><strong>aspecto</strong></span> <span class='ocrx_word' id='word_1_31' title='bbox 276 818 479 900; x_wconf 87' lang='lat' dir='ltr'><strong>reprehensus</strong></span> <span class='ocrx_word' id='word_1_32' title='bbox 495 825 543 880; x_wconf 89' lang='lat' dir='ltr'><strong>cat</strong></span> <span class='ocrx_word' id='word_1_33' title='bbox 556 818 747 893; x_wconf 73' lang='lat' dir='ltr'><strong>Athanasius,</strong></span> <span class='ocrx_word' id='word_1_34' title='bbox 771 820 839 900; x_wconf 91' lang='lat' dir='ltr'><strong>quis</strong></span> <span class='ocrx_word' id='word_1_35' title='bbox 865 837 927 881; x_wconf 89' lang='lat' dir='ltr'><strong>nou</strong></span> <span class='ocrx_word' id='word_1_36' title='bbox 951 820 1094 900; x_wconf 88' lang='lat' dir='ltr'><strong>intelligat</strong></span> <span class='ocrx_word' id='word_1_37' title='bbox 1122 841 1189 886; x_wconf 85' lang='lat' dir='ltr'><strong>euru</strong></span> <span class='ocrx_word' id='word_1_38' title='bbox 1213 833 1347 890; x_wconf 87' lang='lat' dir='ltr'><strong>coactum</strong></span> 
     </span>
     <span class='ocr_line' id='line_1_6' title="bbox 114 919 1346 1009; baseline 0.003 -25"><span class='ocrx_word' id='word_1_39' title='bbox 114 923 221 995; x_wconf 84' lang='lat' dir='ltr'><strong>luisse,</strong></span> <span class='ocrx_word' id='word_1_40' title='bbox 248 929 281 982; x_wconf 90' lang='lat' dir='ltr'><strong>ut</strong></span> <span class='ocrx_word' id='word_1_41' title='bbox 302 920 406 982; x_wconf 67' lang='lat' dir='ltr'><strong>molem</strong></span> <span class='ocrx_word' id='word_1_42' title='bbox 428 919 547 1000; x_wconf 90' lang='lat' dir='ltr'><strong>saepius</strong></span> <span class='ocrx_word' id='word_1_43' title='bbox 569 929 720 1000; x_wconf 72' lang='lat' dir='ltr'>repeteret</span> <span class='ocrx_word' id='word_1_44' title='bbox 740 931 771 984; x_wconf 88' lang='lat' dir='ltr'><strong>et</strong></span> <span class='ocrx_word' id='word_1_45' title='bbox 792 921 956 1002; x_wconf 87' lang='lat' dir='ltr'><strong>repetendo</strong></span> <span class='ocrx_word' id='word_1_46' title='bbox 978 921 1152 998; x_wconf 77' lang='lat' dir='ltr'><strong>inculcaret,</strong></span> <span class='ocrx_word' id='word_1_47' title='bbox 1174 945 1265 1006; x_wconf 84' lang='lat' dir='ltr'><strong>quuru</strong></span> <span class='ocrx_word' id='word_1_48' title='bbox 1288 928 1346 1009; x_wconf 91' lang='lat' dir='ltr'><strong>ipsi</strong></span> 
     </span>
     <span class='ocr_line' id='line_1_7' title="bbox 114 1021 1345 1106; baseline 0.006 -20"><span class='ocrx_word' id='word_1_49' title='bbox 114 1042 216 1104; x_wconf 83' lang='lat' dir='ltr'><strong>paene</strong></span> <span class='ocrx_word' id='word_1_50' title='bbox 230 1023 334 1084; x_wconf 80' lang='lat' dir='ltr'><strong>decena</strong></span> <span class='ocrx_word' id='word_1_51' title='bbox 348 1021 509 1101; x_wconf 87' lang='lat' dir='ltr'><strong>perlustra</strong></span> <span class='ocrx_word' id='word_1_52' title='bbox 525 1031 627 1084; x_wconf 87' lang='lat' dir='ltr'><strong>contra</strong></span> <span class='ocrx_word' id='word_1_53' title='bbox 644 1021 768 1084; x_wconf 86' lang='lat' dir='ltr'><strong>eosdem</strong></span> <span class='ocrx_word' id='word_1_54' title='bbox 782 1023 949 1086; x_wconf 88' lang='lat' dir='ltr'><strong>haereticos</strong></span> <span class='ocrx_word' id='word_1_55' title='bbox 967 1022 1038 1085; x_wconf 84' lang='lat' dir='ltr'><strong>airis</strong></span> <span class='ocrx_word' id='word_1_56' title='bbox 1054 1025 1208 1106; x_wconf 76' lang='lat' dir='ltr'><strong>equisque,</strong></span> <span class='ocrx_word' id='word_1_57' title='bbox 1220 1037 1254 1090; x_wconf 95' lang='lat' dir='ltr'><strong>ut</strong></span> <span class='ocrx_word' id='word_1_58' title='bbox 1268 1028 1345 1092; x_wconf 84' lang='lat' dir='ltr'><strong>(liui-</strong></span> 
     </span>
     <span class='ocr_line' id='line_1_8' title="bbox 114 1123 1345 1205; baseline 0.006 -19"><span class='ocrx_word' id='word_1_59' title='bbox 114 1135 175 1194; x_wconf 86' lang='lat' dir='ltr'><strong>tur.</strong></span> <span class='ocrx_word' id='word_1_60' title='bbox 200 1123 390 1205; x_wconf 85' lang='lat' dir='ltr'><strong>pugnandum</strong></span> <span class='ocrx_word' id='word_1_61' title='bbox 407 1132 490 1186; x_wconf 87' lang='lat' dir='ltr'><strong>esset</strong></span> <span class='ocrx_word' id='word_1_62' title='bbox 500 1141 556 1202; x_wconf 90' lang='lat' dir='ltr'><strong>pro</strong></span> <span class='ocrx_word' id='word_1_63' title='bbox 572 1123 674 1186; x_wconf 68' lang='lat' dir='ltr'><strong>muana</strong></span> <span class='ocrx_word' id='word_1_64' title='bbox 689 1141 779 1188; x_wconf 87' lang='lat' dir='ltr'><strong>causa</strong></span> <span class='ocrx_word' id='word_1_65' title='bbox 794 1133 933 1203; x_wconf 86' lang='lat' dir='ltr'><strong>touquaur</strong></span> <span class='ocrx_word' id='word_1_66' title='bbox 955 1143 1011 1204; x_wconf 89' lang='lat' dir='ltr'><strong>pro</strong></span> <span class='ocrx_word' id='word_1_67' title='bbox 1027 1124 1088 1186; x_wconf 89' lang='lat' dir='ltr'><strong>aris</strong></span> <span class='ocrx_word' id='word_1_68' title='bbox 1103 1134 1134 1188; x_wconf 91' lang='lat' dir='ltr'><strong>et</strong></span> <span class='ocrx_word' id='word_1_69' title='bbox 1147 1127 1247 1190; x_wconf 81' lang='lat' dir='ltr'><strong>iocis?</strong></span> <span class='ocrx_word' id='word_1_70' title='bbox 1270 1129 1345 1202; x_wconf 83' lang='lat' dir='ltr'><strong>Quis</strong></span> 
     </span>
     <span class='ocr_line' id='line_1_9' title="bbox 114 1225 1346 1305; baseline 0.003 -15"><span class='ocrx_word' id='word_1_71' title='bbox 114 1228 258 1298; x_wconf 85' lang='lat' dir='ltr'><strong>miretur,</strong></span> <span class='ocrx_word' id='word_1_72' title='bbox 281 1225 454 1305; x_wconf 73' lang='lat' dir='ltr'><strong>episcopm</strong></span> <span class='ocrx_word' id='word_1_73' title='bbox 477 1233 522 1286; x_wconf 89' lang='lat' dir='ltr'><strong>tut</strong></span> <span class='ocrx_word' id='word_1_74' title='bbox 543 1233 574 1286; x_wconf 91' lang='lat' dir='ltr'><strong>et</strong></span> <span class='ocrx_word' id='word_1_75' title='bbox 595 1225 684 1290; x_wconf 79' lang='lat' dir='ltr'><strong>tants</strong></span> <span class='ocrx_word' id='word_1_76' title='bbox 708 1225 952 1304; x_wconf 75' lang='lat' dir='ltr'><strong>occupationibus</strong></span> <span class='ocrx_word' id='word_1_77' title='bbox 974 1225 1154 1301; x_wconf 86' lang='lat' dir='ltr'><strong>distentum,</strong></span> <span class='ocrx_word' id='word_1_78' title='bbox 1184 1238 1229 1290; x_wconf 91' lang='lat' dir='ltr'><strong>tot</strong></span> <span class='ocrx_word' id='word_1_79' title='bbox 1248 1231 1346 1295; x_wconf 87' lang='lat' dir='ltr'><strong>lortu·</strong></span> 
     </span>
     <span class='ocr_line' id='line_1_10' title="bbox 114 1325 1345 1409; baseline 0.002 -18"><span class='ocrx_word' id='word_1_80' title='bbox 114 1347 173 1392; x_wconf 87' lang='lat' dir='ltr'><strong>uae</strong></span> <span class='ocrx_word' id='word_1_81' title='bbox 195 1327 333 1409; x_wconf 89' lang='lat' dir='ltr'><strong>procellis</strong></span> <span class='ocrx_word' id='word_1_82' title='bbox 355 1327 506 1406; x_wconf 62' lang='lat' dir='ltr'><strong>aptatum,</strong></span> <span class='ocrx_word' id='word_1_83' title='bbox 528 1325 687 1408; x_wconf 87' lang='lat' dir='ltr'><strong>quinquies</strong></span> <span class='ocrx_word' id='word_1_84' title='bbox 710 1326 782 1390; x_wconf 87' lang='lat' dir='ltr'><strong>sede</strong></span> <span class='ocrx_word' id='word_1_85' title='bbox 804 1326 1039 1406; x_wconf 78' lang='lat' dir='ltr'><strong>suuexpulsum</strong></span> <span class='ocrx_word' id='word_1_86' title='bbox 1061 1329 1203 1409; x_wconf 88' lang='lat' dir='ltr'><strong>omnique</strong></span> <span class='ocrx_word' id='word_1_87' title='bbox 1224 1329 1345 1394; x_wconf 79' lang='lat' dir='ltr'><strong>calauri-</strong></span> 
     </span>
     <span class='ocr_line' id='line_1_11' title="bbox 113 1427 1345 1511; baseline 0.006 -22"><span class='ocrx_word' id='word_1_88' title='bbox 113 1439 209 1496; x_wconf 71' lang='lat' dir='ltr'><strong>tatm</strong></span> <span class='ocrx_word' id='word_1_89' title='bbox 233 1447 341 1510; x_wconf 88' lang='lat' dir='ltr'><strong>gauere</strong></span> <span class='ocrx_word' id='word_1_90' title='bbox 363 1428 504 1490; x_wconf 86' lang='lat' dir='ltr'><strong>sillictutn</strong></span> <span class='ocrx_word' id='word_1_91' title='bbox 534 1445 595 1490; x_wconf 90' lang='lat' dir='ltr'><strong>nou</strong></span> <span class='ocrx_word' id='word_1_92' title='bbox 624 1427 722 1490; x_wconf 85' lang='lat' dir='ltr'><strong>omnia</strong></span> <span class='ocrx_word' id='word_1_93' title='bbox 750 1428 875 1506; x_wconf 67' lang='lat' dir='ltr'><strong>suntote,</strong></span> <span class='ocrx_word' id='word_1_94' title='bbox 909 1446 983 1508; x_wconf 90' lang='lat' dir='ltr'><strong>quae</strong></span> <span class='ocrx_word' id='word_1_95' title='bbox 1005 1449 1061 1510; x_wconf 92' lang='lat' dir='ltr'><strong>pro</strong></span> <span class='ocrx_word' id='word_1_96' title='bbox 1084 1430 1142 1492; x_wconf 83' lang='lat' dir='ltr'><strong>lide</strong></span> <span class='ocrx_word' id='word_1_97' title='bbox 1165 1441 1195 1492; x_wconf 90' lang='lat' dir='ltr'><strong>et</strong></span> <span class='ocrx_word' id='word_1_98' title='bbox 1216 1450 1272 1511; x_wconf 90' lang='lat' dir='ltr'><strong>pro</strong></span> <span class='ocrx_word' id='word_1_99' title='bbox 1294 1451 1345 1496; x_wconf 89' lang='lat' dir='ltr'><strong>ec·</strong></span> 
     </span>
     <span class='ocr_line' id='line_1_12' title="bbox 114 1528 1345 1612; baseline 0.003 -18"><span class='ocrx_word' id='word_1_100' title='bbox 114 1532 208 1594; x_wconf 81' lang='lat' dir='ltr'><strong>alesia</strong></span> <span class='ocrx_word' id='word_1_101' title='bbox 230 1549 248 1592; x_wconf 86' lang='lat' dir='ltr'><strong>a</strong></span> <span class='ocrx_word' id='word_1_102' title='bbox 270 1549 305 1594; x_wconf 88' lang='lat' dir='ltr'><strong>se</strong></span> <span class='ocrx_word' id='word_1_103' title='bbox 326 1529 450 1610; x_wconf 76' lang='lat' dir='ltr'><strong>tingitani</strong></span> <span class='ocrx_word' id='word_1_104' title='bbox 472 1536 606 1610; x_wconf 88' lang='lat' dir='ltr'><strong>putaret,</strong></span> <span class='ocrx_word' id='word_1_105' title='bbox 634 1528 698 1610; x_wconf 89' lang='lat' dir='ltr'><strong>pari</strong></span> <span class='ocrx_word' id='word_1_106' title='bbox 720 1529 821 1592; x_wconf 83' lang='lat' dir='ltr'><strong>studio</strong></span> <span class='ocrx_word' id='word_1_107' title='bbox 848 1531 984 1609; x_wconf 87' lang='lat' dir='ltr'><strong>potuisse</strong></span> <span class='ocrx_word' id='word_1_108' title='bbox 1006 1530 1164 1612; x_wconf 80' lang='lat' dir='ltr'><strong>expolire?</strong></span> <span class='ocrx_word' id='word_1_109' title='bbox 1205 1532 1266 1596; x_wconf 87' lang='lat' dir='ltr'><strong>Nec</strong></span> <span class='ocrx_word' id='word_1_110' title='bbox 1288 1535 1345 1598; x_wconf 85' lang='lat' dir='ltr'><strong>du·</strong></span> 
     </span>
     <span class='ocr_line' id='line_1_13' title="bbox 111 1629 1345 1716; baseline 0.003 -20"><span class='ocrx_word' id='word_1_111' title='bbox 111 1634 279 1707; x_wconf 85' lang='lat' dir='ltr'><strong>hitaadum,</strong></span> <span class='ocrx_word' id='word_1_112' title='bbox 303 1631 373 1712; x_wconf 89' lang='lat' dir='ltr'><strong>quia</strong></span> <span class='ocrx_word' id='word_1_113' title='bbox 395 1631 479 1712; x_wconf 86' lang='lat' dir='ltr'><strong>plura</strong></span> <span class='ocrx_word' id='word_1_114' title='bbox 501 1629 644 1696; x_wconf 87' lang='lat' dir='ltr'><strong>subitaria</strong></span> <span class='ocrx_word' id='word_1_115' title='bbox 666 1649 701 1694; x_wconf 86' lang='lat' dir='ltr'><strong>oa</strong></span> <span class='ocrx_word' id='word_1_116' title='bbox 725 1649 778 1694; x_wconf 91' lang='lat' dir='ltr'><strong>ore</strong></span> <span class='ocrx_word' id='word_1_117' title='bbox 800 1631 901 1711; x_wconf 88' lang='lat' dir='ltr'><strong>potius</strong></span> <span class='ocrx_word' id='word_1_118' title='bbox 930 1631 1068 1696; x_wconf 67' lang='lat' dir='ltr'><strong>(licentis</strong></span> <span class='ocrx_word' id='word_1_119' title='bbox 1090 1643 1228 1714; x_wconf 77' lang='lat' dir='ltr'><strong>excepta,</strong></span> <span class='ocrx_word' id='word_1_120' title='bbox 1258 1655 1345 1716; x_wconf 85' lang='lat' dir='ltr'><strong>quarn</strong></span> 
     </span>
     <span class='ocr_line' id='line_1_14' title="bbox 110 1732 524 1816; baseline -0.017 -16"><span class='ocrx_word' id='word_1_121' title='bbox 110 1736 151 1800; x_wconf 82' lang='lat' dir='ltr'><strong>ab</strong></span> <span class='ocrx_word' id='word_1_122' title='bbox 173 1737 242 1816; x_wconf 83' lang='lat' dir='ltr'><strong>ipso</strong></span> <span class='ocrx_word' id='word_1_123' title='bbox 262 1734 431 1814; x_wconf 75' lang='lat' dir='ltr'><strong>cousoeipta</strong></span> <span class='ocrx_word' id='word_1_124' title='bbox 452 1732 524 1796; x_wconf 87' lang='lat' dir='ltr'><strong>siut.</strong></span> 
     </span>
    </p>

    <p class='ocr_par' dir='ltr' id='par_1_3' title="bbox 108 1833 1346 4146">
     <span class='ocr_line' id='line_1_15' title="bbox 201 1833 1346 1915; baseline 0.003 -16"><span class='ocrx_word' id='word_1_125' title='bbox 201 1835 328 1900; x_wconf 82' lang='lat' dir='ltr'><strong>Gravior</strong></span> <span class='ocrx_word' id='word_1_126' title='bbox 349 1842 397 1898; x_wconf 86' lang='lat' dir='ltr'><strong>est</strong></span> <span class='ocrx_word' id='word_1_127' title='bbox 424 1833 558 1914; x_wconf 75' lang='lat' dir='ltr'><strong>quaestio</strong></span> <span class='ocrx_word' id='word_1_128' title='bbox 587 1833 624 1896; x_wconf 79' lang='lat' dir='ltr'><strong>tle</strong></span> <span class='ocrx_word' id='word_1_129' title='bbox 645 1835 810 1914; x_wconf 85' lang='lat' dir='ltr'><strong>scripturae</strong></span> <span class='ocrx_word' id='word_1_130' title='bbox 840 1851 941 1898; x_wconf 88' lang='lat' dir='ltr'><strong>sacrae</strong></span> <span class='ocrx_word' id='word_1_131' title='bbox 970 1833 1214 1915; x_wconf 78' lang='lat' dir='ltr'><strong>interpretatione</strong></span> <span class='ocrx_word' id='word_1_132' title='bbox 1235 1847 1266 1899; x_wconf 87' lang='lat' dir='ltr'><strong>et</strong></span> <span class='ocrx_word' id='word_1_133' title='bbox 1287 1855 1346 1902; x_wconf 84' lang='lat' dir='ltr'><strong>usu</strong></span> 
     </span>
     <span class='ocr_line' id='line_1_16' title="bbox 115 1934 1345 2018; baseline 0.002 -16"><span class='ocrx_word' id='word_1_134' title='bbox 115 1941 149 2002; x_wconf 91' lang='lat' dir='ltr'><strong>iu</strong></span> <span class='ocrx_word' id='word_1_135' title='bbox 180 1935 392 2000; x_wconf 81' lang='lat' dir='ltr'><strong>conuorersiie</strong></span> <span class='ocrx_word' id='word_1_136' title='bbox 423 1934 607 2016; x_wconf 90' lang='lat' dir='ltr'><strong>theologicis.</strong></span> <span class='ocrx_word' id='word_1_137' title='bbox 650 1935 683 1998; x_wconf 94' lang='lat' dir='ltr'><strong>ln</strong></span> <span class='ocrx_word' id='word_1_138' title='bbox 712 1955 771 2016; x_wconf 91' lang='lat' dir='ltr'><strong>quo</strong></span> <span class='ocrx_word' id='word_1_139' title='bbox 804 1953 866 1998; x_wconf 91' lang='lat' dir='ltr'><strong>ucu</strong></span> <span class='ocrx_word' id='word_1_140' title='bbox 897 1936 1079 2000; x_wconf 79' lang='lat' dir='ltr'><strong>admiramur</strong></span> <span class='ocrx_word' id='word_1_141' title='bbox 1109 1937 1189 2018; x_wconf 84' lang='lat' dir='ltr'><strong>quod</strong></span> <span class='ocrx_word' id='word_1_142' title='bbox 1210 1939 1345 2004; x_wconf 82' lang='lat' dir='ltr'><strong>Seuilerc</strong></span> 
     </span>
     <span class='ocr_line' id='line_1_17' title="bbox 116 2036 1345 2121; baseline 0.002 -17"><span class='ocrx_word' id='word_1_143' title='bbox 116 2039 241 2120; x_wconf 82' lang='lat' dir='ltr'><strong>aliisque</strong></span> <span class='ocrx_word' id='word_1_144' title='bbox 274 2037 489 2102; x_wconf 81' lang='lat' dir='ltr'><strong>receuhoribus</strong></span> <span class='ocrx_word' id='word_1_145' title='bbox 520 2038 611 2100; x_wconf 86' lang='lat' dir='ltr'><strong>nauita</strong></span> <span class='ocrx_word' id='word_1_146' title='bbox 645 2036 876 2117; x_wconf 85' lang='lat' dir='ltr'><strong>displicuerunt,</strong></span> <span class='ocrx_word' id='word_1_147' title='bbox 909 2039 963 2100; x_wconf 88' lang='lat' dir='ltr'><strong>sed</strong></span> <span class='ocrx_word' id='word_1_148' title='bbox 992 2039 1073 2118; x_wconf 82' lang='lat' dir='ltr'><strong>quod</strong></span> <span class='ocrx_word' id='word_1_149' title='bbox 1094 2039 1150 2102; x_wconf 88' lang='lat' dir='ltr'><strong>hac</strong></span> <span class='ocrx_word' id='word_1_150' title='bbox 1172 2059 1291 2121; x_wconf 88' lang='lat' dir='ltr'><strong>quoque</strong></span> <span class='ocrx_word' id='word_1_151' title='bbox 1313 2043 1345 2106; x_wconf 92' lang='lat' dir='ltr'><strong>iu</strong></span> 
     </span>
     <span class='ocr_line' id='line_1_18' title="bbox 111 2138 1344 2223; baseline 0.003 -19"><span class='ocrx_word' id='word_1_152' title='bbox 111 2151 200 2223; x_wconf 82' lang='lat' dir='ltr'><strong>parte</strong></span> <span class='ocrx_word' id='word_1_153' title='bbox 224 2141 417 2204; x_wconf 75' lang='lat' dir='ltr'><strong>athanasium</strong></span> <span class='ocrx_word' id='word_1_154' title='bbox 449 2139 571 2220; x_wconf 86' lang='lat' dir='ltr'><strong>reliquis</strong></span> <span class='ocrx_word' id='word_1_155' title='bbox 604 2138 818 2202; x_wconf 79' lang='lat' dir='ltr'><strong>eruditioribus</strong></span> <span class='ocrx_word' id='word_1_156' title='bbox 839 2138 950 2202; x_wconf 87' lang='lat' dir='ltr'><strong>saeculi</strong></span> <span class='ocrx_word' id='word_1_157' title='bbox 983 2139 1079 2219; x_wconf 84' lang='lat' dir='ltr'><strong>quarti</strong></span> <span class='ocrx_word' id='word_1_158' title='bbox 1108 2141 1344 2222; x_wconf 81' lang='lat' dir='ltr'><strong>disputatoribus</strong></span> 
     </span>
     <span class='ocr_line' id='line_1_19' title="bbox 111 2240 1344 2321; baseline 0 -13"><span class='ocrx_word' id='word_1_159' title='bbox 111 2245 289 2308; x_wconf 72' lang='lat' dir='ltr'><strong>interiorem</strong></span> <span class='ocrx_word' id='word_1_160' title='bbox 321 2241 504 2314; x_wconf 84' lang='lat' dir='ltr'><strong>iudicarunt,</strong></span> <span class='ocrx_word' id='word_1_161' title='bbox 538 2240 566 2302; x_wconf 88' lang='lat' dir='ltr'><strong>id</strong></span> <span class='ocrx_word' id='word_1_162' title='bbox 595 2247 715 2319; x_wconf 90' lang='lat' dir='ltr'><strong>praeter</strong></span> <span class='ocrx_word' id='word_1_163' title='bbox 748 2240 920 2321; x_wconf 88' lang='lat' dir='ltr'><strong>opinionem</strong></span> <span class='ocrx_word' id='word_1_164' title='bbox 954 2240 1069 2304; x_wconf 75' lang='lat' dir='ltr'><strong>uendit.</strong></span> <span class='ocrx_word' id='word_1_165' title='bbox 1113 2241 1231 2304; x_wconf 85' lang='lat' dir='ltr'><strong>Etenim</strong></span> <span class='ocrx_word' id='word_1_166' title='bbox 1264 2255 1344 2308; x_wconf 87' lang='lat' dir='ltr'><strong>recte</strong></span> 
     </span>
     <span class='ocr_line' id='line_1_20' title="bbox 112 2341 1343 2424; baseline 0.002 -16"><span class='ocrx_word' id='word_1_167' title='bbox 112 2346 174 2408; x_wconf 85' lang='lat' dir='ltr'><strong>iarn</strong></span> <span class='ocrx_word' id='word_1_168' title='bbox 197 2343 362 2408; x_wconf 73' lang='lat' dir='ltr'><strong>bichardus</strong></span> <span class='ocrx_word' id='word_1_169' title='bbox 384 2343 498 2418; x_wconf 83' lang='lat' dir='ltr'><strong>Simon,</strong></span> <span class='ocrx_word' id='word_1_170' title='bbox 522 2341 644 2404; x_wconf 86' lang='lat' dir='ltr'><strong>criticus</strong></span> <span class='ocrx_word' id='word_1_171' title='bbox 666 2341 698 2404; x_wconf 89' lang='lat' dir='ltr'><strong>in</strong></span> <span class='ocrx_word' id='word_1_172' title='bbox 718 2341 777 2404; x_wconf 89' lang='lat' dir='ltr'><strong>hoc</strong></span> <span class='ocrx_word' id='word_1_173' title='bbox 798 2343 978 2422; x_wconf 87' lang='lat' dir='ltr'><strong>scriptorum</strong></span> <span class='ocrx_word' id='word_1_174' title='bbox 1001 2359 1110 2422; x_wconf 90' lang='lat' dir='ltr'><strong>genere</strong></span> <span class='ocrx_word' id='word_1_175' title='bbox 1130 2345 1343 2424; x_wconf 86' lang='lat' dir='ltr'><strong>peritissimus,</strong></span> 
     </span>
     <span class='ocr_line' id='line_1_21' title="bbox 113 2443 1344 2525; baseline 0.002 -15"><span class='ocrx_word' id='word_1_176' title='bbox 113 2448 336 2518; x_wconf 72' lang='lat' dir='ltr'><strong>observaverat,</strong></span> <span class='ocrx_word' id='word_1_177' title='bbox 359 2463 411 2508; x_wconf 89' lang='lat' dir='ltr'><strong>eos</strong></span> <span class='ocrx_word' id='word_1_178' title='bbox 427 2443 478 2525; x_wconf 92' lang='lat' dir='ltr'><strong>qui</strong></span> <span class='ocrx_word' id='word_1_179' title='bbox 491 2461 620 2524; x_wconf 88' lang='lat' dir='ltr'><strong>pugnam</strong></span> <span class='ocrx_word' id='word_1_180' title='bbox 635 2444 772 2506; x_wconf 72' lang='lat' dir='ltr'><strong>balanam</strong></span> <span class='ocrx_word' id='word_1_181' title='bbox 787 2444 919 2508; x_wconf 79' lang='lat' dir='ltr'><strong>secundo</strong></span> <span class='ocrx_word' id='word_1_182' title='bbox 935 2443 1039 2510; x_wconf 86' lang='lat' dir='ltr'><strong>ordine</strong></span> <span class='ocrx_word' id='word_1_183' title='bbox 1061 2445 1260 2525; x_wconf 76' lang='lat' dir='ltr'><strong>excepissent,</strong></span> <span class='ocrx_word' id='word_1_184' title='bbox 1283 2467 1344 2512; x_wconf 91' lang='lat' dir='ltr'><strong>nou</strong></span> 
     </span>
     <span class='ocr_line' id='line_1_22' title="bbox 113 2545 1344 2632; baseline 0.001 -20"><span class='ocrx_word' id='word_1_185' title='bbox 113 2549 292 2632; x_wconf 80' lang='lat' dir='ltr'><strong>repudiasse</strong></span> <span class='ocrx_word' id='word_1_186' title='bbox 320 2563 401 2610; x_wconf 84' lang='lat' dir='ltr'><strong>arnas</strong></span> <span class='ocrx_word' id='word_1_187' title='bbox 423 2545 575 2608; x_wconf 77' lang='lat' dir='ltr'><strong>Athanasii</strong></span> <span class='ocrx_word' id='word_1_188' title='bbox 604 2545 806 2626; x_wconf 87' lang='lat' dir='ltr'><strong>antesignani,</strong></span> <span class='ocrx_word' id='word_1_189' title='bbox 834 2545 880 2606; x_wconf 85' lang='lat' dir='ltr'><strong>rol</strong></span> <span class='ocrx_word' id='word_1_190' title='bbox 902 2555 936 2606; x_wconf 90' lang='lat' dir='ltr'><strong>ut</strong></span> <span class='ocrx_word' id='word_1_191' title='bbox 956 2546 1077 2627; x_wconf 89' lang='lat' dir='ltr'><strong>proprie</strong></span> <span class='ocrx_word' id='word_1_192' title='bbox 1105 2546 1217 2619; x_wconf 75' lang='lat' dir='ltr'><strong>dion,</strong></span> <span class='ocrx_word' id='word_1_193' title='bbox 1244 2559 1344 2628; x_wconf 87' lang='lat' dir='ltr'><strong>patrea</strong></span> 
     </span>
     <span class='ocr_line' id='line_1_23' title="bbox 115 2645 1343 2732; baseline -0.002 -18"><span class='ocrx_word' id='word_1_194' title='bbox 115 2653 167 2732; x_wconf 92' lang='lat' dir='ltr'><strong>qni</strong></span> <span class='ocrx_word' id='word_1_195' title='bbox 190 2659 262 2730; x_wconf 88' lang='lat' dir='ltr'><strong>post</strong></span> <span class='ocrx_word' id='word_1_196' title='bbox 281 2647 474 2712; x_wconf 77' lang='lat' dir='ltr'><strong>Athanasium</strong></span> <span class='ocrx_word' id='word_1_197' title='bbox 497 2646 693 2726; x_wconf 83' lang='lat' dir='ltr'><strong>scripsissent</strong></span> <span class='ocrx_word' id='word_1_198' title='bbox 714 2655 818 2708; x_wconf 81' lang='lat' dir='ltr'><strong>conua</strong></span> <span class='ocrx_word' id='word_1_199' title='bbox 838 2645 984 2718; x_wconf 74' lang='lat' dir='ltr'><strong>Arianos,</strong></span> <span class='ocrx_word' id='word_1_200' title='bbox 1020 2647 1087 2725; x_wconf 88' lang='lat' dir='ltr'><strong>ipso</strong></span> <span class='ocrx_word' id='word_1_201' title='bbox 1121 2656 1241 2712; x_wconf 87' lang='lat' dir='ltr'><strong>auctore</strong></span> <span class='ocrx_word' id='word_1_202' title='bbox 1269 2667 1343 2712; x_wconf 83' lang='lat' dir='ltr'><strong>tusus</strong></span> 
     </span>
     <span class='ocr_line' id='line_1_24' title="bbox 116 2747 1344 2832; baseline -0.002 -16"><span class='ocrx_word' id='word_1_203' title='bbox 116 2771 192 2816; x_wconf 83' lang='lat' dir='ltr'><strong>esse</strong></span> <span class='ocrx_word' id='word_1_204' title='bbox 211 2761 238 2814; x_wconf 86' lang='lat' dir='ltr'><strong>at</strong></span> <span class='ocrx_word' id='word_1_205' title='bbox 259 2751 420 2832; x_wconf 86' lang='lat' dir='ltr'><strong>plerosque</strong></span> <span class='ocrx_word' id='word_1_206' title='bbox 439 2748 476 2812; x_wconf 83' lang='grc' dir='ltr'><strong>Ν.</strong></span> <span class='ocrx_word' id='word_1_207' title='bbox 499 2747 534 2810; x_wconf 82' lang='grc' dir='ltr'><strong>Τ.</strong></span> <span class='ocrx_word' id='word_1_208' title='bbox 556 2747 650 2822; x_wconf 89' lang='lat' dir='ltr'><strong>locos,</strong></span> <span class='ocrx_word' id='word_1_209' title='bbox 673 2765 800 2827; x_wconf 86' lang='lat' dir='ltr'><strong>quorum</strong></span> <span class='ocrx_word' id='word_1_210' title='bbox 823 2764 961 2825; x_wconf 84' lang='lat' dir='ltr'><strong>maguum</strong></span> <span class='ocrx_word' id='word_1_211' title='bbox 983 2764 1140 2808; x_wconf 86' lang='lat' dir='ltr'><strong>numerum</strong></span> <span class='ocrx_word' id='word_1_212' title='bbox 1163 2748 1344 2828; x_wconf 77' lang='lat' dir='ltr'><strong>collegisset,</strong></span> 
     </span>
     <span class='ocr_line' id='line_1_25' title="bbox 116 2847 1344 2929; baseline -0.002 -12"><span class='ocrx_word' id='word_1_213' title='bbox 116 2854 220 2916; x_wconf 60' lang='lat' dir='ltr'><strong>meru</strong></span> <span class='ocrx_word' id='word_1_214' title='bbox 249 2855 312 2916; x_wconf 82' lang='lat' dir='ltr'><strong>iere</strong></span> <span class='ocrx_word' id='word_1_215' title='bbox 342 2851 458 2914; x_wconf 89' lang='lat' dir='ltr'><strong>ratione</strong></span> <span class='ocrx_word' id='word_1_216' title='bbox 485 2848 647 2929; x_wconf 81' lang='lat' dir='ltr'><strong>explicatos</strong></span> <span class='ocrx_word' id='word_1_217' title='bbox 675 2848 733 2911; x_wconf 89' lang='lat' dir='ltr'><strong>illis</strong></span> <span class='ocrx_word' id='word_1_218' title='bbox 763 2847 920 2910; x_wconf 86' lang='lat' dir='ltr'><strong>haereticis</strong></span> <span class='ocrx_word' id='word_1_219' title='bbox 958 2847 1147 2926; x_wconf 89' lang='lat' dir='ltr'><strong>opposuisse.</strong></span> <span class='ocrx_word' id='word_1_220' title='bbox 1193 2849 1258 2910; x_wconf 82' lang='lat' dir='ltr'><strong>vid.</strong></span> <span class='ocrx_word' id='word_1_221' title='bbox 1286 2849 1344 2914; x_wconf 84' lang='lat' dir='ltr'><strong>lli-</strong></span> 
     </span>
     <span class='ocr_line' id='line_1_26' title="bbox 112 2947 1344 3037; baseline -0.005 -17"><span class='ocrx_word' id='word_1_222' title='bbox 112 2961 211 3020; x_wconf 83' lang='lat' dir='ltr'><strong>ster&#39;re</strong></span> <span class='ocrx_word' id='word_1_223' title='bbox 232 2961 358 3037; x_wconf 76' lang='lat' dir='ltr'><strong>critique</strong></span> <span class='ocrx_word' id='word_1_224' title='bbox 373 2955 424 3018; x_wconf 74' lang='lat' dir='ltr'><strong>olea</strong></span> <span class='ocrx_word' id='word_1_225' title='bbox 436 2957 625 3035; x_wconf 78' lang='lat' dir='ltr'><strong>principetur</strong></span> <span class='ocrx_word' id='word_1_226' title='bbox 641 2960 891 3014; x_wconf 65' lang='lat' dir='ltr'><strong>commutateura</strong></span> <span class='ocrx_word' id='word_1_227' title='bbox 907 2949 947 3012; x_wconf 82' lang='lat' dir='ltr'><strong>dn</strong></span> <span class='ocrx_word' id='word_1_228' title='bbox 963 2948 1000 3010; x_wconf 87' lang='lat' dir='ltr'><strong>N.</strong></span> <span class='ocrx_word' id='word_1_229' title='bbox 1020 2947 1049 3010; x_wconf 79' lang='lat' dir='ltr'><strong>Y.</strong></span> <span class='ocrx_word' id='word_1_230' title='bbox 1067 2949 1191 3030; x_wconf 76' lang='lat' dir='ltr'><strong>eupli.</strong></span> <span class='ocrx_word' id='word_1_231' title='bbox 1206 2953 1344 3031; x_wconf 74' lang='lat' dir='ltr'><strong>p.91.*)</strong></span> 
     </span>
     <span class='ocr_line' id='line_1_27' title="bbox 110 3049 1343 3133; baseline -0.004 -12"><span class='ocrx_word' id='word_1_232' title='bbox 110 3058 248 3122; x_wconf 76' lang='lat' dir='ltr'><strong>Omnino</strong></span> <span class='ocrx_word' id='word_1_233' title='bbox 270 3055 396 3118; x_wconf 75' lang='lat' dir='ltr'><strong>Racilius</strong></span> <span class='ocrx_word' id='word_1_234' title='bbox 417 3054 456 3116; x_wconf 85' lang='lat' dir='ltr'><strong>ll.</strong></span> <span class='ocrx_word' id='word_1_235' title='bbox 486 3062 517 3116; x_wconf 91' lang='lat' dir='ltr'><strong>et</strong></span> <span class='ocrx_word' id='word_1_236' title='bbox 538 3053 675 3133; x_wconf 77' lang='lat' dir='ltr'><strong>Gregorii</strong></span> <span class='ocrx_word' id='word_1_237' title='bbox 696 3051 897 3112; x_wconf 77' lang='lat' dir='ltr'><strong>Nazianzenus</strong></span> <span class='ocrx_word' id='word_1_238' title='bbox 919 3058 1008 3129; x_wconf 90' lang='lat' dir='ltr'><strong>atque</strong></span> <span class='ocrx_word' id='word_1_239' title='bbox 1028 3049 1183 3130; x_wconf 82' lang='lat' dir='ltr'><strong>Nyssenus</strong></span> <span class='ocrx_word' id='word_1_240' title='bbox 1205 3052 1236 3114; x_wconf 92' lang='lat' dir='ltr'><strong>in</strong></span> <span class='ocrx_word' id='word_1_241' title='bbox 1256 3052 1343 3126; x_wconf 84' lang='lat' dir='ltr'><strong>libris</strong></span> 
     </span>
     <span class='ocr_line' id='line_1_28' title="bbox 109 3151 1345 3232; baseline -0.006 -9"><span class='ocrx_word' id='word_1_242' title='bbox 109 3171 142 3224; x_wconf 91' lang='lat' dir='ltr'><strong>et</strong></span> <span class='ocrx_word' id='word_1_243' title='bbox 166 3157 355 3222; x_wconf 73' lang='lat' dir='ltr'><strong>umbonibus</strong></span> <span class='ocrx_word' id='word_1_244' title='bbox 378 3166 480 3220; x_wconf 89' lang='lat' dir='ltr'><strong>contra</strong></span> <span class='ocrx_word' id='word_1_245' title='bbox 503 3153 683 3218; x_wconf 73' lang='lat' dir='ltr'><strong>huncarium</strong></span> <span class='ocrx_word' id='word_1_246' title='bbox 705 3170 767 3216; x_wconf 88' lang='lat' dir='ltr'><strong>nou</strong></span> <span class='ocrx_word' id='word_1_247' title='bbox 788 3160 834 3214; x_wconf 86' lang='lat' dir='ltr'><strong>tot</strong></span> <span class='ocrx_word' id='word_1_248' title='bbox 862 3151 1025 3231; x_wconf 82' lang='lat' dir='ltr'><strong>scripturae</strong></span> <span class='ocrx_word' id='word_1_249' title='bbox 1055 3151 1242 3226; x_wconf 82' lang='lat' dir='ltr'><strong>testimonia,</strong></span> <span class='ocrx_word' id='word_1_250' title='bbox 1271 3163 1345 3232; x_wconf 90' lang='lat' dir='ltr'><strong>quot</strong></span> 
     </span>
     <span class='ocr_line' id='line_1_29' title="bbox 110 3252 1343 3340; baseline -0.007 -15"><span class='ocrx_word' id='word_1_251' title='bbox 110 3262 150 3324; x_wconf 82' lang='lat' dir='ltr'><strong>ab</strong></span> <span class='ocrx_word' id='word_1_252' title='bbox 172 3260 333 3324; x_wconf 75' lang='lat' dir='ltr'><strong>Athanasio</strong></span> <span class='ocrx_word' id='word_1_253' title='bbox 354 3257 469 3340; x_wconf 90' lang='lat' dir='ltr'><strong>prolata</strong></span> <span class='ocrx_word' id='word_1_254' title='bbox 491 3265 587 3330; x_wconf 87' lang='lat' dir='ltr'><strong>erunt,</strong></span> <span class='ocrx_word' id='word_1_255' title='bbox 610 3261 827 3335; x_wconf 84' lang='lat' dir='ltr'><strong>exposuerunt:</strong></span> <span class='ocrx_word' id='word_1_256' title='bbox 851 3253 904 3316; x_wconf 76' lang='lat' dir='ltr'><strong>seul</strong></span> <span class='ocrx_word' id='word_1_257' title='bbox 927 3259 1040 3316; x_wconf 74' lang='lat' dir='ltr'><strong>uotum</strong></span> <span class='ocrx_word' id='word_1_258' title='bbox 1062 3252 1164 3326; x_wconf 87' lang='lat' dir='ltr'><strong>abest,</strong></span> <span class='ocrx_word' id='word_1_259' title='bbox 1194 3260 1227 3316; x_wconf 88' lang='lat' dir='ltr'><strong>ut</strong></span> <span class='ocrx_word' id='word_1_260' title='bbox 1248 3254 1343 3334; x_wconf 82' lang='lat' dir='ltr'><strong>expli-</strong></span> 
     </span>
     <span class='ocr_line' id='line_1_30' title="bbox 110 3354 1342 3441; baseline -0.007 -15"><span class='ocrx_word' id='word_1_261' title='bbox 110 3363 250 3428; x_wconf 79' lang='lat' dir='ltr'><strong>cationes</strong></span> <span class='ocrx_word' id='word_1_262' title='bbox 271 3369 301 3424; x_wconf 88' lang='lat' dir='ltr'><strong>et</strong></span> <span class='ocrx_word' id='word_1_263' title='bbox 320 3359 594 3441; x_wconf 77' lang='lat' dir='ltr'><strong>argumentationes</strong></span> <span class='ocrx_word' id='word_1_264' title='bbox 628 3355 763 3438; x_wconf 86' lang='lat' dir='ltr'><strong>episcopi</strong></span> <span class='ocrx_word' id='word_1_265' title='bbox 791 3354 980 3418; x_wconf 75' lang='lat' dir='ltr'><strong>Alexandrini</strong></span> <span class='ocrx_word' id='word_1_266' title='bbox 1009 3371 1045 3416; x_wconf 84' lang='lat' dir='ltr'><strong>ex</strong></span> <span class='ocrx_word' id='word_1_267' title='bbox 1073 3361 1157 3433; x_wconf 89' lang='lat' dir='ltr'><strong>parte</strong></span> <span class='ocrx_word' id='word_1_268' title='bbox 1188 3355 1342 3434; x_wconf 89' lang='lat' dir='ltr'><strong>improba-</strong></span> 
     </span>
     <span class='ocr_line' id='line_1_31' title="bbox 110 3454 1343 3542; baseline -0.002 -18"><span class='ocrx_word' id='word_1_269' title='bbox 110 3463 229 3537; x_wconf 79' lang='lat' dir='ltr'><strong>rarint,</strong></span> <span class='ocrx_word' id='word_1_270' title='bbox 253 3461 331 3541; x_wconf 87' lang='lat' dir='ltr'><strong>quod</strong></span> <span class='ocrx_word' id='word_1_271' title='bbox 353 3461 411 3542; x_wconf 86' lang='lat' dir='ltr'><strong>ipsi</strong></span> <span class='ocrx_word' id='word_1_272' title='bbox 440 3459 563 3523; x_wconf 74' lang='lat' dir='ltr'><strong>notura</strong></span> <span class='ocrx_word' id='word_1_273' title='bbox 590 3457 687 3522; x_wconf 80' lang='lat' dir='ltr'><strong>edocti</strong></span> <span class='ocrx_word' id='word_1_274' title='bbox 716 3465 835 3530; x_wconf 87' lang='lat' dir='ltr'><strong>essent,</strong></span> <span class='ocrx_word' id='word_1_275' title='bbox 865 3463 897 3516; x_wconf 93' lang='lat' dir='ltr'><strong>ut</strong></span> <span class='ocrx_word' id='word_1_276' title='bbox 918 3454 954 3518; x_wconf 89' lang='lat' dir='ltr'><strong>ab</strong></span> <span class='ocrx_word' id='word_1_277' title='bbox 977 3454 1026 3518; x_wconf 90' lang='lat' dir='ltr'><strong>illc</strong></span> <span class='ocrx_word' id='word_1_278' title='bbox 1049 3457 1282 3520; x_wconf 77' lang='lat' dir='ltr'><strong>conuenersiam</strong></span> <span class='ocrx_word' id='word_1_279' title='bbox 1304 3457 1343 3522; x_wconf 84' lang='lat' dir='ltr'><strong>de</strong></span> 
     </span>
     <span class='ocr_line' id='line_1_32' title="bbox 110 3557 1343 3645; baseline -0.006 -15"><span class='ocrx_word' id='word_1_280' title='bbox 110 3565 262 3645; x_wconf 83' lang='lat' dir='ltr'><strong>scriptura</strong></span> <span class='ocrx_word' id='word_1_281' title='bbox 282 3563 467 3643; x_wconf 82' lang='lat' dir='ltr'><strong>profligatam</strong></span> <span class='ocrx_word' id='word_1_282' title='bbox 491 3563 547 3624; x_wconf 87' lang='lat' dir='ltr'><strong>iam</strong></span> <span class='ocrx_word' id='word_1_283' title='bbox 570 3579 638 3622; x_wconf 86' lang='lat' dir='ltr'><strong>esse</strong></span> <span class='ocrx_word' id='word_1_284' title='bbox 659 3557 826 3640; x_wconf 79' lang='lat' dir='ltr'><strong>putaverint</strong></span> <span class='ocrx_word' id='word_1_285' title='bbox 847 3565 877 3618; x_wconf 88' lang='lat' dir='ltr'><strong>et</strong></span> <span class='ocrx_word' id='word_1_286' title='bbox 890 3565 1049 3637; x_wconf 87' lang='lat' dir='ltr'><strong>propterea</strong></span> <span class='ocrx_word' id='word_1_287' title='bbox 1070 3557 1229 3622; x_wconf 87' lang='lat' dir='ltr'><strong>maluerint</strong></span> <span class='ocrx_word' id='word_1_288' title='bbox 1248 3561 1343 3638; x_wconf 86' lang='lat' dir='ltr'><strong>nangis</strong></span> 
     </span>
     <span class='ocr_line' id='line_1_33' title="bbox 113 3657 1341 3744; baseline -0.005 -14"><span class='ocrx_word' id='word_1_289' title='bbox 113 3666 266 3730; x_wconf 84' lang='lat' dir='ltr'><strong>dialectice</strong></span> <span class='ocrx_word' id='word_1_290' title='bbox 287 3673 318 3726; x_wconf 85' lang='lat' dir='ltr'><strong>et</strong></span> <span class='ocrx_word' id='word_1_291' title='bbox 339 3663 488 3726; x_wconf 89' lang='lat' dir='ltr'><strong>rhetorice</strong></span> <span class='ocrx_word' id='word_1_292' title='bbox 515 3661 669 3744; x_wconf 83' lang='lat' dir='ltr'><strong>disputare</strong></span> <span class='ocrx_word' id='word_1_293' title='bbox 697 3679 732 3722; x_wconf 86' lang='lat' dir='ltr'><strong>ex</strong></span> <span class='ocrx_word' id='word_1_294' title='bbox 761 3679 817 3722; x_wconf 90' lang='lat' dir='ltr'><strong>suo</strong></span> <span class='ocrx_word' id='word_1_295' title='bbox 844 3658 981 3738; x_wconf 91' lang='lat' dir='ltr'><strong>iugenio,</strong></span> <span class='ocrx_word' id='word_1_296' title='bbox 1009 3676 1095 3738; x_wconf 88' lang='lat' dir='ltr'><strong>quam</strong></span> <span class='ocrx_word' id='word_1_297' title='bbox 1118 3677 1194 3738; x_wconf 89' lang='lat' dir='ltr'><strong>quae</strong></span> <span class='ocrx_word' id='word_1_298' title='bbox 1217 3657 1252 3720; x_wconf 89' lang='lat' dir='ltr'><strong>ab</strong></span> <span class='ocrx_word' id='word_1_299' title='bbox 1276 3660 1341 3728; x_wconf 86' lang='lat' dir='ltr'><strong>eliis</strong></span> 
     </span>
     <span class='ocr_line' id='line_1_34' title="bbox 113 3744 1341 3848; baseline -0.006 -16"><span class='ocrx_word' id='word_1_300' title='bbox 113 3769 194 3832; x_wconf 87' lang='lat' dir='ltr'><strong>satis</strong></span> <span class='ocrx_word' id='word_1_301' title='bbox 214 3767 365 3848; x_wconf 70' lang='lat' dir='ltr'><strong>eaplanna</strong></span> <span class='ocrx_word' id='word_1_302' title='bbox 387 3772 489 3828; x_wconf 77' lang='lat' dir='ltr'><strong>essem</strong></span> <span class='ocrx_word' id='word_1_303' title='bbox 510 3771 662 3843; x_wconf 88' lang='lat' dir='ltr'><strong>repetere,</strong></span> <span class='ocrx_word' id='word_1_304' title='bbox 691 3762 866 3842; x_wconf 84' lang='lat' dir='ltr'><strong>praesertin</strong></span> <span class='ocrx_word' id='word_1_305' title='bbox 894 3744 985 3839; x_wconf 86' lang='lat' dir='ltr'><strong>quum</strong></span> <span class='ocrx_word' id='word_1_306' title='bbox 1015 3759 1197 3840; x_wconf 84' lang='lat' dir='ltr'><strong>sophisticae</strong></span> <span class='ocrx_word' id='word_1_307' title='bbox 1218 3769 1248 3822; x_wconf 91' lang='lat' dir='ltr'><strong>et</strong></span> <span class='ocrx_word' id='word_1_308' title='bbox 1269 3762 1341 3825; x_wconf 90' lang='lat' dir='ltr'><strong>rhe-</strong></span> 
     </span>
     <span class='ocr_line' id='line_1_35' title="bbox 112 3861 1340 3944; baseline -0.008 -10"><span class='ocrx_word' id='word_1_309' title='bbox 112 3869 226 3934; x_wconf 86' lang='lat' dir='ltr'><strong>toricae</strong></span> <span class='ocrx_word' id='word_1_310' title='bbox 248 3866 388 3932; x_wconf 82' lang='lat' dir='ltr'><strong>Eunomii</strong></span> <span class='ocrx_word' id='word_1_311' title='bbox 419 3873 500 3928; x_wconf 87' lang='lat' dir='ltr'><strong>artos</strong></span> <span class='ocrx_word' id='word_1_312' title='bbox 531 3863 762 3944; x_wconf 84' lang='lat' dir='ltr'><strong>disputationem</strong></span> <span class='ocrx_word' id='word_1_313' title='bbox 796 3862 944 3924; x_wconf 82' lang='lat' dir='ltr'><strong>eiusmodi</strong></span> <span class='ocrx_word' id='word_1_314' title='bbox 977 3862 1130 3941; x_wconf 85' lang='lat' dir='ltr'><strong>requirere</strong></span> <span class='ocrx_word' id='word_1_315' title='bbox 1160 3861 1340 3924; x_wconf 68' lang='lat' dir='ltr'><strong>rideantur.</strong></span> 
     </span>
     <span class='ocr_line' id='line_1_36' title="bbox 110 3962 1343 4049; baseline -0.003 -15"><span class='ocrx_word' id='word_1_316' title='bbox 110 3973 202 4034; x_wconf 82' lang='lat' dir='ltr'><strong>Coei.</strong></span> <span class='ocrx_word' id='word_1_317' title='bbox 223 3971 243 4033; x_wconf 92' lang='lat' dir='ltr'><strong>l.</strong></span> <span class='ocrx_word' id='word_1_318' title='bbox 266 3970 287 4032; x_wconf 84' lang='lat' dir='ltr'><strong>l.</strong></span> <span class='ocrx_word' id='word_1_319' title='bbox 309 3987 373 4049; x_wconf 86' lang='lat' dir='ltr'><strong>cap.</strong></span> <span class='ocrx_word' id='word_1_320' title='bbox 397 3969 459 4030; x_wconf 86' lang='lat' dir='ltr'><strong>vll.</strong></span> <span class='ocrx_word' id='word_1_321' title='bbox 481 3975 511 4029; x_wconf 89' lang='lat' dir='ltr'><strong>st</strong></span> <span class='ocrx_word' id='word_1_322' title='bbox 532 3964 606 4028; x_wconf 88' lang='lat' dir='ltr'><strong>Vlll.</strong></span> <span class='ocrx_word' id='word_1_323' title='bbox 629 3983 659 4046; x_wconf 91' lang='lat' dir='ltr'><strong>p.</strong></span> <span class='ocrx_word' id='word_1_324' title='bbox 685 3967 756 4028; x_wconf 80' lang='lat'>104.</span> <span class='ocrx_word' id='word_1_325' title='bbox 782 3966 853 4028; x_wconf 86' lang='grc'><strong>114.</strong></span> <span class='ocrx_word' id='word_1_326' title='bbox 875 3979 920 4040; x_wconf 86' lang='lat' dir='ltr'><strong>sq.</strong></span> <span class='ocrx_word' id='word_1_327' title='bbox 946 3963 1017 4026; x_wconf 83' lang='lat' dir='ltr'><strong>llil.</strong></span> <span class='ocrx_word' id='word_1_328' title='bbox 1058 3962 1221 4036; x_wconf 70' lang='lat' dir='ltr'><strong>¹(lucunculo</strong></span> <span class='ocrx_word' id='word_1_329' title='bbox 1243 3971 1343 4030; x_wconf 79' lang='lat' dir='ltr'><strong>autem</strong></span> 
     </span>
     <span class='ocr_line' id='line_1_37' title="bbox 108 4061 1342 4146; baseline -0.006 -10"><span class='ocrx_word' id='word_1_330' title='bbox 108 4076 223 4136; x_wconf 84' lang='lat' dir='ltr'><strong>lactum</strong></span> <span class='ocrx_word' id='word_1_331' title='bbox 247 4073 301 4146; x_wconf 76' lang='lat' dir='ltr'><strong>s&#39;u,</strong></span> <span class='ocrx_word' id='word_1_332' title='bbox 330 4081 364 4132; x_wconf 94' lang='lat' dir='ltr'><strong>ut</strong></span> <span class='ocrx_word' id='word_1_333' title='bbox 384 4069 564 4132; x_wconf 74' lang='lat' dir='ltr'><strong>ithacesius</strong></span> <span class='ocrx_word' id='word_1_334' title='bbox 593 4067 625 4133; x_wconf 91' lang='lat' dir='ltr'><strong>iu</strong></span> <span class='ocrx_word' id='word_1_335' title='bbox 652 4065 771 4145; x_wconf 87' lang='lat' dir='ltr'><strong>scriptis</strong></span> <span class='ocrx_word' id='word_1_336' title='bbox 798 4061 953 4146; x_wconf 88' lang='lat' dir='ltr'><strong>polemicis</strong></span> <span class='ocrx_word' id='word_1_337' title='bbox 981 4071 1026 4126; x_wconf 93' lang='lat' dir='ltr'><strong>tot</strong></span> <span class='ocrx_word' id='word_1_338' title='bbox 1052 4064 1208 4142; x_wconf 88' lang='lat' dir='ltr'><strong>utriusque</strong></span> <span class='ocrx_word' id='word_1_339' title='bbox 1230 4065 1342 4129; x_wconf 87' lang='lat' dir='ltr'><strong>codicis</strong></span> 
     </span>
    </p>
   </div>
   <div class='ocr_carea' id='block_1_3' title="bbox 108 4333 1343 4662">
    <p class='ocr_par' dir='ltr' id='par_1_4' title="bbox 108 4333 1343 4662">
     <span class='ocr_line' id='line_1_38' title="bbox 183 4333 1343 4405; baseline -0.007 -11"><span class='ocrx_word' id='word_1_340' title='bbox 183 4341 208 4405; x_wconf 75' lang='grc'><strong>*)</strong></span> <span class='ocrx_word' id='word_1_341' title='bbox 226 4339 307 4394; x_wconf 85' lang='lat' dir='ltr'><strong>Verba</strong></span> <span class='ocrx_word' id='word_1_342' title='bbox 324 4341 393 4394; x_wconf 88' lang='lat' dir='ltr'><strong>llich.</strong></span> <span class='ocrx_word' id='word_1_343' title='bbox 413 4340 518 4392; x_wconf 81' lang='lat' dir='ltr'><strong>Simonis</strong></span> <span class='ocrx_word' id='word_1_344' title='bbox 536 4347 608 4390; x_wconf 88' lang='lat' dir='ltr'><strong>eunt:</strong></span> <span class='ocrx_word' id='word_1_345' title='bbox 630 4341 664 4389; x_wconf 85' lang='lat' dir='ltr'><strong>Oc</strong></span> <span class='ocrx_word' id='word_1_346' title='bbox 680 4345 742 4403; x_wconf 82' lang='lat' dir='ltr'><strong>peel,</strong></span> <span class='ocrx_word' id='word_1_347' title='bbox 762 4333 848 4401; x_wconf 85' lang='lat' dir='ltr'><strong>iuquit,</strong></span> <span class='ocrx_word' id='word_1_348' title='bbox 867 4339 931 4397; x_wconf 80' lang='lat' dir='ltr'><strong>dire,</strong></span> <span class='ocrx_word' id='word_1_349' title='bbox 952 4335 1009 4402; x_wconf 82' lang='lat' dir='ltr'><strong>qu&#39;il</strong></span> <span class='ocrx_word' id='word_1_350' title='bbox 1028 4351 1042 4384; x_wconf 88' lang='lat' dir='ltr'><strong>o</strong></span> <span class='ocrx_word' id='word_1_351' title='bbox 1059 4335 1119 4384; x_wconf 79' lang='lat' dir='ltr'><strong>sarai</strong></span> <span class='ocrx_word' id='word_1_352' title='bbox 1138 4350 1221 4386; x_wconf 81' lang='lat' dir='ltr'><strong>romare</strong></span> <span class='ocrx_word' id='word_1_353' title='bbox 1239 4335 1269 4386; x_wconf 80' lang='lat' dir='ltr'><strong>aa</strong></span> <span class='ocrx_word' id='word_1_354' title='bbox 1286 4337 1343 4399; x_wconf 74' lang='lat' dir='ltr'><strong>[ciro</strong></span> 
     </span>
     <span class='ocr_line' id='line_1_39' title="bbox 108 4419 1342 4494; baseline -0.011 -12"><span class='ocrx_word' id='word_1_355' title='bbox 108 4449 160 4482; x_wconf 74' lang='lat' dir='ltr'><strong>aas</strong></span> <span class='ocrx_word' id='word_1_356' title='bbox 178 4437 256 4480; x_wconf 71' lang='lat' dir='ltr'><strong>astrea</strong></span> <span class='ocrx_word' id='word_1_357' title='bbox 274 4430 348 4489; x_wconf 81' lang='lat' dir='ltr'><strong>Perre,</strong></span> <span class='ocrx_word' id='word_1_358' title='bbox 369 4429 409 4494; x_wconf 87' lang='lat' dir='ltr'><strong>qci</strong></span> <span class='ocrx_word' id='word_1_359' title='bbox 428 4433 467 4477; x_wconf 85' lang='lat' dir='ltr'><strong>cot</strong></span> <span class='ocrx_word' id='word_1_360' title='bbox 485 4427 541 4477; x_wconf 78' lang='lat' dir='ltr'><strong>ecrit</strong></span> <span class='ocrx_word' id='word_1_361' title='bbox 559 4427 625 4492; x_wconf 73' lang='lat' dir='ltr'><strong>apris</strong></span> <span class='ocrx_word' id='word_1_362' title='bbox 644 4423 683 4486; x_wconf 83' lang='lat' dir='ltr'><strong>lup</strong></span> <span class='ocrx_word' id='word_1_363' title='bbox 700 4429 779 4473; x_wconf 84' lang='lat' dir='ltr'><strong>contre</strong></span> <span class='ocrx_word' id='word_1_364' title='bbox 797 4424 830 4472; x_wconf 81' lang='lat' dir='ltr'><strong>lea</strong></span> <span class='ocrx_word' id='word_1_365' title='bbox 849 4423 937 4471; x_wconf 68' lang='lat' dir='ltr'><strong>triens.</strong></span> <span class='ocrx_word' id='word_1_366' title='bbox 973 4419 1005 4470; x_wconf 83' lang='lat' dir='ltr'><strong>lle</strong></span> <span class='ocrx_word' id='word_1_367' title='bbox 1023 4419 1044 4469; x_wconf 86' lang='lat' dir='ltr'><strong>le</strong></span> <span class='ocrx_word' id='word_1_368' title='bbox 1062 4421 1151 4470; x_wconf 82' lang='lat' dir='ltr'><strong>scierat</strong></span> <span class='ocrx_word' id='word_1_369' title='bbox 1162 4421 1342 4469; x_wconf 79' lang='lat' dir='ltr'><strong>ordinairement</strong></span> 
     </span>
     <span class='ocr_line' id='line_1_40' title="bbox 109 4501 1342 4580; baseline -0.014 -12"><span class='ocrx_word' id='word_1_370' title='bbox 109 4519 172 4568; x_wconf 72' lang='lat' dir='ltr'><strong>dese</strong></span> <span class='ocrx_word' id='word_1_371' title='bbox 190 4530 227 4566; x_wconf 82' lang='lat' dir='ltr'><strong>aee</strong></span> <span class='ocrx_word' id='word_1_372' title='bbox 252 4515 406 4580; x_wconf 73' lang='lat' dir='ltr'><strong>replicatione</strong></span> <span class='ocrx_word' id='word_1_373' title='bbox 430 4511 486 4562; x_wconf 78' lang='lat' dir='ltr'><strong>a’oo</strong></span> <span class='ocrx_word' id='word_1_374' title='bbox 509 4511 596 4574; x_wconf 68' lang='lat' dir='ltr'><strong>parde</strong></span> <span class='ocrx_word' id='word_1_375' title='bbox 612 4509 706 4559; x_wconf 81' lang='lat' dir='ltr'><strong>nombre</strong></span> <span class='ocrx_word' id='word_1_376' title='bbox 730 4509 759 4558; x_wconf 79' lang='lat' dir='ltr'><strong>de</strong></span> <span class='ocrx_word' id='word_1_377' title='bbox 780 4521 892 4572; x_wconf 80' lang='lat' dir='ltr'><strong>pceeapee</strong></span> <span class='ocrx_word' id='word_1_378' title='bbox 910 4507 941 4554; x_wconf 76' lang='lat' dir='ltr'><strong>ou</strong></span> <span class='ocrx_word' id='word_1_379' title='bbox 960 4505 1068 4555; x_wconf 79' lang='lat' dir='ltr'><strong>Nauaron</strong></span> <span class='ocrx_word' id='word_1_380' title='bbox 1088 4505 1227 4562; x_wconf 73' lang='lat' dir='ltr'><strong>reclament,</strong></span> <span class='ocrx_word' id='word_1_381' title='bbox 1253 4501 1342 4566; x_wconf 83' lang='lat' dir='ltr'><strong>qa&#39;ilo</strong></span> 
     </span>
     <span class='ocr_line' id='line_1_41' title="bbox 109 4588 1092 4662; baseline -0.013 -9"><span class='ocrx_word' id='word_1_382' title='bbox 109 4599 246 4662; x_wconf 60' lang='lat' dir='ltr'><strong>mutu</strong></span> <span class='ocrx_word' id='word_1_383' title='bbox 263 4599 412 4662; x_wconf 61' lang='lat' dir='ltr'><strong>mingebant</strong></span> <span class='ocrx_word' id='word_1_384' title='bbox 429 4611 456 4648; x_wconf 83' lang='lat' dir='ltr'><strong>eo</strong></span> <span class='ocrx_word' id='word_1_385' title='bbox 473 4595 545 4646; x_wconf 76' lang='lat' dir='ltr'><strong>ntor</strong></span> <span class='ocrx_word' id='word_1_386' title='bbox 562 4601 618 4645; x_wconf 82' lang='lat' dir='ltr'><strong>teau</strong></span> <span class='ocrx_word' id='word_1_387' title='bbox 636 4607 685 4644; x_wconf 77' lang='lat' dir='ltr'><strong>aaa</strong></span> <span class='ocrx_word' id='word_1_388' title='bbox 702 4593 830 4644; x_wconf 62' lang='lat' dir='ltr'><strong>meina</strong></span> <span class='ocrx_word' id='word_1_389' title='bbox 847 4591 876 4642; x_wconf 80' lang='lat' dir='ltr'><strong>de</strong></span> <span class='ocrx_word' id='word_1_390' title='bbox 894 4603 930 4640; x_wconf 84' lang='lat' dir='ltr'><strong>cea</strong></span> <span class='ocrx_word' id='word_1_391' title='bbox 949 4588 1092 4653; x_wconf 81' lang='lat' dir='ltr'><strong>lleretipeac.</strong></span> 
     </span>
    </p>
   </div>
   <div class='ocr_carea' id='block_1_4' title="bbox 0 0 1560 5064">
    <p class='ocr_par' dir='ltr' id='par_1_5' title="bbox 0 0 1560 5064">
     <span class='ocr_line' id='line_1_42' title="bbox 0 0 1560 5064; baseline 0 1"><span class='ocrx_word' id='word_1_392' title='bbox 0 0 1560 5064; x_wconf 95' lang='lat' dir='ltr'><strong> </strong></span> 
     </span>
    </p>
   </div>
  </div>
 </body>
</html>
