3022 5056
453 345 562 390 omno
578 345 599 390 r.
615 343 731 390 aonam
744 345 879 392 nnana.
917 335 923 342 '
1214 333 1274 400 231

88 499 137 561 atri
151 495 405 578 mqaifiaabr'arur.
449 493 525 560 bum
553 512 625 574 erqo
651 493 840 560 Patriarcbae
866 495 1038 560 adorabant.
1087 498 1130 562 ue
1159 499 1362 581 ingelranno

85 615 180 677 qunque
199 597 336 678 seriptum
359 603 421 660 est:
443 594 482 659 lit
503 597 723 696 adornatarum
744 613 846 660 omnes
868 597 976 678 laprio·
994 599 1061 662 Det.

147 1003 193 1064 41.
233 1000 321 1076 Quod
343 1001 436 1080 si„ut
458 1000 546 1064 stiam
568 1000 648 1064 canit
667 999 759 1064 David
782 1002 1003 1082 septuagesimo
1028 1003 1126 1083 primo
1148 1004 1280 1080 Psalmo,

82 1102 422 1184 mortuummare
442 1121 550 1166 noman
572 1107 653 1174 stoa,
676 1113 705 1165 et
726 1112 797 1164 onte
819 1103 924 1176 lunum
945 1108 979 1167 in
998 1109 1206 1186 promotiones
1228 1125 1280 1186 pe-

80 1207 252 1276 rorationem,
276 1203 427 1283 quomodo
449 1204 562 1284 accepit
583 1202 662 1284 quod
685 1221 806 1284 semper
826 1202 938 1278 hahuit,
961 1223 996 1267 ac
1009 1205 1181 1286 priusquam
1202 1223 1282 1270 nuno

81 1301 242 1384 illudlpsum
265 1304 436 1386 acciperet?
479 1305 531 1368 Vel
553 1305 705 1386 quomodo
727 1305 872 1368 exaltatur
892 1304 929 1378 is.
952 1305 1003 1385 qui
1020 1317 1176 1386 antequam
1198 1305 1279 1368 eral-

80 1413 168 1468 meur
185 1417 244 1470 erat
267 1404 455 1470 altissimus?
497 1407 555 1469 Aut
576 1407 727 1486 quomodo
750 1407 851 1468 datum
873 1416 921 1470 est
942 1406 994 1482 itti,
1017 1416 1050 1470 ut
1070 1407 1107 1468 ab
1122 1407 1188 1470 aliis
1203 1406 1278 1468 ado·

80 1513 185 1580 raramr,
204 1508 252 1588 qui
277 1508 365 1572 etiam
386 1517 543 1588 antequam
565 1508 646 1598 hune
666 1507 813 1570 bonorem
835 1493 915 1572 nunc
936 1517 1180 1588 oonsequsretur‚
1202 1507 1279 1570 adu-

77 1613 141 1668 ratur
163 1627 277 1690 semper
306 1608 377 1672 esti
425 1609 491 1672 lVon
522 1616 570 1672 est
597 1609 747 1688 aenigma,
779 1608 833 1670 sed
861 1607 1035 1689 mysterium
1063 1609 1212 1672 divinum:
1242 1608 1280 1672 la

73 1711 199 1790 principio
219 1719 290 1774 arnt
316 1709 457 1782 Verbum,
487 1721 515 1772 rt
540 1709 666 1774 Verbum
693 1720 760 1772 erut
787 1710 870 1790 opud
898 1709 1008 1782 Datin,
1043 1720 1072 1772 rt
1098 1710 1182 1776 Dorta
1213 1719 1282 1774 aaut

77 1806 193 1885 Verbum
214 1810 296 1892 qnod
318 1812 397 1874 idem
412 1810 544 1874 Verbum
556 1819 660 1892 postea
682 1810 779 1874 nostri
801 1827 889 1874 causa
912 1829 982 1873 earn
1004 1812 1113 1873 laetum
1128 1818 1184 1872 est.
1217 1811 1278 1872 lta-

74 1925 118 1987 que
135 1911 184 1974 ista
203 1912 295 1976 dictio
318 1913 467 1979 assultavit
489 1929 549 1974 non
573 1912 728 1992 significat,
751 1919 887 1974 naturam
898 1912 987 1974 Verbi
1005 1912 1159 1976 exaltatam
1174 1911 1279 1985 luisse,

72 2026 126 2072 narn
144 2032 256 2095 semper
280 2022 310 2076 et
330 2015 386 2078 suit
407 2023 437 2076 et
458 2020 505 2076 est
527 2013 658 2094 aequalis
680 2013 760 2088 hen;
789 2013 843 2076 sed
869 2014 1018 2076 humanae
1044 2021 1169 2076 naturae
1197 2012 1278 2076 eral-

74 2111 191 2176 tatiouem
212 2115 333 2178 indicat.
376 2115 470 2196 Igitur
491 2117 549 2178 ista
570 2135 630 2178 nnn
653 2115 821 2178 antedicta
847 2122 933 2188 sunt,
962 2133 1049 2194 mam
1076 2115 1127 2176 ubi
1149 2114 1278 2176 Verbum

71 2229 125 2272 uro
144 2215 244 2280 lacum
269 2224 332 2292 est,
359 2216 544 2280 utevidens
566 2226 664 2292 esset,
693 2216 748 2277 bas
776 2231 863 2278 voees
887 2216 1059 2280 humiliavit
1080 2225 1110 2278 et
1132 2215 1280 2278 multavit

70 2309 173 2378 desola
191 2317 318 2398 intelligi
340 2317 532 2380 humanitate.
576 2317 709 2397 Namque
731 2316 761 2378 id
777 2316 885 2388 solum,
908 2318 990 2396 quad
1010 2315 1122 2378 humile
1143 2325 1200 2389 est,
1224 2335 1278 2378 ex·

69 2411 119 2474 tutti
136 2426 238 2496 potest.
288 2417 475 2500 Quapropter
496 2418 523 2480 si
546 2417 584 2478 oh
607 2417 790 2498 assumptam
812 2435 930 2480 earnem
954 2417 1098 2498 seriptum
1120 2415 1166 2480 e'st
1181 2417 1280 2480 lurni-

69 2510 147 2590 lt'tmt,
168 2520 279 2584 alanum
301 2529 473 2584 astronom
496 2520 644 2584 exaltavit
665 2520 702 2582 de
725 2518 828 2582 eadem
850 2537 918 2582 esse
943 2519 1172 2599 intelligendam.
1216 2519 1281 2580 Hoc

68 2615 131 2677 emm
151 2620 262 2684 honore
286 2621 437 2700 indigebat
467 2621 558 2684 homo
580 2639 669 2682 earne
690 2629 721 2682 et
743 2627 838 2682 morte
859 2620 990 2682 humilis.
1037 2619 1186 2694 Quoniam
1208 2635 1279 2697 ergo

65 2713 112 2790 ¹¹⁰0,
131 2721 177 2798 qui
196 2721 297 2786 Patris
321 2723 418 2802 imago
440 2734 471 2783 et
491 2721 659 2784 immortale
682 2721 810 2783 Verbum
833 2729 913 2792 erat,
936 2720 1014 2782 servi
1034 2722 1162 2786 lnrmarn
1186 2717 1282 2780 induit

65 2834 93 2876 ao
109 2829 227 2886 mortem
248 2823 284 2886 in
305 2841 361 2886 aua
382 2841 470 2886 carna
498 2831 531 2885 ut
557 2823 649 2884 humo
678 2830 804 2902 propter
826 2839 882 2883 nos
906 2820 1058 2894 tolerarit,
1087 2825 1120 2880 ut
1147 2818 1280 2897 seipsum

64 2915 111 2980 hut
128 2931 210 3001 paeto
232 2943 291 3004 pro
314 2924 402 2986 nohis
417 2925 497 2986 Patri
515 2941 570 3004 per
591 2932 719 2986 mortem
742 2923 881 2994 offerretq
903 2921 973 2984 hinc
994 2938 1112 3001 quoque
1134 2927 1167 2982 ut
1188 2920 1279 2982 homo

64 3030 170 3100 propter
190 3044 248 3088 nos
273 3034 305 3088 et
325 3043 380 3105 pro
401 3025 491 3088 nobis
513 3024 621 3087 dieitur
635 3023 766 3096 exaltari,
790 3030 822 3085 ut
837 3021 1086 3102 quemadmodum
1102 3021 1167 3084 eius
1184 3029 1280 3084 morta
1303 3006 1306 3015 ’
1388 3057 1390 3067 ·

63 3137 153 3185 onnes
173 3126 203 3188 in
227 3127 350 3190 Christo
373 3127 483 3190 mortui
506 3145 629 3198 sumus,
660 3126 700 3188 ita
721 3125 753 3186 in
775 3125 841 3203 ipsu
864 3124 982 3188 Christo
1003 3141 1109 3188 rursus
1133 3124 1279 3186 exaltare-

64 3239 127 3296 mur,
147 3245 211 3290 oum
233 3228 378 3292 nimirum
400 3247 416 3289 a
438 3227 565 3290 mortuis
588 3226 705 3289 excitati
723 3226 754 3288 in
770 3225 868 3288 caelos
884 3226 1090 3300 ascendemus,
1114 3244 1172 3308 quo
1185 3243 1280 3306 prae-

64 3339 159 3390 terear
175 3347 238 3410 pro
262 3331 351 3394 nobis
373 3333 514 3393 introlvit
536 3330 640 3402 leaua,·
670 3347 734 3392 uun
761 3331 838 3390 anim
860 3332 893 3390 ira
915 3327 1105 3409 ennnplurr'u
1126 3345 1280 3396 utrorum.

63 3425 106 3486 ted
124 3432 154 3490 ot
178 3434 283 3512 r'paum
312 3431 440 3503 melum,
468 3441 505 3494 ut
531 3441 679 3514 appareat
706 3449 788 3494 nune
815 3429 919 3492 uultui
936 3429 996 3492 Dei
1017 3415 1078 3510 pro
1107 3430 1203 3492 randis.
1248 3427 1281 3490 Si

61 3541 138 3600 porro
157 3549 238 3595 nune
260 3549 318 3612 pro
341 3531 429 3594 nohis
451 3532 482 3594 in
504 3531 602 3612 ipsum
626 3532 738 3594 eaelum
759 3529 916 3612 ingressus
939 3538 985 3592 est
1005 3529 1152 3602 Christus,
1175 3547 1281 3608 quarn·

63 3625 207 3694 alsatiam
236 3641 325 3696 antea
352 3645 384 3696 et
410 3651 529 3713 semper
551 3633 697 3696 hominus
725 3639 756 3694 et
777 3631 875 3712 opifex
898 3638 978 3695 esset
999 3630 1166 3703 caelorum
1193 3628 1283 3706 igitur
1317 3621 1325 3628 ’

61 3741 268 3813 undequaque
292 3753 360 3796 autn
381 3752 437 3815 pro
459 3734 549 3798 nohis
572 3735 695 3798 exaltari
720 3734 865 3813 seriptum
888 3738 944 3820 est.
988 3731 1115 3812 insuper
1136 3727 1280 3809 quemad·

57 3873 642 4022 dllttttotltlr’zttVttt‘alt:
692 3880 1284 4004 altalff‘lli'tt'lltliblillstld'i's‘ss

57 4009 139 4070 Vtrae.
173 4017 284 4074 Editi.et
301 4021 341 4070 alii
366 4013 467 4100 drrpir⁸
481 4013 640 4083 ὑψωθῆναι.
692 4013 849 4086 ἄνθρωπος.

84 4083 105 4132 d.
122 4085 269 4148 Sequerian.
293 4079 323 4138 tr
348 4079 419 4155 ἄρχῃ·
435 4103 495 4168 ynp¹
509 4073 550 4148 ἦν.
589 4090 640 4140 lior
680 4119 687 4134 ·
726 4121 748 4167 g,
766 4105 907 4166 sequerian.
930 4097 1037 4166 uram
1063 4091 1282 4162 desponsarent.
1348 4149 1353 4154 ,

56 4147 118 4224 qdem
136 4154 240 4236 Gohlgr.
260 4163 283 4204 et
298 4154 402 4206 aeream.
416 4157 436 4206 l.
456 4150 485 4205 δι
522 4147 594 4237 ἡμᾶς
611 4151 641 4205 δὲ
692 4171 754 4223 pdjq
773 4180 797 4222 οι
814 4171 853 4221 ,qq
871 4165 979 4234 λέγεται
999 4161 1046 4215 καὶ
1063 4159 1283 4233 ὕπερυψοῦοθαι,

56 4227 160 4290 SmV‘W
178 4213 401 4288 ⁰¹¹¹⁰53257⁰ss
434 4223 491 4287 3⁰8·
510 4219 538 4272 δ’
570 4217 642 4290 ἡμᾶς
726 4255 749 4304 ta.
769 4255 795 4305 ln
821 4254 892 4304 ussit
916 4251 1022 4302 deletum
1046 4257 1083 4300 eat
1107 4241 1283 4317 ἀπεθάνομεν

54 4273 393 4424 insalutatos:
483 4299 507 4342 ·²
600 4283 639 4341 δι’
800 4337 829 4372 a
957 4310 1187 4384 esemona·

60 4475 66 4496 ⁸
84 4435 103 4470 a.
120 4423 223 4498 §agnen
245 4425 342 4476 Gohler.
366 4433 390 4477 at
408 4426 544 4478 Felclman.
557 4425 579 4478 1.
595 4419 643 4475 καὶ
704 4481 707 4489 Α
726 4423 742 4473 i.
766 4423 865 4500 Sequar.
878 4413 932 4489 arpi
951 4411 1051 4470 τούτου
1066 4411 1159 4500 aqu‘roc
1174 4411 1219 4467 aul
1236 4411 1283 4498 dru-

56 4495 238 4571 oftfquqlgnrqea.
266 4491 325 4570 ibid.
343 4494 443 4548 subter.
462 4504 486 4546 et
502 4495 608 4548 Valalm.
618 4493 640 4546 1.
690 4505 757 4556 prou
796 4504 832 4544 ος.
875 4491 927 4540 tter
959 4490 1024 4540 idam
1052 4500 1085 4536 ra
1112 4491 1230 4552 uutpuqu

57 4565 92 4602 tat
106 4571 154 4608 aaa
173 4559 339 4628 ardennae.
692 4571 764 4626 onyy
776 4570 907 4628 γραπται.
