3110 5064
666 353 839 398 rnsersrro.
1331 341 1367 402 ll

139 503 419 568 nausearum-em
441 502 610 566 toe'ooraas
631 502 751 575 salecto,
772 520 829 581 qua
843 501 1022 580 auspicanda
1037 502 1236 575 Gersdortius,
1259 503 1369 568 biblio·

139 606 243 666 tbecse
266 603 347 666 acad.
369 602 453 682 Lips.
476 606 655 690 praelectus,
678 603 844 682 theologiae
865 603 1035 682 petristicaa
1058 604 1212 666 studiosos
1235 603 1291 668 sibi
1315 607 1369 670 de-

138 706 248 778 vinxit,
278 723 339 766 nou
361 704 398 766 iis
419 705 555 768 terminis
578 703 798 783 circumscripta
821 713 881 774 est,
911 713 944 769 ut
964 703 1150 768 bibliothecis
1173 715 1290 785 patrum
1312 708 1369 769 do·

138 805 276 886 gmnticis
298 825 333 867 ac
352 804 508 885 polemicis
530 806 720 868 annumerari
741 803 849 885 pessit.

226 905 412 968 Peculiarem
433 925 504 969 rere
523 907 601 970 inter
623 907 742 970 easdem
764 907 861 968 lecum
885 905 943 970 sibi
959 906 1095 980 vindicat,
1119 926 1194 987 quae
1209 909 1245 970 ab
1259 909 1368 972 Christ.

139 1007 255 1070 Frider.
271 1007 418 1070 lineslere
433 1007 512 1072 edita
535 1015 565 1070 et
586 1009 644 1070 bne
664 1015 836 1088 praenotata
855 1015 901 1070 est
919 1007 1021 1070 titulo:
1042 1009 1210 1072 Bc'blietltclc
1225 1012 1279 1072 der
1294 1010 1370 1072 Kir-

142 1107 331 1172 ebea-Vuter
359 1113 393 1172 iat
417 1108 642 1190 Ueteraetsunp
670 1111 734 1172 und
756 1113 919 1188 incepta
948 1127 1004 1172 nas
1036 1109 1125 1172 ibren
1155 1111 1371 1192 [tractantes

141 1211 307 1274 monera
336 1211 556 1291 dogmatistem
582 1209 740 1289 Schriften
766 1223 875 1272 acmmt
903 1211 967 1272 dem
999 1210 1140 1290 ereptant
1167 1212 1221 1272 der
1248 1211 1370 1292 Hccpt-

139 1311 252 1374 scottos
280 1312 347 1373 und
374 1313 515 1392 actiaca
542 1311 784 1391 inmeriuapen.
812 1311 933 1390 Lipsiae
965 1329 991 1372 a.
1031 1312 1207 1376 stre-86.
1236 1312 1272 1374 ll.
1295 1312 1369 1374 Voll.

142 1411 260 1474 Etenim
291 1411 392 1474 dillert
423 1431 457 1475 ee
491 1412 527 1476 ab
557 1411 695 1490 reliquis,
728 1431 802 1491 quas
831 1411 992 1490 descripsi,
1027 1412 1166 1474 omuibus
1203 1431 1256 1486 eo,
1288 1413 1371 1492 quod

140 1513 253 1594 scripta
276 1521 392 1593 patrum
414 1531 589 1592 graecorum
617 1521 647 1574 et
674 1514 834 1576 latinorum
862 1531 923 1574 nou
950 1513 1064 1592 integra
1090 1511 1211 1575 exbibet
1243 1522 1370 1592 utroque

142 1631 296 1688 armans,
317 1614 371 1678 sed
392 1615 590 1694 particulatim
613 1623 642 1676 et
663 1613 785 1692 carptim
808 1614 838 1676 in
860 1615 1057 1693 germanicam
1074 1605 1368 1694 eanslaultogoam.

142 1714 283 1778 Ceterum
314 1733 373 1794 quo
403 1715 527 1778 consilio
558 1716 624 1778 talis
653 1715 829 1778 bibliotheca
862 1715 898 1777 ab
936 1715 1081 1777 lloeslero
1118 1717 1283 1794 composita
1320 1717 1369 1790 sit,

142 1814 209 1895 ipoe
230 1816 261 1877 in
284 1816 465 1896 praelatione
487 1815 586 1895 prime
606 1817 750 1880 volumini
769 1815 931 1896 praemissa
950 1816 1076 1878 lectores
1099 1815 1228 1879 edocuit.
1271 1819 1367 1880 Prnd-

145 1923 226 1978 tetur
246 1915 287 1976 ibi
309 1933 343 1980 se
365 1916 511 1996 theologis
535 1917 757 1990 eruditioribus,
780 1935 906 1997 quorum
928 1917 1087 1996 plurimum
1109 1917 1228 1980 intersit
1257 1935 1368 1982 monu-

146 2026 245 2080 ments
266 2017 377 2080 veteris
400 2018 542 2082 sedeciam
565 2028 719 2092 excutere,
754 2035 846 2098 opera
877 2035 931 2080 sue
959 2017 1106 2098 prodesse
1132 2020 1221 2082 velle:
1257 2020 1370 2100 quippe

143 2116 322 2197 internum
344 2119 708 2182 uoremtmultes'variis
735 2119 957 2182 difficultatibus
988 2119 1144 2199 impediri,
1177 2139 1235 2200 quo
1270 2121 1369 2184 miuus

142 2218 279 2282 debitum
299 2218 348 2282 bis
370 2221 568 2307 monumentis
590 2221 722 2284 studium
745 2220 917 2300 impendant
938 2228 967 2281 et
988 2222 1101 2282 lruetus
1130 2239 1165 2283 ex
1193 2240 1229 2284 eo
1258 2241 1369 2302 prove·

141 2320 262 2382 uiantes
284 2319 457 2400 percipiant.
500 2321 666 2384 Nonnullae
689 2321 768 2383 enim
790 2320 889 2384 minus
910 2320 1025 2402 peritos
1054 2340 1124 2384 esse
1151 2331 1284 2384 veterum
1310 2322 1352 2384 lin

142 2437 271 2500 guarum
292 2422 425 2500 artisque
445 2423 565 2486 criticae
588 2431 619 2484 et
642 2422 741 2484 minus
762 2421 927 2486 instructos
943 2422 980 2483 ab
994 2422 1132 2496 historia,
1155 2441 1243 2502 quam
1258 2431 1290 2486 ut
1306 2423 1372 2488 sine

143 2521 221 2584 duee
241 2523 274 2582 in
294 2521 422 2586 lectione
443 2537 559 2604 psuum
581 2523 743 2603 precedere
771 2524 907 2602 possint:
939 2524 1013 2586 elice
1038 2523 1139 2603 inopia
1159 2522 1304 2586 librorum
1324 2525 1370 2586 la-

141 2621 266 2697 borare,
287 2623 367 2702 qued
390 2623 536 2688 editiones
558 2633 675 2703 patrum
697 2623 837 2686 meliores
858 2633 982 2703 propter
1002 2625 1153 2687 raritatem
1183 2634 1212 2688 et
1233 2641 1371 2704 magnum

144 2723 275 2803 pretium
296 2741 458 2804 paucerum
480 2726 512 2786 in
534 2743 639 2788 manus
661 2725 797 2788 veniant:
820 2725 947 2802 denique
963 2743 1053 2804 quum
1076 2726 1186 2804 scripta
1209 2725 1372 2786 eorundem

146 2823 507 2904 pernoctationibus
529 2826 704 2898 difficiliore,
730 2826 838 2905 partim
860 2825 981 2886 maioris
1004 2823 1173 2896 voluminis,
1195 2823 1270 2886 elios
1292 2824 1371 2888 mul-

146 2935 206 2998 tas,
228 2925 336 3005 quibus
359 2927 485 2990 fortasse
507 2945 568 2990 nnn
589 2928 668 2990 desit
688 2926 860 3000 assiduitas,
883 2927 975 2988 ndum
998 2941 1059 2987 uon
1081 2922 1191 2986 babere
1212 2925 1248 2986 nd
1271 2945 1304 2988 ea
1326 2927 1372 2990 le·

144 3027 242 3108 gendes
265 3035 297 3088 et
316 3027 353 3090 ad
375 3045 509 3108 oempum
532 3029 709 3091 eruditionis
729 3027 908 3108 patristicne,
931 3027 980 3106 qui
997 3026 1143 3088 latissime
1157 3036 1263 3107 pateat,
1288 3047 1371 3090 eme-

146 3128 293 3192 tiendum.
335 3128 390 3191 llis
412 3130 501 3208 igitur
522 3128 663 3192 omnibus
685 3137 719 3192 ut
737 3129 941 3192 adiumentum
963 3137 993 3192 et
1014 3128 1180 3194 subsidium
1209 3137 1309 3208 peret,
1343 3129 1373 3192 id

144 3229 177 3290 in
199 3229 381 3292 Bibbntbeca
402 3238 518 3308 patrum
541 3230 652 3292 edenda
674 3229 863 3309 propositum
885 3230 943 3292 sibi
965 3249 1034 3292 esse
1055 3230 1096 3292 sit
1117 3229 1372 3310 simulquesigni-

146 3329 232 3403 fleat,
266 3348 320 3392 cur
349 3339 449 3409 patres
482 3333 649 3408 germanice
680 3331 837 3410 loquentes
865 3331 978 3395 lecerit.
1020 3330 1056 3393 ln
1083 3329 1246 3409 deligendis
1275 3339 1374 3392 cutem

145 3429 234 3494 libris
255 3439 288 3492 et
307 3430 338 3492 iu
359 3431 546 3512 excerpendo
568 3431 672 3494 sedulo
694 3449 728 3494 ec
755 3447 877 3494 curasse
904 3433 1045 3503 allumat,
1078 3439 1112 3494 ut
1137 3431 1211 3494 nibil
1238 3441 1373 3512 praeter-

145 3533 317 3596 mitteretur
336 3549 452 3606 enrum,
474 3549 551 3612 quae
571 3533 608 3594 ad
629 3531 784 3596 historiam
806 3532 959 3594 canonae
978 3532 1155 3596 christianae
1168 3533 1375 3596 illustrandam

147 3634 281 3698 nicam:
303 3617 384 3696 bunc
397 3634 434 3696 ad
449 3651 538 3696 usum
559 3635 648 3725 etiam
670 3632 760 3696 verbs
782 3648 887 3712 graece
908 3641 939 3694 et
958 3632 1049 3696 labne
1069 3632 1205 3696 locorum
1228 3633 1257 3696 id
1279 3651 1375 3714 genus

149 3733 341 3796 clamiceium
364 3734 401 3798 cd
421 3735 584 3814 marginem
607 3734 743 3816 apposita
763 3753 831 3796 esse
849 3743 880 3796 et
893 3733 1048 3813 plerasque
1064 3734 1289 3798 observationes
1304 3753 1374 3798 suas

148 3835 254 3900 ecdem
276 3835 394 3899 relerri.
436 3835 538 3916 ltaque
559 3837 604 3898 vir
625 3837 675 3900 ille
697 3835 819 3908 doctus,
850 3852 937 3915 quem
960 3833 1085 3898 Semleri
1113 3835 1247 3916 exemplo
1272 3835 1302 3896 in
1325 3835 1375 3896 bi-

148 3937 241 4000 storia
263 3936 435 4016 dogmatum
456 3938 609 4000 tractanda
629 3937 808 4017 singularem
830 3935 1003 3999 industriam
1026 3937 1164 4015 posuisse
1187 3937 1316 4008 sumus,
1345 3934 1376 3996 id

148 4037 342 4118 potissimum
362 4038 481 4100 efficere
504 4039 633 4112 studuit,
667 4045 700 4100 ut
722 4036 852 4117 tbeolngi
875 4055 995 4110 omues,
1028 4037 1078 4116 qui
1100 4055 1154 4117 per
1177 4035 1254 4096 ibam
1278 4036 1375 4098 bisto-

148 4139 224 4202 riam
246 4139 278 4200 iu
300 4139 451 4220 theologia
471 4139 638 4219 dogmatica
659 4140 804 4220 prolicere
827 4149 980 4220 cuperent,
1002 4136 1060 4216 ipsi
1076 4155 1112 4200 er
1126 4145 1243 4216 patrum
1258 4138 1377 4218 seriptis

148 4239 268 4304 minore
289 4241 434 4320 temperis
457 4240 614 4320 dispendio
636 4259 671 4302 ac
691 4240 821 4304 faciliore
844 4259 934 4320 opera
949 4255 1130 4318 cognoscere
1143 4247 1278 4319 possent,
1301 4257 1377 4320 quae

148 4341 267 4420 publiea
289 4343 397 4404 vetans
421 4342 563 4404 ecclesiae
584 4341 738 4424 quibusvis
761 4341 946 4422 temporibus
968 4339 1042 4400 fides
1064 4339 1180 4414 luisset,
1203 4340 1273 4420 quid
1296 4339 1375 4402 cele-

149 4441 274 4506 berrimi
296 4443 361 4506 eius
384 4441 525 4506 dectores
547 4443 584 4506 de
612 4461 786 4523 numaeque
814 4441 991 4521 quaestione
1019 4439 1165 4522 imprimis
1195 4439 1304 4505 difficili
1327 4445 1379 4500 aut

150 4541 281 4609 obscura
295 4545 474 4621 sensissent,
498 4544 548 4625 qui
564 4561 684 4608 errores
697 4563 752 4625 per
767 4542 934 4610 haereticos
950 4541 1052 4606 diffusi
1068 4551 1168 4608 essem
1182 4549 1213 4604 et
1220 4539 1377 4636 esuquibus
