3022 5056
493 377 603 424 offilo
617 379 639 423 l·
656 377 773 424 domn
785 379 920 424 sslhliflss.
1251 367 1313 432 267

91 549 164 606 esse,
185 530 373 614 proindeque
395 548 445 606 es,
468 549 545 612 quae
565 537 793 612 comparantur,
816 525 949 594 οἰιιιιιιιιι
971 549 1040 596 esse
1062 533 1198 612 generis,
1220 533 1260 596 its
1281 541 1399 596 utem.

89 633 175 696 liius
196 641 319 698 osterse
340 632 382 696 sit
401 631 597 712 Angelorum
624 632 709 712 ipsos
737 633 872 712 prolecto
900 632 1046 712 imprimis
1067 632 1191 713 pudebit
1212 633 1316 698 eadem

89 753 215 816 pugnare
236 742 268 798 et
286 734 370 815 loqui
391 752 426 797 ac
447 733 643 809 Valentinum,
666 733 873 814 Carpocratem
895 733 1006 796 aliosve
1028 735 1212 810 haereticos,
1235 755 1314 816 quo-

87 855 149 900 run
169 835 221 900 illo
240 835 369 916 Angelos
391 835 527 898 eiusdem
548 853 620 898 esse
641 835 761 916 generis
783 853 818 898 ac
835 834 988 900 Christum
1009 836 1175 911 affirmarit,
1199 838 1314 919 Carpo·

87 947 177 1002 ortos
206 945 306 1002 senem
335 937 458 1000 eosdem
486 953 555 1000 assa
583 937 656 1000 dixit
682 936 786 1000 mundi
813 936 1020 1002 fabricatores.
1064 939 1177 1020 Nempe
1204 939 1255 1007 isti
1276 939 1314 1004 ah

85 1038 140 1102 illis
159 1039 241 1102 torto
263 1038 361 1102 edocti
382 1037 534 1118 magistris
555 1038 610 1102 Ilei
631 1037 761 1102 Verbum
782 1057 849 1102 cum
871 1039 990 1119 Angelis
1019 1041 1156 1102 conterre
1177 1059 1238 1102 nos
1260 1060 1312 1104 ve·
1441 1043 1446 1050 '

87 1149 194 1204 rentur.
222 1147 238 1168 ”

165 1345 219 1408 57.
262 1341 300 1403 bt
327 1347 406 1404 certo
433 1359 487 1403 eos
515 1349 575 1404 tum
602 1341 694 1422 impis
721 1342 886 1422 cogitantes
914 1347 1000 1421 coget
1026 1342 1208 1406 erubescere
1227 1362 1315 1408 sacer

89 1442 309 1516 dormandus
331 1443 388 1506 hae
409 1453 480 1506 sunt
500 1462 607 1506 voces:
633 1443 711 1518 Quis
733 1444 841 1508 emto
864 1449 924 1508 erit
938 1444 1067 1510 Domino
1089 1449 1123 1508 io
1142 1445 1217 1528 filiis
1231 1446 1315 1512 Bai?
1365 1430 1368 1438 ¹

87 1551 129 1606 et:
153 1545 230 1620 Ores
252 1545 360 1608 riutilio
382 1549 430 1608 tot
449 1549 482 1608 iot
503 1545 586 1618 Diis,
616 1543 769 1610 Destino?
811 1545 1011 1608 Nihilominus
1040 1547 1099 1610 illis
1122 1566 1241 1628 quoque
1262 1567 1314 1612 rs·

83 1646 307 1728 spondebimus,
331 1655 364 1710 ut
383 1647 430 1708 sel
451 1646 496 1708 sic
517 1665 620 1708 rarum
642 1647 774 1723 discunt,
801 1649 1054 1728 munerationem
1076 1649 1176 1712 solere
1198 1651 1314 1716 institui

81 1749 156 1812 inter
177 1767 226 1822 es,
248 1762 326 1830 qtrac
347 1747 482 1812 eiusdem
504 1757 623 1812 constat
643 1767 711 1812 osse
733 1750 864 1829 genech,
887 1767 947 1812 non
963 1758 1062 1812 sutem
1077 1751 1156 1814 inter
1172 1769 1218 1826 es,
1240 1771 1315 1833 quse

81 1849 230 1914 diversum
251 1849 362 1912 hebent
382 1857 530 1914 naturam.
562 1851 675 1932 'ltaque
697 1869 787 1913 nemo
809 1852 903 1916 lleum
926 1871 992 1914 cum
1013 1851 1134 1914 bomine
1156 1871 1313 1934 compara·

80 1952 151 2014 terit
178 1969 280 2032 neque
308 1952 397 2016 etiam
425 1952 576 2016 hominem
605 1969 672 2016 otim
699 1952 808 2016 belluis
837 1969 936 2034 neque
962 1953 1138 2033 lignacum
1165 1953 1312 2035 lspidibtta

79 2060 201 2135 propter
234 2061 357 2144 nemeae
385 2053 669 2118 dissimilitudinem.
714 2055 774 2118 Sed
802 2055 882 2118 Deus
916 2055 1035 2136 quidem
1067 2075 1134 2118 cum
1165 2057 1247 2119 nulla
1278 2075 1313 2120 re

78 2156 244 2236 conparari
266 2163 381 2235 potest,
409 2155 500 2220 homo
522 2174 594 2236 roro
615 2173 683 2218 cunr
705 2156 844 2230 homine,
873 2156 985 2237 hgnum
1015 2175 1081 2222 cctm
1110 2157 1208 2238 ligno,
1235 2158 1313 2239 lapis

77 2273 142 2320 euru
162 2257 265 2338 lapido
284 2247 366 2320 reolo
386 2265 488 2338 potest
507 2257 648 2332 conferri,
671 2276 729 2322 nec
749 2259 780 2321 in
801 2259 851 2322 his
873 2277 930 2324 vox
947 2264 1160 2340 praestantius
1183 2277 1312 2340 usurpa·

76 2357 171 2433 bitur,
202 2359 259 2422 sed
286 2377 343 2420 sex
369 2362 464 2438 elegis
487 2359 533 2422 rel
551 2359 636 2440 plus.
680 2359 731 2423 Sic
750 2359 860 2440 loseph
888 2360 982 2442 magis
1011 2361 1135 2442 pulcher
1162 2369 1228 2424 orat
1249 2361 1312 2426 suis

76 2459 230 2536 hstribm,
252 2459 362 2522 Rachel
382 2461 478 2540 magia
499 2459 621 2541 pulchra
645 2479 732 2541 quam
754 2461 818 2526 bia.
848 2462 939 2525 Stella
953 2479 1023 2526 sero
1039 2481 1101 2524 non
1123 2463 1207 2526 stella
1221 2481 1311 2544 prae-

76 2563 215 2636 stantior,
239 2562 294 2626 sed
314 2562 410 2642 magis
432 2581 491 2626 una
513 2561 550 2625 ab
572 2562 628 2628 slis
651 2564 755 2646 differt
777 2568 811 2626 in
831 2563 942 2644 glorio.
988 2564 1062 2626 Cum
1076 2571 1175 2628 autern
1197 2584 1247 2627 res
1262 2565 1311 2627 dl·

75 2683 178 2728 tersse
200 2673 325 2728 nstsrse
347 2664 425 2728 inter
446 2683 479 2728 se
503 2673 721 2745 comparantur,
744 2673 816 2730 tunc
835 2685 894 2728 rox
911 2671 1128 2747 praestantior
1148 2675 1199 2727 aut
1216 2685 1312 2747 prue-

33 2845 36 2854 .
75 2771 211 2847 stonnits
236 2765 421 2830 differentias
444 2765 654 2847 significandae
676 2766 771 2847 gratia
799 2766 972 2840 adhibetur,
1004 2766 1253 2846 quemadmodum
1275 2767 1312 2829 ds
1431 2775 1440 2798 ⁸

74 2868 222 2948 sapientia
245 2875 276 2932 et
295 2867 444 2948 lapidibus
466 2877 512 2931 est
533 2869 655 2932 (lichum.
700 2867 735 2930 Si
756 2866 848 2949 igitur
867 2867 1030 2949 Apostolus
1052 2866 1191 2928 dixisset:
1214 2866 1310 2930 Tanto

73 2972 169 3050 magis
190 2967 287 3034 athos
308 2969 456 3034 antecellit
477 2971 524 3032 tel
544 2979 627 3034 tento
649 2969 745 3034 maior
767 2977 816 3032 cst
835 2953 973 3049 Angelis}
993 2968 1081 3062 vobis
1104 2985 1178 3030 saue
1199 2987 1235 3030 ex
1256 2968 1312 3031 hae
1405 3023 1414 3034 .

71 3071 138 3134 Filii
160 3089 232 3134 cnm
253 3071 373 3151 Angelis
396 3071 618 3152 comparatione
640 3071 838 3136 contendendi
861 3089 934 3133 noea
955 3055 1159 3150 praeberetur.
1192 3070 1310 3132 etcum
1415 3105 1419 3114 ·

72 3191 142 3238 eum
164 3174 245 3236 diest
266 3191 336 3235 esse
364 3174 628 3254 praestentiorenr‘,
658 3181 831 3254 emto-qne
857 3173 995 3247 differre,
1024 3179 1165 3252 quantum
1192 3171 1309 3234 liliuss
1419 3211 1427 3224 .

72 3276 173 3338 serris
194 3275 312 3349 differt,
341 3274 499 3338 manifeste
528 3275 630 3355 ulique
652 3275 785 3338 ostendit
805 3274 895 3338 alium
923 3289 994 3336 csse
1015 3293 1031 3336 a
1054 3281 1157 3336 nutura
1178 3271 1309 3352 hugold-

71 3393 151 3440 rum.
197 3377 273 3440 Cmn
295 3377 368 3440 item
390 3395 458 3442 eum
482 3377 581 3440 omnia
602 3375 744 3440 fundasse
766 3377 900 3450 affirmet,
923 3375 1012 3440 elium
1026 3376 1161 3455 prolecto
1181 3374 1218 3438 sb
1241 3393 1309 3436 om-

71 3477 164 3540 nibns
186 3475 274 3542 lectis
296 3477 390 3541 rebus
411 3495 480 3561 essa
501 3477 618 3557 prohat
663 3477 853 3560 Quapropter
878 3495 946 3540 cum
967 3477 1103 3540 diversae
1124 3477 1393 3540 sternumento.

73 3595 214 3644 ererum
236 3581 380 3644 ismarum}
403 3587 525 3653 natura,
548 3595 693 3659 quaenam
714 3597 826 3660 quaeso
848 3579 1029 3658 compotatio
1051 3587 1103 3640 aut
1123 3595 1199 3658 guae
1220 3577 1308 3638 simi-

72 3677 170 3742 litudo
190 3681 257 3744 sius
278 3689 402 3744 naturae
425 3699 491 3743 com
514 3681 605 3758 rebus
628 3679 735 3746 tautisi
779 3681 887 3746 Verum
902 3680 929 3744 si
951 3698 1057 3744 rursus
1081 3679 1177 3742 simile
1198 3675 1309 3756 sliquid

71 3781 261 3862 excogitent,
294 3783 363 3845 illos
385 3783 432 3845 his
455 3782 555 3845 uerbis
577 3781 741 3845 ooulutsbit
761 3775 886 3864 Paulus!
914 3782 960 3844 Ad
981 3801 1067 3863 quem
1088 3791 1188 3844 ostem
1209 3778 1309 3857 Asge-

100 4071 126 4120 d.
146 4071 193 4120 Sic
206 4033 350 4132 beguariam
373 4079 397 4124 tt
415 4071 470 4136 lleg.
505 4071 551 4124 alii
568 4085 625 4123 tero
644 4079 668 4123 at
717 4064 861 4139 spelaeor-
898 4069 996 4122 Goblar.
1021 4077 1045 4118 et
1062 4067 1167 4145 Falciqt.
1181 4063 1204 4114 1.
1221 4061 1309 4134 κριῖσ·

66 4139 127 4190 editi
146 4133 297 4206 συιαρίνει.
718 4151 786 4202 σονς
803 4137 932 4190 maadose.
956 4137 1018 4188 lldlti
1035 4143 1058 4185 et
1073 4134 1112 4186 alti
1123 4147 1155 4182 ou
1167 4123 1308 4196 κράτων.

100 4224 123 4258 2·
145 4207 327 4274 “mmm
350 4207 419 4259 abdil
443 4224 456 4257 1
476 4208 625 4262 Gobleritno
642 4215 667 4262 di
751 4239 775 4287 3,
792 4211 973 4286 Sappgggm
982 4215 1127 4272 τιςταῦτα,
1151 4219 1208 4280 neg,
1221 4215 1310 4266 ταῦτα

65 4275 216 4328 Ῐῑιὰῦι·
299 4337 306 4354 ,
720 4291 816 4342 omittit.
851 4289 943 4340 lhidora
968 4287 1075 4338 l'elclm.
1091 4287 1115 4336 5.
1136 4279 1308 4353 'nopodeiblp

72 4343 118 4422 ,Ῑ·
138 4344 244 4420 &W
260 4353 309 4422 ’‘f“
325 4337 415 4394 '¹²⁴⁰'-
449 4343 516 4422 ΜΨ
540 4357 594 4394 ¹⁰⁰¹
612 4352 669 4408 ΡΜ
718 4359 797 4410 Editio
816 4357 934 4409 Commel.
954 4363 977 4406 at
994 4355 1034 4405 elii
1051 4346 1202 4420 παραβάλῃ.
1337 4372 1343 4385 ·

64 4406 214 4476 adnepotes
234 4412 325 4462 omittit
348 4403 441 4464 edroi.
481 4411 542 4464 lbtd.
564 4413 667 4474 segnes.
752 4443 768 4494 h
795 4437 841 4510 [νᾶ
867 4455 940 4506 „pn
959 4455 983 4506 p·
1003 4437 1061 4491 2⁶2·
1080 4449 1129 4491 not.
1148 4435 1184 4506 2]

65 4481 173 4530 Gohler.
195 4485 219 4527 et
232 4478 342 4530 lleluhm.
356 4480 378 4532 l.
396 4474 471 4536 Aias.
497 4479 557 4530 ltem
567 4479 667 4542 Sagras.
753 4480 776 4539 ‚¹
842 4477 849 4492 ⁸
1004 4525 1008 4536 .
1032 4524 1037 4535 .

66 4545 125 4602 illd.
146 4536 240 4612 ἆπῗιρ
259 4539 298 4597 δέ.
324 4547 370 4600 thr
388 4557 412 4600 at
428 4548 486 4600 editi
496 4537 585 4612 ἀστὴρ
602 4538 666 4611 γάρ.
752 4543 769 4580 ¹·
787 4527 887 4590 Sillii·
906 4515 943 4580 ὥς
960 4533 1056 4622 θῑξῑῑῑῑῑ·

65 4613 127 4666 lhid.
149 4615 256 4676 Sernes
274 4615 374 4668 Gohler.
397 4624 421 4667 st
444 4615 550 4668 Felolm.
566 4615 587 4666 ι.
607 4603 667 4679 sept
755 4613 777 4664 k.
799 4613 898 4674 segnes.
918 4603 933 4658 d
951 4603 1017 4665 olor.
