3118 5052
511 359 621 404 omaro
635 359 668 403 u.
684 357 802 404 sennan
815 359 952 404 tannes.
1214 375 1216 382 ·
1265 345 1330 411 soe

117 510 175 586 ,Ut
198 509 272 572 enirn
300 509 497 584 divinitatem,
525 509 563 574 de
590 497 648 590 gun
676 509 726 572 into
752 527 852 572 sermo
881 517 945 585 ost,
975 511 1235 576 nonsummum
1259 532 1417 578 essenos.

114 613 246 687 „dixerit
268 612 321 674 sed
342 612 441 693 ipsum
458 623 527 676 esse
541 612 670 686 Patrem,
692 612 743 685 ita,
766 619 800 673 ιι
814 611 934 692 opinor,
958 613 1138 693 sempiterna
1154 615 1218 677 eius
1233 615 1329 680 virtus
1390 599 1406 626 ⁰

115 723 165 789 „et
189 714 322 776 divinitas
351 731 411 776 non
439 713 611 794 unigenitus
640 721 688 778 ast
714 713 824 786 Vilius,
857 713 910 776 sed
939 713 1003 793 ipse
1025 724 1072 778 est
1093 717 1211 796 genitor
1232 717 1329 780 l’nter.

111 816 222 891 „Aliam
242 823 340 876 autem
361 815 500 878 sirenem
523 824 554 877 et
575 815 750 896 sapientiam
772 815 827 877 Ilei
849 833 919 877 esse
941 815 1044 889 dooet,
1066 835 1142 896 quae
1164 836 1218 898 per
1240 819 1327 882 Chri-

112 927 207 992 „stnm
238 917 407 997 apparuit.“
457 917 571 980 Deinde
602 917 706 998 paneis
738 916 904 980 interiectis
936 918 1034 997 pergit
1066 917 1145 980 idem
1176 920 1327 984 Asterius:

110 1018 312 1099 „Quamquam
334 1019 514 1099 sempiterna
538 1019 601 1082 ιίιι
622 1019 717 1082 virtus
739 1027 770 1082 et
786 1019 940 1099 sapientia,
964 1037 1051 1099 quam
1066 1021 1212 1100 prinoipio
1228 1041 1328 1086 oerore
1425 1012 1427 1024 ’

110 1139 185 1194 „nee
203 1121 331 1200 genitam
354 1139 423 1182 esse
444 1121 520 1184 ratio
542 1139 611 1184 rem
633 1121 779 1194 declarat,
808 1139 867 1183 una
895 1129 975 1182 nerto
998 1130 1028 1183 ιι
1048 1121 1114 1202 ipsa
1137 1132 1192 1184 est.
1237 1123 1327 1188 Com·

107 1221 224 1301 „plenos
246 1241 320 1284 uero
343 1230 414 1284 sunt
436 1222 600 1302 sapientiae
621 1223 790 1304 singulatim
812 1222 849 1285 ab
871 1223 939 1304 ipso
962 1232 1093 1298 creatae,
1117 1243 1240 1306 quarum
1263 1227 1328 1306 pri-

109 1323 296 1404 „mogsnitus
319 1332 349 1386 et
369 1323 539 1404 unigenitus
559 1333 607 1386 est
621 1325 767 1399 Christum,
791 1343 866 1406 quae
881 1343 987 1388 omnes
1002 1326 1140 1389 similiter
1154 1347 1189 1388 ex
1205 1327 1328 1390 domino

106 1425 252 1504 „pendent
275 1445 344 1500 suo,
367 1425 491 1506 eiusque
512 1426 646 1500 virtutes,
669 1427 721 1507 qui
744 1445 795 1489 ιιι
817 1427 928 1506 crearit
949 1436 977 1490 ιι
999 1429 1049 1508 qui
1071 1429 1120 1490 his
1139 1429 1241 1502 utitur,
1263 1430 1328 1494 iure

105 1527 228 1600 „mento
261 1527 458 1608 appellantur.
503 1527 579 1590 ilino
605 1528 756 1609 Propheta
789 1529 933 1592 looustam
962 1530 998 1591 ad
1026 1530 1180 1592 hominum
1209 1539 1328 1611 peooate

103 1629 295 1710 „uleiseenda
327 1629 468 1692 diuinitus
497 1629 661 1692 immissam
691 1649 752 1692 non
780 1632 916 1693 virtutem
946 1639 1076 1702 tantum,
1110 1633 1164 1694 sed
1191 1651 1327 1714 magnam

99 1731 258 1803 „virtutem
285 1751 300 1792 ι
324 1731 385 1792 [leo
408 1731 474 1811 ipso
498 1739 624 1794 testatur
645 1731 796 1812 appellari.
840 1733 947 1795 Beatus
970 1734 1039 1796 item
1064 1733 1152 1796 llarid
1174 1753 1235 1796 non
1258 1743 1326 1797 tan·

98 1837 182 1906 „turn
203 1831 348 1912 Angelos,
373 1833 427 1896 sod
450 1834 538 1896 etiam
561 1834 691 1896 Virtutes
715 1835 750 1897 ad
773 1834 867 1898 ileum
889 1835 1065 1898 laudandum
1088 1837 1255 1899 hortatur.“

172 2137 226 2202 38.
275 2133 358 2197 Ηιιι
378 2153 446 2198 eum
467 2135 510 2198 illi
530 2135 576 2198 vel
599 2145 713 2224 tantun}
738 2140 815 2219 ‚oqui
839 2139 957 2202 audent
982 2159 1083 2203 nonne
1105 2142 1237 2205 omnium
1255 2144 1325 2207 odio

92 2234 259 2314 dignissimi
286 2235 379 2299 sunt?
402 2237 434 2298 Si
456 2236 546 2312 enim,
569 2246 602 2300 ut
623 2239 681 2319 ipsi
705 2239 822 2320 quidem
845 2249 961 2320 putant,
984 2241 1077 2305 Vilius
1101 2253 1157 2317 est,
1180 2263 1241 2306 non
1256 2247 1324 2325 quia

90 2355 122 2398 ιι
141 2337 233 2400 Patre
257 2337 379 2418 genitus
403 2347 464 2412 est,
492 2359 549 2402 nee
569 2349 694 2420 propter
714 2351 837 2404 naturae
860 2341 1091 2422 proprietatem,
1121 2346 1173 2408 sed
1196 2347 1325 2410 Verbum

88 2423 192 2502 dieitur
215 2440 285 2502 sive
308 2439 394 2502 ilatio
417 2431 464 2503 ob'
478 2461 529 2504 res
550 2443 667 2504 ratione
687 2443 854 2522 praeditas,
885 2454 914 2505 et
935 2445 1079 2524 sapientia
1100 2457 1225 2530 propter
1246 2450 1325 2526 illos,

87 2539 133 2617 qui
163 2542 326 2622 sapientes
356 2542 446 2617 liunt,
480 2543 613 2622 potentia
643 2563 697 2606 seu
723 2544 817 2607 virtus
847 2565 951 2608 eornm
974 2565 1078 2622 eausa,
1112 2551 1162 2630 qui
1184 2560 1322 2632 potentes

87 2642 272 2718 redduntur3
308 2643 437 2724 denique
465 2644 543 2706 filius
572 2663 626 2718 eos
654 2655 795 2726 propter,
825 2647 1155 2726 quintodecimum,
1185 2653 1324 2730 tortuosis
1335 2666 1412 2712 ιιι.

83 2759 201 2824 quoque
218 2739 263 2806 ob
287 2763 350 2819 res,
372 2763 448 2825 quae
470 2747 610 2820 existunt,
634 2747 697 2810 sola
720 2748 900 2827 cogitatione
922 2749 1033 2813 existit.
1069 2753 1147 2825 Quid
1163 2772 1233 2834 ergo
1255 2765 1322 2818 tan-

85 2842 148 2905 dem
170 2849 301 2910 tuturus
325 2846 373 2908 ille
396 2846 466 2910 est?
488 2847 567 2910 Nihil
589 2847 668 2911 enim
690 2847 808 2910 illorum
833 2869 900 2912 esse
919 2840 978 2914 'diei
1000 2854 1098 2934 possit
1113 2854 1188 2934 ipse,
1211 2855 1237 2918 si
1253 2857 1326 2921 haee
1359 2913 1367 2928 .
1410 2869 1416 2880 '

80 2963 159 3010 mera
182 2948 255 3012 eius
282 2956 356 3012 sunt
376 2950 507 3022 nomina,
530 2949 655 3030 solaque
676 2950 856 3030 eogitatione
877 2952 1020 3016 dieondns
1036 2967 1083 3018 ast
1096 2957 1235 3030 existere,
1257 2977 1325 3023 oum

81 3050 175 3112 nostri
206 3057 333 3114 tantum
362 3051 649 3114 oausa'huiusmodi
672 3060 796 3115 ornetur
817 3053 998 3123 nominibus.
1044 3057 1122 3119 Sane
1144 3059 1202 3140 ipsi
1223 3061 1324 3140 potius

78 3151 224 3214 censendi
250 3158 329 3214 sunt
351 3151 495 3214 diabolica
517 3154 676 3216 autetiam
700 3155 849 3217 deteriore
871 3156 974 3236 agitari
995 3157 1124 3236 insania,
1142 3160 1252 3243 quippe
1273 3163 1325 3243 gui

78 3269 109 3312 se
131 3254 263 3333 qrridem
289 3271 362 3316 vere
384 3253 511 3317 existere
531 3254 635 3330 velint,
655 3256 709 3318 Dei
730 3265 829 3322 autem
845 3257 973 3320 Verbum
995 3260 1062 3321 solo
1085 3263 1206 3326 nemine
1221 3273 1327 3344 putent

75 3355 218 3422 existere.
271 3356 324 3418 An
341 3373 404 3416 uon
424 3375 497 3418 vero
519 3365 652 3420 monstra
668 3357 779 3434 dieunt,
802 3377 869 3422 oum
883 3360 1031 3424 affirmant
1044 3365 1219 3442 sapientiam
1235 3365 1324 3428 simul

76 3473 140 3517 eum
162 3457 264 3520 Patre
290 3456 438 3531 existere,
459 3476 593 3538 eamque
615 3459 764 3524 Christum
788 3479 857 3524 osse
885 3471 1010 3542 negant,
1038 3465 1092 3526 sed
1115 3467 1221 3530 multas
1243 3468 1326 3530 aiunt

73 3557 200 3623 uirtutes
237 3568 362 3622 creatus
391 3565 421 3622 ot
448 3559 610 3640 sapientias
639 3581 724 3637 esse,
754 3582 879 3642 quarum
902 3582 959 3627 una
983 3565 1023 3628 sit
1044 3567 1206 3642 Dominus,
1236 3588 1324 3648 quem
1359 3573 1364 3584 ’

77 3675 140 3722 euru
163 3680 266 3724 eruca
294 3667 324 3722 et
346 3659 459 3723 locuste
483 3665 620 3724 eonlerro
646 3683 707 3726 non
739 3665 897 3728 dubitanti
940 3668 984 3729 An
1013 3687 1074 3730 non
1102 3670 1190 3732 etiam
1219 3668 1325 3732 dolose

71 3771 173 3839 agunt,
199 3761 259 3842 qui
289 3779 356 3823 eum
378 3781 396 3824 ι
417 3763 506 3827 nobis
528 3766 652 3828 audiunt
673 3766 802 3830 Verbum
824 3771 883 3830 una
902 3789 967 3832 oum
983 3770 1071 3833 Patre
1086 3771 1225 3846 existere,
1248 3789 1325 3831 oon·

68 4045 189 4128 Quid·
214 4048 682 4134 ‘lleid38eguenGobl.etVelolpro.·l.
734 4053 825 4104 τοῦτο.
864 4055 916 4106 ldox
943 4054 1015 4106 Beati.
1040 4071 1086 4121 pro
1111 4047 1325 4136 tlndpntujutpet

64 4127 175 4241 tlte·
199 4111 454 4236 Wisss'sl
471 4122 568 4239 :tulii
584 4133 682 4241 iiii?
734 4115 1323 4242 ‘'¹‘⁹⁰ii„iidtffii'l'tiiil'te‘t”‘iiiii'

65 4250 171 4306 lelntm.
202 4257 229 4305 1.
261 4219 340 4304 et'l.
364 4202 565 4308 aoetzt⁸trwrs
594 4259 640 4308 atti
660 4228 684 4308 ιι
733 4204 877 4308 ingiliisset
895 4227 966 4310 editis
984 4207 1052 4310 diost
1070 4247 1148 4310 eleut.
1194 4207 1232 4259 χρ
1314 4227 1320 4240 Ι

62 4322 132 4374 editio
153 4321 300 4376 Commel.
317 4316 363 4370 aot
380 4315 412 4370 τὸ
431 4315 531 4376 uideor,
768 4325 792 4376 lt.
811 4327 851 4376 Sin
868 4331 968 4390 segnes.
987 4329 1084 4378 Gehler.
1102 4329 1206 4380 l'eltlm.
1224 4331 1246 4380 l.
1262 4337 1286 4380 ιι
1298 4331 1323 4381 d.

97 4407 117 4440 ι.
136 4395 183 4442 Sic
203 4393 325 4451 Seguer.
360 4393 388 4441 nt
401 4391 442 4442 olii
455 4400 478 4442 ιι
490 4393 548 4443 editi
560 4386 608 4442 διὰ
620 4385 684 4445 rote
733 4393 762 4443 tt
786 4393 828 4444 olii
853 4403 876 4444 et
901 4396 957 4446 editi
975 4394 1034 4448 noir
1051 4390 1144 4446 δὲκαὶ
1161 4396 1324 4464 πανοῦργοι.

63 4456 275 4527 ποιουμένους·
341 4493 344 4501 =
733 4461 794 4511 llrid.
819 4462 919 4524 sepner.
943 4465 999 4526 lieg.
1019 4473 1042 4516 ιι
1060 4467 1196 4516 Velctrnnn.
1216 4467 1239 4518 t.
1258 4457 1320 4530 παρ’

69 4529 308 4608 ,ι,“ιιιᾳιιιίιιι.
333 4525 429 4578 Golsler.
448 4527 596 4607 lidelmi,
616 4535 640 4606 ιι
656 4527 681 4604 ⁴:
732 4521 813 4646 ipsein
834 4525 894 4595 μιν.
929 4531 1009 4583 Ceteri
1031 4543 1055 4584 et
1081 4535 1137 4585 editi
1160 4525 1224 4603 παρ’
1245 4526 1324 4600 ἡμῶν

62 4590 126 4644 ‘tl-le
149 4611 206 4646 και
240 4605 346 4646 τουτο.
381 4594 461 4656 cetere
487 4604 521 4658 et,
535 4595 598 4658 adttr⁸
616 4591 683 4644 αλλα
733 4609 745 4646 t
773 4591 832 4663 ptr.
948 4637 952 4643 .
