3158 5050
331 1129 558 1206 sancti
592 1129 816 1206 annuis
852 1131 1085 1208 NOSTRI

485 1271 935 1409 ATHAanll

385 1449 710 1505 inculcetsuort
729 1452 1029 1508 ALEXANDRIAE

252 1569 586 1634 unisonus
621 1572 691 1634 su
728 1539 1157 1636 sunnosounu

305 1675 309 1686 ’
517 1707 903 1784 anuurnruuunaiscoruu

438 1833 520 1876 contra
539 1827 595 1876 ittae
614 1828 654 1891 qui
672 1823 841 1891 blasphemant
858 1835 881 1877 et
899 1827 980 1878 dieunt

450 1911 565 1976 Spiritum
580 1920 689 1962 sanetum
708 1925 758 1962 sam
777 1919 881 1962 erestein
900 1925 962 1962 esss.

180 2303 209 2362 1.
252 2298 380 2360 Litteras
403 2317 504 2360 sacrae
533 2303 600 2360 tttse
619 2299 750 2360 caritatis
773 2299 804 2360 in
827 2316 927 2360 eremo
950 2297 1059 2379 accepi.
1103 2297 1176 2360 Nam
1198 2298 1402 2360 tametsircu.

95 2401 201 2462 acerba
221 2401 377 2462 adversum
399 2419 456 2463 nos
476 2403 646 2480 persecutio
669 2401 816 2475 irsstabat,
840 2409 870 2462 et
890 2400 981 2462 multa
1002 2400 1177 2480 perquisitis
1200 2419 1316 2475 eorum,

96 2503 269 2582 quinarem
291 2501 378 2564 nobis
401 2503 612 2577 moliebantur,
643 2511 741 2564 maren
762 2502 855 2564 Pater
884 2503 1164 2565 misericordiarum
1186 2513 1216 2564 et
1233 2503 1317 2564 Deus

99 2609 189 2668 totius
217 2605 434 2668 consoletiom's
463 2605 522 2666 tuis
549 2623 608 2666 nos
633 2603 742 2666 litteris
771 2611 819 2664 est
844 2603 1026 2664 consolatus.
1071 2603 1152 2664 Tuae
1177 2601 1256 2692 epim
1288 2609 1319 2664 et

35 2741 42 2756 ·
101 2707 228 2768 emnium
249 2707 367 2770 sincere
387 2708 550 2769 amicorum
573 2705 795 2768 benevolentiae
818 2703 990 2766 recordatus
1020 2704 1087 2766 illos
1111 2711 1181 2764 tune
1200 2721 1318 2764 mecum

99 2816 266 2889 praesentes
290 2810 390 2872 videre
410 2808 482 2870 mibi
505 2807 633 2870 videbar.
678 2809 780 2886 ltaque
802 2805 930 2886 acceptis
953 2806 1013 2868 tuis
1035 2805 1141 2867 titteris
1164 2803 1315 2884 caldega-

100 2911 178 2972 risus
198 2929 278 2986 snm,
308 2911 361 2972 sed
383 2911 502 2972 vixdum
523 2911 588 2971 ibas
611 2909 810 2990 perlegeram,
834 2927 900 2970 cum
922 2926 1024 2970 cursus
1048 2907 1236 2970 vehementer
1258 2905 1315 2968 do-

101 3012 159 3074 tere
179 3013 310 3092 incoepi,
344 3031 448 3074 eorum
470 3011 632 3092 pervicacia
661 3020 775 3084 motus,
805 3009 855 3090 qui
885 3019 987 3072 contra
1009 3009 1162 3072 veritatem
1184 3025 1316 3089 pugnare

102 3113 189 3174 semei
214 3115 244 3174 in
271 3114 401 3176 animum
429 3113 616 3176 induxerunt.
667 3114 819 3194 Siquidem
848 3121 910 3174 tute
938 3113 1019 3192 ipse,
1054 3111 1159 3174 diieots
1187 3129 1399 3193 verequeeme.

104 3215 296 3294 optatissime,
320 3234 382 3277 nun
404 3215 469 3278 sine
491 3217 594 3278 dolore
616 3216 687 3280 mibi
710 3215 898 3294 significasti,
920 3215 1066 3294 quosdam
1087 3215 1207 3294 impiam
1229 3213 1315 3276 Aria-

103 3335 202 3380 norutu
224 3318 253 3378 iu
275 3317 329 3380 Dei
350 3307 456 3382 Filium
478 3319 618 3382 haeresin
640 3320 821 3382 detestantes
843 3317 880 3380 ab
904 3317 961 3379 iliis
985 3317 1101 3398 quidem
1125 3317 1314 3391 discessisse,

106 3473 210 3535 praefisus
233 3471 316 3534 topiros
339 3488 369 3521 eo
392 3487 433 3522 auo
466 3475 557 3524 cerebro
587 3475 680 3524 titutum
730 3473 830 3523 miretur
847 3474 950 3522 iactasse
970 3473 1088 3536 quispiam
1107 3471 1197 3520 nuttam
1214 3471 1314 3519 inhises

108 3540 191 3587 excudit
207 3545 226 3586 et
241 3543 382 3603 praeposuit.
730 3541 932 3604 disputationibus
951 3539 1081 3588 macedonii
1106 3541 1251 3588 mentionem
1271 3552 1312 3586 oc·

140 3605 160 3652 b.
178 3605 287 3654 Eminent.
307 3607 402 3656 Cordin.
421 3607 500 3657 otton.
522 3609 595 3658 codex
613 3599 677 3656 o’crse-
731 3624 834 3658 currere.
871 3609 955 3656 Verum
981 3616 1006 3655 ut
1028 3607 1082 3670 quid
1103 3606 1147 3656 bac
1165 3606 1194 3654 de
1212 3620 1237 3654 re
1255 3619 1311 3652 sen·

109 3663 221 3729 do'bnodr
235 3686 292 3736 μοι.
330 3675 419 3724 ibidem
440 3685 539 3752 uterque
559 3677 614 3736 neg.
633 3671 679 3722 stoi
730 3681 785 3726 tiam
805 3675 888 3738 pennis
907 3676 1020 3732 efferam,
1040 3689 1087 3722 non
1101 3674 1198 3722 uidetur
1216 3673 1245 3720 de
1265 3671 1313 3719 ttu-

109 3733 192 3788 stom.
229 3740 306 3790 Ceteri
331 3751 355 3791 et
381 3744 437 3790 editi
461 3757 506 3790 και
529 3735 553 3792 ei
577 3751 677 3792 tantum.
730 3747 829 3791 cadonio
855 3744 893 3790 bie
916 3743 960 3802 agi.
998 3741 1088 3790 Etenim
1108 3741 1148 3790 iiie
1166 3739 1343 3788 interisio--

113 3808 190 3858 ibidem
207 3807 317 3858 Ottobon.
342 3801 356 3856 ὅ
378 3801 440 3857 καθ’
460 3802 531 3876 ἡμᾶς
548 3803 676 3874 διωγμός.
729 3825 814 3860 norum
834 3810 995 3872 primipitnres
1014 3809 1223 3866 annumerabatur,
1242 3815 1314 3869 atque

113 3873 176 3926 Panlo
193 3885 242 3954 post
261 3879 415 3942 manuscripti
435 3893 519 3927 omnes
538 3869 677 3926 nostrsdid'
731 3887 757 3927 nt
782 3879 872 3926 uidetur
891 3877 976 3925 Filium
1001 3891 1097 3940 semper
1121 3891 1165 3938 pro
1189 3889 1216 3924 re
1234 3881 1315 3924 creste

114 3937 220 4008 inusnp
237 3943 293 3992 τῶν
311 3938 459 4013 οἰκτιρμῶν
478 3955 514 3995 etc
548 3946 678 3994 biantiscrr.
731 3945 821 3994 hebuit.
856 3945 944 3994 Contra
964 3959 1018 3993 vero
1039 3945 1092 4004 isti,
1112 3949 1314 4007 quosoppngnat

114 4027 160 4062 tero
177 4013 320 4062 Feteimanni
340 4005 387 4061 ἀλλ
414 4006 429 4060 ὁ
452 4007 542 4079 πατὴρ
565 4011 613 4073 τῆς
629 4026 679 4061 πα·
730 4013 882 4072 Athanasius,
901 4015 1000 4061 titanos
1019 4013 1113 4075 quidem
1134 4011 1313 4074 impugnabant,

114 4071 245 4144 protiosus·
263 4082 361 4130 omissis
380 4083 536 4132 intermediis.
573 4083 624 4131 bion
634 4077 681 4130 καί
729 4095 810 4130 serum
829 4095 911 4129 sanam
930 4080 1029 4129 uenum
1048 4081 1178 4128 doctrinam
1191 4077 1312 4127 vindicen-

116 4157 160 4197 antc
181 4141 206 4196 ir
227 4148 283 4202 τοῖς
306 4151 375 4198 deest
393 4150 417 4199 in
436 4151 533 4202 Gobier.
552 4159 576 4201 et
593 4151 678 4200 Feictr·
730 4157 766 4198 tes
790 4150 813 4198 in
832 4149 945 4211 Spiritum
970 4155 1078 4196 sanctona
1097 4146 1312 4207 debacchabantur,

117 4217 183 4265 menni
200 4217 218 4264 t.
539 4221 542 4228 '
730 4215 792 4266 unde
803 4217 983 4265 coniectandum
995 4215 1144 4278 relinquitur,
1163 4215 1311 4264 hanei’ncu-

146 4275 560 4349 c.topiic.lssair’1ipetooaiv.
599 4285 678 4336 iisse-
729 4285 934 4334 metomacbarum
959 4283 1072 4332 familiana
1091 4282 1211 4346 disparem
1230 4299 1242 4331 a
1261 4282 1311 4332 bia-
1407 4313 1411 4318 -

118 4349 214 4400 doninnos
234 4362 257 4401 et
284 4353 514 4403 Poenmatomscbos
538 4354 567 4404 ab
585 4353 677 4404 trinnis
729 4353 859 4402 codoniana
887 4367 957 4410 esce,
985 4351 1048 4415 qniod
1067 4359 1145 4400 tamen
1172 4351 1310 4412 augurando

120 4426 183 4468 ortum
203 4420 292 4470 duxisse
317 4421 420 4482 vulgaris
446 4428 468 4469 et
492 4422 546 4470 trita
570 4423 676 4478 omniurn
728 4421 828 4482 dicitur3
847 4433 901 4468 nem
922 4419 1077 4481 iuciiugarum
1097 4419 1311 4470 buiusmodiinitia

120 4489 212 4535 sententia
233 4497 270 4537 est
290 4488 501 4552 macedoniumque
526 4505 580 4538 esse
599 4489 677 4538 Prseu-
728 4489 866 4538 obscuriora
894 4495 963 4547 sunt,
989 4503 1059 4551 quiem
1085 4496 1110 4536 ut
1133 4489 1210 4551 possit
1232 4487 1262 4536 de
1280 4489 1310 4538 iis

121 4555 495 4620 mstomacborusuantesiguanum.
515 4557 676 4616 Quamobrem
729 4566 792 4607 certa
811 4564 833 4607 et
853 4557 982 4607 indubitate
995 4557 1189 4607 ierrisentenris.
1207 4555 1235 4600 Ει
1248 4557 1310 4605 stio-
