3032 5048
445 329 642 378 mauman
658 329 836 376 srrcraruu.
1017 386 1020 396 ¹
1184 319 1246 385 833

20 492 91 546 nto
123 499 218 546 sane
241 499 316 563 opus
330 467 400 544 'non
420 482 544 558 inisset,
572 482 671 562 ipsum
694 482 772 544 enim
795 501 904 563 eorpus
926 485 1133 568 perseipsum
1155 451 1334 550 'abiis-ram

17 605 42 658 ι,
84 604 161 665 quo
199 583 355 674 spiritibus
384 583 415 646 in
443 585 560 646 interno
582 583 712 646 detentis
734 583 927 663 praedicaret.
971 587 1033 650 lam
1053 607 1126 651 rere
1148 588 1249 668 ipsum
1320 597 1323 602 '

17 687 131 750 rbum
158 685 359 784 prapdicandi
382 665 476 767 §ralia
495 685 662 766 proiectum
684 693 741 758 est,
765 703 874 766 corpus
897 705 968 748 vero
989 688 1101 770 Ioseph
1122 691 1251 759 sindosm

17 789 177 852 solutum
218 788 249 849 in
276 787 423 868 Golgotba
450 785 606 868 deposuit,
642 786 841 882 ompibusque
868 788 1023 868 propalam
1053 791 1162 854 lactum
1192 799 1250 868 est,

17 909 108 970 rpus
136 909 213 952 non
235 885 484 962 ltdsse‘Verbum,
508 888 562 953 sed
576 887 665 950 Verbi
684 906 794 970 corpus
816 888 921 952 luisse.
965 888 1030 951 Hoc
1051 892 1161 971 ipsum,
1183 911 1250 961 eum

22 992 178 1054 mortuis
203 990 437 1065 resurrexisset,
467 989 600 1052 Thomas
622 970 1029 1071 contrectavit,'.firurasque
1049 991 1198 1074 clavorum
1219 996 1251 1058 in

17 1113 38 1154 o
66 1092 258 1174 conspexit,
281 1111 358 1172 quos
381 1091 509 1154 Verbum
530 1091 628 1172 ipsum
650 1091 844 1182 sustinuerat,
867 1093 938 1154 dum
959 1092 1029 1158 illos
1051 1089 1249 1174 corporisne

17 1195 67 1256 dit
91 1194 198 1274 affigi,
223 1199 320 1274 neone
341 1193 372 1256 id
393 1193 561 1291 prohibuit,
585 1209 652 1276 cum
673 1193 835 1274 probibere
856 1201 984 1275 posset,
1007 1195 1060 1258 sed
1083 1213 1158 1275 quae
1180 1213 1249 1257 cor-

17 1297 83 1360 oris
119 1305 218 1358 erant
238 1295 370 1380 ¹propria
404 1290 463 1358 sibi
499 1295 557 1376 ipsi
590 1295 770 1376 incorporeo
800 1296 955 1359 exsistenti
987 1297 1110 1376 propria
1142 1298 1251 1385 effecit

17 1396 162 1464 tuocir‘ca
188 1416 257 1460 cum
279 1417 297 1459 a
317 1397 456 1490 ministro
479 1415 589 1477 corpus
612 1397 801 1472 caederetur,
832 1398 917 1478 quasi
945 1398 1108 1478 ipsummet
1127 1405 1250 1482 patere-

17 1519 47 1560 rr
58 1487 74 1572 ,¹
101 1499 228 1566 aielut:
261 1499 343 1574 Quid
363 1517 409 1561 me
433 1495 556 1562 medie?
586 1482 636 1560 ’Et
662 1516 729 1560 cum
751 1497 882 1561 Verbum
910 1501 1016 1562 natura
1042 1511 1099 1584 'sue
1121 1499 1253 1562 intactile

17 1609 99 1674 sset,
124 1600 252 1664 dicebat
272 1609 387 1662 umen:
408 1599 545 1663 Dorsum
564 1617 662 1662 maim
685 1601 753 1662 dedi
772 1601 812 1662 od
831 1600 965 1681 adpelle,
987 1599 1133 1664 mucellos
1151 1613 1253 1679 eutem

17 1720 87 1764 teos
120 1703 165 1764 od
196 1701 322 1784 empne,
355 1691 642 1791 socimquelmeom
667 1705 906 1770 uon'oaertba
928 1702 1049 1784 probro
1078 1712 1251 1784 sputorum.

17 1801 82 1864 lam
107 1821 191 1884 quae
204 1802 377 1864 numanum
399 1801 486 1864 Verbi
508 1819 618 1882 corpus
639 1801 816 1882 patiebatur,
839 1803 913 1866 baec
929 1803 995 1882 ipsa
1008 1802 1150 1877 Verbum,
1172 1803 1254 1883 quod

17 1903 136 1983 :mpori
161 1903 355 1966 coniunctum
377 1911 451 1978 erat,
473 1903 511 1976 ad
533 1921 567 1966 se
589 1903 745 1979 referebat,
769 1912 802 1968 ut
821 1922 878 1966 nos
899 1903 988 1966 Verbi
1010 1903 1134 1966 Deitatis
1155 1903 1278 1985 perti-⁹

17 2004 95 2083 :ipes
118 2005 189 2066 fieri
210 2023 380 2085 possemus.
424 2005 465 2066 lic
485 2003 557 2067 illud
579 2005 880 2085 perquam'mirabile
901 2005 967 2080 suit,
988 2005 1069 2068 idem
1085 2005 1182 2069 luisse
1195 2017 1334 2085 persea

17 2105 93 2170 tiens
118 2115 149 2170 et
171 2125 235 2168 non
256 2101 388 2186 patiens,
402 2105 534 2191 ¹patiens
556 2105 691 2186 quidem,
715 2113 863 2187 quatenus
883 2105 1040 2187 proprium
1061 2105 1158 2186 ipsius
1181 2124 1252 2174 cor-

17 2225 70 2286 pus
94 2206 267 2288 patiebatur
289 2215 319 2270 et
340 2214 487 2287 quatenus
509 2207 541 2268 in
563 2205 632 2288 ipso
653 2205 786 2288 patiente
807 2214 886 2282 erat,
914 2225 976 2269 non
1003 2207 1122 2288 patiens
1144 2215 1253 2283 autem,

17 2309 85 2388 quia
106 2309 256 2382 Verbum,
287 2311 499 2390 commutant
513 2309 568 2372 sut
589 2307 669 2372 Deus
697 2310 753 2383 sit,
781 2309 966 2390 impassibile
995 2318 1052 2372 est.
1095 2309 1134 2371 Et
1154 2309 1254 2390 ipsum

19 2410 143 2487 quidem
165 2409 378 2490 incorporeum
399 2397 443 2472 in¹
450 2409 586 2490 passibili
608 2427 736 2490 corpore
758 2417 838 2486 erat,
868 2429 978 2492 corpus
1005 2429 1077 2472 vero
1100 2410 1131 2472 in
1153 2409 1254 2488 seipso

19 2509 124 2574 babuit
137 2511 267 2573 Verbum
282 2510 476 2599 impassibile,
499 2511 580 2592 quod
596 2511 693 2591 ipsius
715 2510 853 2592 corporis
867 2511 1056 2574 urbanitates
1072 2506 1254 2574 absumeret.
1268 2592 1271 2598 Ι

23 2610 179 2676 Caeterum
199 2613 258 2674 boc
277 2613 346 2676 ideo
369 2612 489 2693 agebat,
518 2619 549 2674 et
572 2612 614 2674 ita
636 2630 670 2674 se
691 2630 742 2674 res
762 2611 908 2687 babebat,
935 2619 969 2674 ut
995 2621 1102 2674 nostra
1122 2610 1254 2673 Verbum

28 2713 193 2795 suscipiens
216 2715 406 2798 offerensque
434 2713 465 2774 in
487 2713 672 2800 Sacrificium
691 2713 813 2793 penitus
829 2711 1024 2786 absumeret,
1053 2729 1088 2773 ac
1114 2710 1254 2789 deinceps

29 2815 89 2878 suis
116 2835 173 2878 nos
200 2815 327 2878 induens
347 2815 500 2896 ¹Apostolo
528 2815 603 2878 haee
630 2813 747 2876 decadi
777 2811 968 2876 occasionem
995 2810 1094 2873 daret:
1125 2810 1256 2890 Oportet

33 2917 225 2999 corruptibile
254 2917 309 2981 loe
335 2918 464 2982 iuduere
485 2919 749 2998 incorruptionem
770 2925 800 2980 et
820 2913 951 2976 mortale
973 2912 1030 2976 loc
1050 2911 1178 2976 iuduere
1199 2913 1257 2971 ιἰιι-

32 3019 251 3084 mortalitatem.
436 3083 459 3112 ,
810 3019 813 3028 “

117 3123 147 3183 7.
186 3119 265 3182 llaec
285 3127 385 3182 autem
406 3137 468 3181 non
490 3119 610 3181 fictione
630 3119 706 3180 laeta
728 3124 816 3192 sunt,
845 3114 1093 3196 quemadmodum
1121 3111 1257 3174 nonnulli

40 3221 248 3296 existimarunt,
277 3219 372 3296 absit,
401 3221 454 3283 sed
478 3219 633 3284 salvatore
654 3236 726 3282 rere
746 3217 868 3282 bomine
890 3218 968 3280 lacto
990 3216 1061 3278 binc
1081 3214 1174 3277 totius
1196 3214 1255 3275 bo-

41 3309 122 3385 minis
144 3322 220 3386 salus
242 3329 426 3404 consequuta
448 3330 504 3385 est.
546 3322 622 3384 Nam
644 3320 671 3382 si
692 3313 813 3382 fictione
834 3318 975 3381 duntaxat
989 3315 1117 3380 Verbum
1139 3315 1170 3376 in
1185 3332 1256 3376 cor·
1336 3351 1338 3358 ·
1457 3327 1461 3340 ·

42 3439 108 3499 pore
129 3424 193 3498 luit,
224 3431 259 3485 ut
279 3424 321 3486 illi
342 3431 511 3499 autumant,
534 3431 565 3485 et
587 3423 614 3484 si
635 3423 717 3502 quod
737 3421 845 3485 dicitur
866 3421 986 3484 fictione
1009 3437 1078 3480 esse
1099 3416 1264 3498 phantasia.

46 3530 100 3597 est,
134 3525 261 3603 sequitur
289 3534 323 3586 ut
349 3525 515 3588 secundum
541 3523 752 3604 impiissimum
778 3521 983 3586 blanlchaeum
1016 3517 1116 3600 speeie
1143 3523 1258 3582 tantum

49 3615 125 3720 teum
150 3623 223 3712 salus
251 3633 282 3686 et
308 3626 489 3688 resurreetio
510 3626 665 3688 bominum
687 3624 752 3688 fieri
774 3624 898 3686 dicatur.
940 3621 1050 3683 Verum
1072 3631 1259 3697 nequaquam

52 3801 108 3854 latre
129 3807 217 3868 sepnor.
242 3809 333 3871 lnglie
358 3808 456 3862 Gobler.
475 3809 580 3860 Velelm.
593 3811 616 3861 1,
668 3809 816 3860 Culleone
827 3797 1258 3868 Tole.p.1185.],itemspnodo

32 3868 133 3926 ¹lbeod.
149 3865 188 3922 ἵνα
204 3869 286 3941 ἡμεῖς.
384 3923 387 3928 ,
668 3877 815 3928 chalcedon.
834 3873 921 3940 [densi
939 3873 1008 3922 Tem.
1019 3871 1056 3920 Vl.
1074 3881 1129 3932 pag.
1146 3859 1218 3929 ste]
1236 3871 1260 3914 et
1351 3921 1355 3931 f

83 3941 260 4004 estesnoer.
278 3951 302 3994 et
320 3943 442 3994 Vbeodor.
478 3958 523 3992 aas
541 3945 618 3994 secuti
668 3944 732 4008 epod
751 3937 1024 4005 llereatoremp.1li.
1057 3931 1149 3995 dicam
1166 3931 1259 3997 §ruod

54 4017 134 4058 sonos.
164 4009 219 4060 Editi
236 3997 270 4070 ἦν
288 4003 302 4058 ὁ
320 4004 436 4076 πάσχων
444 3959 506 4076 pir,
518 4000 561 4058 ὅτι
571 4017 618 4060 etc.
669 4011 815 4062 Cbsleedon.
834 4009 907 4078 babet
924 4007 1059 4072 appositive,
1079 4003 1198 4052 lderertor
1212 4013 1259 4076 pu-

54 4071 109 4122 inira
125 4076 212 4138 seruet.
229 4078 328 4130 Gobler.
346 4087 370 4130 et
387 4079 492 4129 ielckm.
512 4079 535 4130 1.
553 4071 619 4132 θεὸς
668 4082 770 4140 tetiam,
796 4078 837 4128 alit
862 4077 1001 4140 adoptione,
1026 4085 1072 4121 nos
1090 4083 1144 4120 eam
1164 4067 1259 4116 Petauo

57 4129 177 4208 doiiyor.
492 4190 496 4198 ,
667 4149 768 4210 tetiam,
788 4153 812 4195 et
830 4145 866 4193 sic
881 4141 1020 4192 vertendum
1040 4141 1179 4199 essepatet
1207 4131 1260 4182 lior

27 4228 30 4234 ·
77 4208 100 4284 d·
121 4209 204 4262 Gobler.
227 4220 251 4262 et
273 4213 380 4263 Felclm.
400 4213 423 4263 1.
442 4203 618 4279 ἀφανίζοντα
668 4212 742 4262 lircil.
760 4205 904 4276 ὑπέβαλον.
942 4207 994 4258 Μαι
1013 4195 1260 4261 ὄνιωαᾶληθῆίία·

58 4285 100 4336 μεν
119 4271 265 4332 adrieeroei
283 4271 435 4334 ἀσθενείας.
474 4281 505 4330 Se
523 4295 574 4330 aar.
593 4287 618 4330 et
667 4279 730 4330 bier.
749 4279 856 4330 Felebm.
873 4277 895 4326 i.
913 4277 988 4337 Sego.
1024 4273 1098 4324 Panlo
1116 4266 1258 4345 postGobl.

60 4339 135 4418 lbeod.
150 4337 311 4412 ἀφανίζοντα
333 4342 387 4414 μὲν
403 4295 618 4400 ressedentes
669 4355 693 4397 et
707 4346 811 4396 Felclm.
826 4346 847 4394 1.
867 4331 1165 4407 ὅλαιςιαῦανθραίιιαυ,
1198 4334 1260 4383 lbrd.

61 4411 130 4490 “qiud
143 4409 328 4496 rodocipatoc.
366 4415 428 4493 §diij
442 4406 618 4479 ἀφανίζοντα
667 4407 874 4478 ἐγένεταΕρΙιιι.
906 4411 971 4488 lutra
985 4395 1256 4485 llpbes.‹pmeeiat.

63 4481 619 4615 “iiiii’riiiiiiieii‘eiiii'i‘iinr
668 4477 951 4612 nl·„ltit'[i.‘¹tt'2⁰.
970 4469 1258 4606 tit.”t.⁰15¹¹''¹⁰‘¹⁰‘¹¹¹''

92 4630 253 4684 trnrtsuore.
265 4647 336 4682 ιοιι.
351 4646 400 4680 ιιι.
979 4627 983 4636 ’
1024 4624 1057 4675 53
