3110 5064
275 317 316 384 34
675 333 700 376 s
716 331 870 378 ιτσιαιειι
885 331 1109 378 nemmem

187 499 266 586 τετε
276 482 496 608 ίγενήθηεαν
517 474 617 559 αὐτὸς
638 479 830 561 έ,νετείλατο
853 483 908 548 καὶ
932 479 1134 568 ἐκτίσθησαν
1142 483 1172 560 ’ί
1211 485 1263 558 τίς
1276 483 1382 546 τοίνυν
1396 477 1526 554 ἐστίν

275 572 304 672 ᾧ
326 578 345 649 6
366 581 450 660 θεὸς
471 581 663 661 ἐνετείλατο,
686 581 742 647 ἵνα
764 583 817 648 καί
840 570 938 660 οὗτος
958 584 1100 701 κτισθῇ,Ι
1131 575 1274 648 εἶναι
1238 603 1300 666 γαρ
1323 579 1370 646 δεῖ
1390 577 1475 663 λόγον,

276 673 315 772 ᾦ·
333 685 517 752 ἐντέλλεται
545 677 683 760 όθεός,
707 681 820 750 καίέν
803 670 935 768 νῷτά
958 681 1132 770 ποιήματα
1153 682 1306 762 κτίζεται.
1351 673 1413 746 δλλ
1434 673 1477 744 οῦκ

276 779 317 854 δν
340 785 445 869 ἔχοιτε
468 784 614 864 δεῖξαι“
596 807 706 870 ετερον
728 777 823 870 ’παρ’
849 781 886 850 ὃν
909 780 1069 908 ήιρνεῖσθε
1091 782 1197 868 λόγον,
1223 783 1253 850 εἰ
1274 781 1318 870 μή
1342 779 1402 904 δρα
1420 779 1478 846 τινὰ

276 878 421 955 πάλιν”
403 909 531 954 εννοιαν
554 883 759 974 έπινοήσητε.
806 883 861 953 ναὶ
881 885 951 972 γάρ,
976 877 1157 974 φήσουσιν,
1182 880 1335 971 εῦρομεν
1357 879 1393 968 ήν
1412 904 1479 948 ποτε

277 988 438 1076 λεγόντων
465 1013 520 1055 και
547 991 614 1053 τῶν
642 990 721 1072 περὶ
744 983 951 1074 Εόσέβιον)
933 985 1075 1054 τ’κουσα·
1106 985 1163 1054 διὰ
1190 989 1291 1054 τοῦτο
1313 985 1465 1052 πλέον·
1428 1009 1478 1048 ταν

277 1089 387 1158 ἄλλων
410 1089 493 1174 ἔχειν
514 1087 572 1156 τὸν
594 1092 653 1156 τοῦ
675 1092 760 1156 θεοῦ
783 1087 864 1169 υἱόν,
887 1091 1000 1156 καλέ
965 1090 1123 1175 λέγεσθαι
1143 1091 1303 1176 μονογενῆ
1318 1090 1426 1153 τοῦτον
1439 1106 1480 1150 νο·

277 1191 422 1277 μίζομεν,
448 1189 563 1277 ἐπειδὴ
585 1189 687 1274 μόνος
707 1192 767 1274 μὲν
791 1184 890 1269 αῦτός
911 1195 1039 1275 μετέχει
1058 1193 1118 1256 τοῦ
1140 1188 1279 1278 πατρός,
1303 1188 1345 1256 τὰ
1366 1182 1395 1254 δ’
1414 1179 1479 1253 όλλό

276 1290 389 1361 πάντα
410 1295 469 1360 τοῦ
492 1291 565 1358 υἱοῦ
587 1297 724 1375 μετέχει.
769 1291 947 1378 τετιμήκασι
976 1293 1036 1375 μέν
1059 1281 1116 1358 οῦν
1138 1289 1199 1379 ήδη
1221 1288 1480 1378 μεταβαλλόμενοι

275 1397 331 1462 καὶ
353 1392 636 1480 μεταλλάσσοντες
663 1391 706 1458 τὰ
727 1391 858 1479 ῥήματα
879 1389 988 1472 ὠςτὰ
1008 1391 1181 1478 χρώματα·
1211 1391 1438 1481 δειχθήσονται
1454 1387 1480 1452 66

277 1492 369 1580 ὅμως
390 1497 445 1561 καί
467 1489 642 1572 Ιὀδόντος(
617 1519 663 1572 ως
685 1493 717 1559 ολ
740 1493 835 1560 έκ
796 1519 854 1582 της
875 1498 962 1583 γῆς’)
984 1496 1246 1582 κενολογοῦντες,
1278 1496 1331 1562 καί
1354 1488 1481 1574 κυλιόμε-

277 1619 332 1664 νοι
354 1592 399 1675 69
421 1594 455 1662 ἐν
476 1594 628 1682 βορβόρῳ
650 1605 724 1673 ταῖς
747 1594 849 1675 ἰδίαις
871 1596 1022 1675 ἐννοίαις

367 1704 414 1765 10.
459 1696 583 1782 Είμέν
566 1695 665 1784 νγόιρ
689 1696 813 1777 ἐκεῖνος
833 1700 893 1782 μέν
915 1722 973 1764 του
958 1699 1073 1765 θεοῦ
1090 1695 1170 1778 υἱός,
1192 1695 1291 1785 ημείς
1306 1698 1343 1764 66
1357 1719 1412 1761 του
1425 1690 1481 1756 οιοο

277 1799 345 1867 αδολ
367 1798 593 1884 καλούμεθα,
617 1789 810 1867 πιθανόν
790 1825 829 1886 ην
852 1794 960 1866 αῦτιῦν
982 1799 1021 1866 τὸ
1044 1797 1201 1882 πλάσμα
1230 1800 1259 1867 εί
1283 1800 1320 1866 66
1341 1799 1397 1864 τοῦ
1418 1791 1529 1860 θεοῦ
1528 1839 1529 1872 3

276 1903 331 1968 καλ
351 1896 448 1986 ήμείς
470 1901 535 1967 υίοι
558 1899 734 1986 λεγόμεθα,
758 1891 797 1967 οῦ
819 1904 874 1969 καί
896 1898 996 1980 αῦτός
1018 1900 1107 1968 ἐστιν
1129 1899 1209 1982 υἱός,
1233 1893 1394 1988 *6520st
1376 1921 1424 1964 οτι
1442 1893 1483 1958 καὶ
1528 1893 1529 1968 λ

276 1996 373 2088 ἡμεῖς
403 2003 463 2067 τοῦ
495 2000 624 2087 πατρὸς
654 2008 831 2088 μετέχομεν
863 2006 922 2070 τοῦ
955 2005 1121 2089 λέγοντος·
1156 2000 1247 2082 υίυῦς
1276 2002 1425 2088 ἐγέννησα
1442 1993 1484 2060 καὶ

277 2097 439 2188 ῦψωσαἿ.
486 2100 580 2190 εἰμὴ
602 2101 663 2190 γὰρ
685 2111 875 2189 μετείχομεν
899 2099 1015 2184 αῦτοῦ,
1039 2097 1098 2170 οῦκ
1120 2103 1242 2190 έλεγεν·
1273 2104 1431 2191 ἐγέννησα.
1463 2093 1484 2160 ελ

279 2203 316 2272 66
338 2197 438 2281 αῦτός
460 2202 641 2290 ἐγέννησεν,
665 2200 723 2288 οῦχ
746 2205 856 2292 ἕτερος
878 2201 947 2274 ἀλλ’
972 2200 1072 2284 αὐτὸς
1093 2200 1186 2292 ἡμῶν
1208 2204 1281 2273 έστι
1303 2203 1424 2290 πατήρ·
1443 2197 1484 2264 καὶ
1529 2219 1530 2288 3

278 2299 316 2372 οῦ
351 2305 504 2392 διαφέρει
536 2303 657 2385 πάλιν,
695 2305 725 2372 εἰ
752 2308 855 2374 πλέον
883 2307 1019 2386 έκεῖνος
1034 2307 1101 2390 ἐ’χτι
1128 2311 1184 2374 καί
1204 2311 1340 2432 ιτρῶτγιν
1354 2312 1485 2430 γέγονα·

276 2400 373 2492 ήμείς
395 2406 430 2473 66
454 2406 483 2474 εἰ
506 2406 650 2488 ἔλαττον,
673 2405 770 2476 καλ”
749 2431 886 2496 υστερον
907 2408 1092 2496 γεγόναμεν,
1116 2408 1180 2488 έιος
1193 2413 1252 2478 τοῦ
1267 2407 1370 2478 αὐτοῦ
1384 2405 1487 2478 πάντες

277 2513 454 2592 μετέχομεν
476 2510 530 2574 καί
552 2511 611 2574 τοῦ
633 2503 735 2575 αὐτοῦ
757 2509 886 2598 πατρὸς
908 2512 974 2578 υἱοὶ
996 2510 1171 2638 λεγόμεθα.
1202 2511 1319 2603 τὸγὰρ
1334 2503 1485 2580 πλέονκαλ

278 2603 473 2678 &most
437 2633 475 2676 ου
498 2607 557 2698 τήν
579 2607 679 2698 φῦσιν
702 2608 803 2699 άλλην
826 2613 877 2680 δεί
864 2619 1005 2681 ί·κνυοιν
1030 2611 1156 2701 ἑκάστῳ
1178 2613 1241 2703 γάρ
1262 2640 1323 2696 τις
1345 2596 1485 2701 άρττῆςλ

276 2713 398 2799 πρᾶξις
419 2714 518 2779 τοῦτο
541 2718 759 2800 τεροςτίθησι·
786 2711 880 2780 καίκ
864 2739 882 2780 ο
903 2715 964 2800 μέν
987 2715 1044 2782 έντί
1066 2716 1145 2784 δέκα
1167 2716 1316 2798 πόλεων,
1348 2712 1423 2783 666
1441 2705 1486 2774 616

275 2820 376 2883 πέντε
403 2819 624 2881 καθίσταται
624 2827 653 2894 ί·
681 2819 735 2883 καί
765 2817 798 2883 οί
823 2819 883 2900 μὲν
912 2817 1111 2898 καθέζονται
1133 2817 1189 2885 ἐντὶ
1212 2817 1340 2886 δώδεκα
1361 2809 1488 2903 θρόνους

275 2922 440 2999 κρίνοντες
461 2914 522 2992 τὰς
544 2915 671 2982 δώδεκα
694 2915 802 3002 φυλὰς
823 2920 882 2982 τοῦ
901 2912 1076 3006 ’loparjm
1101 2913 1234 2986 0666’
1215 2920 1390 2989 ακοῦουσι·
1412 2913 1489 2982 δεῦτέ

276 3013 310 3078 σί
332 3008 545 3101 εὐλογημένοι
566 3018 624 3080 τοῦ
646 3013 774 3102 πατρός
794 3038 876 3100 μου·
900 3025 969 3082 καί·
993 3008 1028 3084 εῦ
1051 3022 1147 3089 δοῦλε
1170 3017 1277 3120 ῦγαθὲ
1294 3048 1352 3090 και
1341 3015 1487 3090 ττιστέῦ

275 3116 415 3180 τοιαῦτα
435 3115 496 3198 μέν
519 3103 576 3180 οῦν
599 3115 719 3182 ἐκεῖνοι
741 3120 939 3204 φρονοῦντες
965 3119 1099 3202 εἰκότως
1115 3123 1338 3244 φαντάζονται
1353 3117 1488 3192 τοιοότθί

277 3213 351 3280 υλοῦ
379 3209 431 3281 άελ
459 3213 505 3302 μή
535 3210 619 3283 εἶναι
641 3215 803 3285 τὸνθεόν
827 3227 970 3308 πατέρα,
999 3224 1161 3310 μηδὲτον
1183 3229 1334 3293 τοιοῦτον
1358 3212 1489 3294 υἱὸνόεῖ

155 3337 268 3380 nm
279 3309 380 3396 εἶναι,
410 3310 479 3383 ἀλλ’
505 3311 675 3396 έξοῦκ”
655 3343 760 3387 οντων
787 3327 909 3408 κτίσμα
937 3327 1151 3448 γεγενῆσθαι,
1174 3329 1227 3393 καὶ
1248 3326 1293 3416 μή
1317 3322 1402 3396 εἶναι
1423 3319 1489 3404 ττρλν

276 3420 434 3504 γεννηθῇ·
457 3415 558 3497 άλλος
579 3419 640 3506 γάρ
663 3411 815 3490 έστιν
774 3447 872 3540 ουτος
893 3426 988 3513 παρὰ
1008 3417 1489 3552 τόγάληθινὸντοῦθεοῦυίόν

277 3517 452 3606 ἐπειδὴδὲ
474 3523 579 3588 ταῦτα
600 3522 745 3607 λέγειν”
727 3549 777 3590 ετι
798 3525 935 3605 τούτους
957 3521 1015 3594 οῦκ
1037 3527 1126 3594 έστιν
1150 3523 1271 3652 εῦαγές,
1293 3533 1420 3616 μᾶλλον
1439 3520 1490 3610 γὰί

275 3619 511 3688 Σαδδουκαίων
532 3625 586 3689 καί
608 3626 667 3690 τοῦ
684 3630 906 3710 Σαμοσατέως
926 3627 997 3696 ἐστὶ
1020 3633 1118 3696 τοῦτο
1140 3630 1179 3696 τὸ
1202 3632 1373 3752 φρόνημα·
1396 3634 1491 3697 λείπει

275 3719 342 3848 ἄρα
362 3719 446 3789 κατὰ
466 3722 525 3808 τὴν
547 3723 660 3812 ἑτέραν
684 3727 849 3809 διάνοιαν,
873 3725 950 3796 καθ’
973 3728 1012 3816 ήν
1030 3725 1138 3799 Ἰσαδικ
1159 3736 1218 3800 τοῦ
1238 3729 1392 3822 Ἀβραάμ
1414 3731 1490 3800 ἐστίν

275 3821 363 3920 υιός,
394 3824 498 3908 λέγειν
529 3819 689 3895 εἶναικαὶ
711 3828 769 3896 τόν
791 3833 849 3896 τοῦ
872 3831 1066 3900 θεοῦυὶόν·
1089 3835 1128 3902 τό
1150 3834 1212 3921 γὰρ
1235 3837 1269 3903 έκ
1290 3861 1382 3917 τινος
1405 3830 1492 3924 φύσει

274 3924 475 4018 γεννώμενον
502 3929 556 3994 καὶ
575 3926 630 4048 μή
659 3929 823 4008 έξιαθεν’
808 3932 945 4018 επικτιόγ
947 3958 1032 4000 ιενον
1054 3934 1127 4002 οἶόν
1149 3931 1278 4004 οἶδεν“
1259 3965 1280 4024 η
1304 3937 1419 4026 φύσις,
1446 3927 1490 3997 ²³²

274 4029 373 4095 τοῦτο
395 4031 454 4094 τοῦ
477 4021 640 4112 ὀνόματός
663 4029 788 4097 ἐστι
755 4044 794 4098 ’το
809 4034 1068 4121 σημαινόμενονΙ
1113 4025 1162 4123 ἆρ’
1188 4029 1246 4104 οῦν
1270 4033 1491 4122 άνθρωιτοντο

274 4125 381 4214 669‘
363 4155 383 4216 η
405 4133 464 4196 τοῦ
486 4131 618 4217 υίσῦγέ
582 4137 748 4220 γέννησις,·
781 4137 879 4224 τοῦτο
902 4136 963 4224 γὰρ
987 4141 1070 4218 ισιος
1091 4163 1152 4204 κατ
1148 4133 1318 4220 ’ἐκείνους
1339 4167 1392 4210 και
1409 4131 1490 4208 αότθί

345 4297 368 4352 λλ
388 4301 450 4350 ΡιοΙ.
470 4301 502 4352 33
522 4299 574 4367 [32.
594 4301 680 4370 Lm,
699 4306 723 4357 3
807 4306 832 4366 2)
852 4307 916 4358 loun.
937 4309 960 4370 3,
980 4309 1020 4359 31.
1090 4311 1116 4370 3)
1134 4311 1187 4362 Εεο.
1206 4313 1228 4366 1
1248 4313 1271 4362 2
1341 4313 1368 4372 4)
1386 4316 1440 4364 [αα
1460 4305 1492 4360 19

277 4365 315 4415 ιτ.
336 4365 375 4416 ιο.
445 4369 471 4430 ογ
490 4372 569 4420 ουτοι.
591 4374 630 4434 ιο,
650 4373 690 4425 νε
760 4375 786 4435 ο)
804 4375 885 4425 κατε.
904 4376 945 4436 τε,
964 4377 1005 4426 οι
1025 4388 1046 4428 ει
1065 4379 1106 4430 ιο.

308 4499 330 4532 ι.
349 4484 404 4546 Reg.
430 4481 511 4566 παρὰ
537 4484 586 4536 τὸν
610 4481 748 4556 όρνεῐσθε.
797 4492 863 4542 Idem
951 4495 973 4542 b.
993 4495 1048 4558 ίίες.
1070 4487 1156 4549 οὕτως
1174 4490 1211 4551 (δε
1229 4512 1263 4548 οι.
1291 4499 1336 4550 Alii
1356 4509 1380 4552 εί
1398 4483 1493 4551 6666

277 4539 441 4616 paulopost
426 4569 459 4614 ην
475 4551 556 4619 σοτέ;
576 4561 700 4610 mendum
916 4563 1035 4614 οαιίιίαοί.
1142 4585 1146 4590 ·
