3110 5064
361 375 505 420 arrarum
521 375 559 418 on
573 374 717 418 usensms
732 375 876 418 nronmme
893 375 1011 418 ersom.
1259 358 1299 422 39

88 547 168 609 posse
194 527 416 606 intelligendum
443 534 507 600 est;
542 525 650 606 quippe
665 543 746 588 rcum
775 525 833 604 ipsi
861 525 949 588 etiam
978 525 1116 588 homines
1145 527 1386 607 propriumnere.

88 630 196 692 verbum
227 627 300 692 eitra
334 629 509 692 divisionem
543 645 577 689 ec
607 627 680 690 nihil
714 626 854 706 patiendo
880 628 1058 706 producant:
1090 626 1184 692 multo
1213 627 1303 708 igitur

88 731 168 810 magis
190 730 268 792 Beue
291 749 378 794 suum
400 729 527 791 Verbum
549 727 643 808 gignit
664 727 776 808 ebsepre
798 727 857 788 ulla
871 728 1016 792 divisione
1031 729 1164 807 nihilque
1179 730 1302 793 omuino

89 833 224 913 patiendo.
270 832 346 894 lline
372 850 444 893 sane
472 832 537 911 ipse
566 840 599 892 ut
620 829 748 892 Verbum
770 830 807 890 ad
830 829 961 892 dextram
983 831 1079 892 Patris
1103 831 1205 906 sedet3
1233 849 1302 894 nam

90 935 132 996 ubi
154 943 197 996 est
216 934 321 1008 Pater,
344 932 403 996 illic
425 939 454 994 et
476 933 540 994 eius
563 931 692 994 Verbum
715 939 779 1006 est3
807 950 863 992 uos
886 941 999 1004 autem,
1022 941 1159 1011 tanquam
1181 951 1232 996 res
1256 935 1301 996 la·

90 1045 158 1110 ctae,
178 1054 278 1098 eoram
301 1053 337 1096 eo
361 1043 474 1096 sumus
497 1031 654 1096 iudicandi.
698 1032 751 1094 llle
772 1031 929 1108 adoratur,
952 1034 1019 1113 quia
1041 1032 1183 1096 adorandi
1204 1035 1302 1097 Patris

88 1146 128 1200 εει
145 1137 248 1210 Filius3
279 1155 335 1198 nos
364 1155 435 1216 pero
463 1135 639 1208 adoramus,
671 1133 830 1196 llominum
861 1153 928 1195 eum
951 1143 980 1194 et
1001 1133 1095 1196 Deum
1117 1135 1303 1211 confitentes,

89 1239 145 1316 quia
165 1239 275 1300 scilicet
298 1238 387 1300 creati
410 1237 579 1316 diversique
603 1236 639 1298 ab
661 1234 712 1296 illo
736 1253 850 1298 sumus.

162 1647 208 1707 ta.
253 1643 338 1714 Quae
360 1661 426 1704 cum
449 1641 489 1702 ita
510 1641 580 1715 sint,
604 1641 743 1714 attendet,
766 1657 888 1719 quaeso,
912 1641 961 1720 qui
985 1640 1112 1701 voluerit
1132 1640 1301 1714 interillos,

88 1743 236 1823 eristatque
267 1743 390 1822 aliquis,
424 1743 474 1822 qni
505 1749 538 1802 ut
567 1761 620 1803 eos
644 1741 758 1819 pudore
778 1741 899 1810 alliciat,
933 1741 969 1802 ab
992 1741 1099 1802 iisdem
1122 1741 1301 1828 sciscitetur,

88 1851 172 1905 uuum
194 1847 238 1907 las
262 1844 304 1906 sit
325 1843 365 1917 id,
388 1844 468 1922 quod
491 1863 525 1905 ex
549 1844 612 1905 lieo
636 1851 681 1904 est
704 1849 734 1902 et
756 1843 895 1923 proprius
915 1841 983 1904 eius
1007 1851 1053 1902 est
1076 1843 1170 1914 letus,
1194 1860 1230 1904 ex
1251 1842 1300 1902 ui·
1405 1919 1408 1926 Ι

86 1941 136 2005 bilo
163 1963 226 2008 esse
256 1945 374 2020 dicere,
402 1963 438 2006 en
470 1945 541 2006 item
570 1945 666 2024 possit
687 1944 733 2005 vel
755 1944 852 2006 solum
876 1944 906 2004 iu
929 1952 1059 2004 mentem
1083 1943 1168 2005 alicui
1189 1943 1300 2017 venire,

87 2045 110 2104 id
129 2047 201 2125 qued
223 2066 262 2109 ex
277 2046 340 2108 Deo
362 2055 417 2120 εει,
441 2046 537 2108 eidem
560 2046 712 2118 accidisse,
736 2045 775 2106 ite
797 2054 831 2106 ut
851 2046 949 2108 dicere
971 2045 1087 2119 audeat,
1110 2045 1217 2107 Filium
1240 2062 1301 2107 non

87 2165 191 2227 semper
222 2167 303 2210 esse.
348 2149 460 2228 Nempe
493 2149 541 2210 bie
574 2167 679 2210 rursus
714 2147 867 2208 bominum
897 2147 1090 2225 cogitationes
1120 2155 1241 2226 superet
1273 2153 1303 2208 et

87 2250 254 2312 transcendit
278 2249 341 2310 Filii
370 2251 531 2329 generatio.
575 2250 637 2310 Nos
654 2248 744 2310 venim
767 2248 957 2328 propriorum
980 2248 1107 2311 filiorum
1130 2255 1211 2309 certo
1234 2255 1301 2308 tan-

87 2359 137 2412 tum
163 2360 299 2430 tempore
327 2361 428 2430 patres
456 2351 615 2425 ellieimur,
644 2349 752 2430 quippe
781 2349 831 2430 qui
860 2369 926 2412 cum
957 2358 1042 2412 antea
1071 2368 1131 2412 non
1154 2366 1300 2420 essemus,

87 2462 176 2528 postea
197 2451 267 2514 lecti
291 2453 454 2526 fuerimus,
483 2452 629 2524 utilene,
659 2471 724 2512 cum
748 2470 867 2529 semper
890 2453 945 2524 sit,
975 2469 1094 2530 semper
1115 2467 1233 2530 quoque
1255 2457 1304 2510 est

86 2551 141 2614 Filii
160 2553 256 2616 Pater.
302 2555 380 2616 Sane
407 2573 505 2616 rerum
536 2563 700 2614 creatarum
729 2553 880 2632 generatio
909 2571 943 2614 ex
974 2551 1166 2614 similitudine
1188 2568 1301 2630 cogno-

88 2654 181 2728 scitur,
207 2657 278 2736 quia
306 2675 377 2716 vero
402 2656 493 2718 Nemo
523 2661 607 2718 nouit
630 2655 741 2716 Filium
763 2659 825 2716 nisi
846 2653 953 2724 Peter,
977 2672 1070 2733 neque
1092 2652 1215 2714 Putrem
1237 2655 1303 2731 puio

88 2762 160 2818 nouit
180 2763 243 2820 nisi
264 2757 362 2822 Filius
393 2769 418 2819 et
442 2761 492 2819 cni
513 2756 608 2819 Filios
633 2756 833 2822 revelaverit,
866 2753 975 2814 idcireo
999 2752 1114 2824 Sancti,
1144 2749 1252 2830 quibus
1274 2749 1304 2810 id

87 2856 166 2918 l'ilius
187 2860 342 2931 revelavit,
366 2858 522 2938 imaginem
545 2857 691 2937 quandam
714 2876 747 2916 ex
770 2855 861 2916 rebus
883 2851 1114 2932 aspectabilibus
1136 2851 1224 2913 nobis
1246 2851 1304 2911 bu·

88 2958 203 3022 iusmodi
233 2960 333 3022 serbis
363 2960 559 3040 reliquerunt:
592 2961 654 3033 Qui
683 2977 748 3020 eum
778 2961 818 3018 eit
847 2955 993 3038 splendor
1013 2953 1131 3034 plurim
1154 2964 1182 3014 et
1202 2952 1305 3032 fipuro

89 3063 264 3126 substantioe
288 3066 370 3134 elon
395 3063 569 3124 etiterum:
596 3062 748 3134 Querela-m
770 3060 852 3140 opud
874 3072 902 3122 te
925 3067 970 3118 εει
990 3058 1063 3135 sone
1087 3059 1175 3126 nilne,
1196 3058 1231 3116 'in
1255 3054 1304 3115 ln-
1378 3039 1392 3050 ”

88 3167 153 3222 niae
184 3175 237 3226 tuo
270 3165 435 3226 uidebimus
468 3163 579 3226 lumen.
626 3161 751 3222 Verbum
783 3160 853 3220 item
882 3157 1023 3218 lsraelem
1055 3155 1215 3234 obiurgans
1248 3155 1303 3216 ait:

88 3261 273 3346 dereliquisti
293 3265 409 3343 fontem
432 3269 611 3344 sapientiem
634 3263 699 3342 ipse
722 3280 813 3340 porro
837 3268 883 3322 est
905 3261 983 3332 lons,
1007 3258 1057 3338 qrri
1079 3257 1163 3319 dicit:
1189 3255 1234 3318 lle
1251 3258 1304 3318 de-

90 3365 267 3444 reliquerunt
288 3366 404 3444 sontem
427 3385 521 3447 oquae
544 3369 639 3426 vinee.
684 3363 764 3424 llaec
785 3374 882 3424 autem
906 3360 1037 3440 exempla
1060 3359 1129 3420 licet
1149 3357 1221 3418 levia
1245 3357 1305 3418 sint

89 3463 231 3528 admodum
256 3475 287 3528 ct
308 3466 436 3528 obscura
457 3466 494 3526 ad
518 3465 546 3526 id
569 3465 649 3546 quod
671 3464 805 3543 cupimus
829 3462 1064 3542 exprimendum,
1088 3479 1123 3522 cx
1145 3457 1191 3521 his
1206 3469 1304 3520 tamen

89 3565 196 3646 intelligi
227 3575 328 3646 potest
360 3567 483 3647 aliquid,
518 3567 597 3646 quod
631 3565 671 3626 sit
692 3581 780 3644 supra
804 3563 955 3624 bominum
979 3570 1130 3634 naturam,
1162 3579 1218 3626 nee
1238 3558 1305 3619 Filii

91 3669 298 3744 generationem
321 3675 442 3730 nostrae
465 3687 532 3730 esse
555 3666 693 3730 similem.
739 3665 813 3737 Quis
837 3664 914 3726 enim
939 3664 984 3725 vel
1006 3662 1182 3743 cogitatione
1204 3661 1304 3738 lingat,

92 3785 142 3830 uon
163 3791 229 3832 esse
250 3769 407 3849 aliquando
431 3769 635 3849 splendorem,
669 3775 702 3828 ut
730 3765 835 3828 audeat
862 3765 1058 3838 contendere,
1091 3782 1152 3825 non
1186 3777 1306 3838 semper

91 3869 175 3932 luisse
195 3872 316 3947 Filium,
345 3871 389 3931 vel
413 3887 476 3932 non
496 3871 608 3941 luisse,
637 3867 810 3949 priusquam
834 3875 915 3929 esset
936 3863 1076 3945 genitus?
1120 3863 1177 3924 but
1199 3858 1265 3939 quis
1289 3876 1305 3916 a

91 3971 146 4032 sole
167 3973 354 4052 splendorem
378 3972 536 4054 separabit,
559 3979 610 4032 aut
631 3971 744 4032 lentem
765 3968 822 4030 vita
844 3969 1000 4048 aliqnando
1024 3964 1198 4027 destitutum
1220 3957 1304 4037 cogi-

92 4070 163 4144 tabit,
186 4081 217 4134 ut
235 4073 390 4136 insaniens
413 4073 507 4148 dicat,
524 4091 559 4134 er
581 4071 673 4134 nihilo
696 4089 764 4132 esse
782 4070 898 4142 Filium,
922 4069 971 4148 qui
995 4067 1059 4146 ipse
1082 4063 1136 4123 ait:
1160 4061 1222 4144 Epo
1239 4079 1307 4122 som

91 4177 155 4245 nito,
177 4175 220 4235 vel
241 4195 309 4237 eum
332 4195 349 4236 a
372 4174 538 4237 substantia
559 4171 657 4234 Patris
680 4191 748 4233 esse
771 4171 935 4238 diversum,
959 4167 1009 4244 qui
1033 4164 1111 4225 idem
1134 4161 1219 4224 dicit:
1246 4161 1310 4234 Qui

91 4289 130 4334 me
150 4276 233 4350 videt,
256 4279 336 4340 uidet
358 4287 386 4340 ει
402 4272 547 4338 Putrem?
591 4272 735 4335 Nimirum
759 4291 825 4332 cum
839 4268 938 4330 Sancti
961 4267 1034 4326 baec
1056 4281 1112 4325 nos
1134 4265 1173 4326 ita
1195 4261 1306 4325 intelli·

122 4475 140 4508 a.
158 4463 197 4512 Sic
211 4464 263 4528 lteg.
299 4464 343 4515 llii
371 4477 426 4513 vero
454 4470 477 4512 et
507 4461 563 4513 editi
582 4451 667 4509 αι’·τόν
718 4458 829 4518 legerunt
847 4435 1001 4518 interpretes.
1037 4452 1116 4502 Ceteri
1129 4459 1152 4502 et
1161 4449 1217 4500 editi
1229 4439 1303 4512 ὑμῖν.

95 4531 205 4580 eminent.
756 4541 775 4573 e.
795 4525 836 4572 Sic
860 4537 919 4574 mse.
940 4531 963 4572 et
981 4521 1113 4588 Scriptura.
1149 4519 1211 4570 Edlti
1229 4507 1273 4578 ἔν’

124 4597 143 4644 h.
162 4597 214 4660 ilep.
231 4583 252 4664 qi
268 4593 325 4652 ἐόν.
364 4599 417 4650 llox
442 4597 473 4649 id.
493 4589 573 4664 ἡμῖν,
601 4605 628 4648 ut
646 4602 669 4645 et
721 4586 847 4642 relinere.
