<?xml version="1.0" encoding="UTF-8"?>
<!DOCTYPE html PUBLIC "-//W3C//DTD XHTML 1.0 Transitional//EN"
    "http://www.w3.org/TR/xhtml1/DTD/xhtml1-transitional.dtd">
<html xmlns="http://www.w3.org/1999/xhtml" xml:lang="en" lang="en">
 <head>
  <title>
</title>
<meta http-equiv="Content-Type" content="text/html;charset=utf-8" />
  <meta name='ocr-system' content='tesseract 3.04.00' />
  <meta name='ocr-capabilities' content='ocr_page ocr_carea ocr_par ocr_line ocrx_word'/>
</head>
<body>
  <div class='ocr_page' id='page_1' title='image "./sanctiathanasii01athagoog_0858.png"; bbox 0 0 3032 5048; ppageno 0'>
   <div class='ocr_carea' id='block_1_1' title="bbox 425 347 1287 414">
    <p class='ocr_par' dir='ltr' id='par_1_1' title="bbox 425 347 1287 414">
     <span class='ocr_line' id='line_1_1' title="bbox 425 347 1287 414; baseline 0.015 -13"><span class='ocrx_word' id='word_1_1' title='bbox 425 357 572 402; x_wconf 76' lang='lat' dir='ltr'><strong>sersaoni</strong></span> <span class='ocrx_word' id='word_1_2' title='bbox 587 355 625 398; x_wconf 83' lang='lat' dir='ltr'><strong>rr.</strong></span> <span class='ocrx_word' id='word_1_3' title='bbox 646 355 683 398; x_wconf 79' lang='lat' dir='ltr'><strong>an</strong></span> <span class='ocrx_word' id='word_1_4' title='bbox 707 355 902 402; x_wconf 73' lang='lat' dir='ltr'><strong>santernum.</strong></span> <span class='ocrx_word' id='word_1_5' title='bbox 1225 347 1287 414; x_wconf 84' lang='grc'><strong>817</strong></span> 
     </span>
    </p>
   </div>
   <div class='ocr_carea' id='block_1_2' title="bbox 1 485 1407 3332">
    <p class='ocr_par' dir='ltr' id='par_1_2' title="bbox 1 485 1371 2017">
     <span class='ocr_line' id='line_1_2' title="bbox 120 485 1371 597; baseline 0.006 -27"><span class='ocrx_word' id='word_1_6' title='bbox 120 513 194 576; x_wconf 80' lang='lat'><strong>22.</strong></span> <span class='ocrx_word' id='word_1_7' title='bbox 239 509 347 574; x_wconf 85' lang='lat' dir='ltr'><strong>Verum</strong></span> <span class='ocrx_word' id='word_1_8' title='bbox 369 516 522 589; x_wconf 89' lang='lat' dir='ltr'><strong>parerat,</strong></span> <span class='ocrx_word' id='word_1_9' title='bbox 552 485 707 586; x_wconf 73' lang='lat' dir='ltr'><strong>impribus</strong></span> <span class='ocrx_word' id='word_1_10' title='bbox 736 506 804 569; x_wconf 88' lang='lat' dir='ltr'><strong>illos</strong></span> <span class='ocrx_word' id='word_1_11' title='bbox 827 515 877 570; x_wconf 91' lang='lat' dir='ltr'><strong>aut</strong></span> <span class='ocrx_word' id='word_1_12' title='bbox 898 509 1055 576; x_wconf 85' lang='lat' dir='ltr'><strong>Dominum</strong></span> <span class='ocrx_word' id='word_1_13' title='bbox 1078 533 1113 584; x_wconf 75' lang='lat' dir='ltr'><strong>ex</strong></span> <span class='ocrx_word' id='word_1_14' title='bbox 1141 530 1371 597; x_wconf 81' lang='lat' dir='ltr'><strong>corpora-nus.</strong></span> 
     </span>
     <span class='ocr_line' id='line_1_3' title="bbox 6 608 1287 694; baseline 0.005 -20"><span class='ocrx_word' id='word_1_15' title='bbox 6 612 112 674; x_wconf 89' lang='lat' dir='ltr'><strong>ibus</strong></span> <span class='ocrx_word' id='word_1_16' title='bbox 147 629 221 674; x_wconf 84' lang='lat' dir='ltr'><strong>non</strong></span> <span class='ocrx_word' id='word_1_17' title='bbox 247 611 431 694; x_wconf 79' lang='lat' dir='ltr'><strong>vilipendere</strong></span> <span class='ocrx_word' id='word_1_18' title='bbox 458 609 542 690; x_wconf 89' lang='lat' dir='ltr'><strong>quasi</strong></span> <span class='ocrx_word' id='word_1_19' title='bbox 564 608 730 683; x_wconf 89' lang='lat' dir='ltr'><strong>bominem,</strong></span> <span class='ocrx_word' id='word_1_20' title='bbox 757 615 807 672; x_wconf 91' lang='lat' dir='ltr'><strong>aut</strong></span> <span class='ocrx_word' id='word_1_21' title='bbox 835 627 870 672; x_wconf 85' lang='lat' dir='ltr'><strong>ex</strong></span> <span class='ocrx_word' id='word_1_22' title='bbox 900 611 1039 690; x_wconf 81' lang='lat' dir='ltr'><strong>operibus</strong></span> <span class='ocrx_word' id='word_1_23' title='bbox 1068 633 1170 678; x_wconf 86' lang='lat' dir='ltr'><strong>verum</strong></span> <span class='ocrx_word' id='word_1_24' title='bbox 1193 617 1287 682; x_wconf 85' lang='lat' dir='ltr'><strong>Deum</strong></span> 
     </span>
     <span class='ocr_line' id='line_1_4' title="bbox 14 709 1285 790; baseline 0.004 -14"><span class='ocrx_word' id='word_1_25' title='bbox 14 715 121 778; x_wconf 89' lang='lat' dir='ltr'><strong>llum</strong></span> <span class='ocrx_word' id='word_1_26' title='bbox 153 713 309 776; x_wconf 72' lang='lat' dir='ltr'><strong>confiteri.¹</strong></span> <span class='ocrx_word' id='word_1_27' title='bbox 354 713 414 774; x_wconf 86' lang='lat' dir='ltr'><strong>Sed</strong></span> <span class='ocrx_word' id='word_1_28' title='bbox 443 711 542 773; x_wconf 92' lang='lat' dir='ltr'><strong>omnia</strong></span> <span class='ocrx_word' id='word_1_29' title='bbox 568 717 763 790; x_wconf 80' lang='lat' dir='ltr'><strong>praepostere</strong></span> <span class='ocrx_word' id='word_1_30' title='bbox 790 709 945 774; x_wconf 77' lang='lat' dir='ltr'><strong>faciebant.</strong></span> <span class='ocrx_word' id='word_1_31' title='bbox 990 714 1061 777; x_wconf 81' lang='lat' dir='ltr'><strong>Cum</strong></span> <span class='ocrx_word' id='word_1_32' title='bbox 1084 717 1163 780; x_wconf 83' lang='lat' dir='ltr'><strong>eninr</strong></span> <span class='ocrx_word' id='word_1_33' title='bbox 1184 719 1285 781; x_wconf 90' lang='lat' dir='ltr'><strong>bomi-</strong></span> 
     </span>
     <span class='ocr_line' id='line_1_5' title="bbox 30 809 1284 898; baseline 0.003 -20"><span class='ocrx_word' id='word_1_34' title='bbox 30 835 100 878; x_wconf 86' lang='lat' dir='ltr'><strong>em</strong></span> <span class='ocrx_word' id='word_1_35' title='bbox 133 823 316 890; x_wconf 81' lang='lat' dir='ltr'><strong>cernerent,</strong></span> <span class='ocrx_word' id='word_1_36' title='bbox 339 813 397 894; x_wconf 89' lang='lat' dir='ltr'><strong>ipsi</strong></span> <span class='ocrx_word' id='word_1_37' title='bbox 418 821 451 876; x_wconf 91' lang='lat' dir='ltr'><strong>ut</strong></span> <span class='ocrx_word' id='word_1_38' title='bbox 472 811 587 874; x_wconf 89' lang='lat' dir='ltr'><strong>bomini</strong></span> <span class='ocrx_word' id='word_1_39' title='bbox 607 809 854 887; x_wconf 71' lang='lat' dir='ltr'><strong>convitiabantur,</strong></span> <span class='ocrx_word' id='word_1_40' title='bbox 877 832 912 876; x_wconf 90' lang='lat' dir='ltr'><strong>ac</strong></span> <span class='ocrx_word' id='word_1_41' title='bbox 926 814 1057 878; x_wconf 80' lang='lat' dir='ltr'><strong>uicissim</strong></span> <span class='ocrx_word' id='word_1_42' title='bbox 1073 837 1164 898; x_wconf 90' lang='lat' dir='ltr'><strong>opera</strong></span> <span class='ocrx_word' id='word_1_43' title='bbox 1185 821 1284 884; x_wconf 85' lang='lat' dir='ltr'><strong>divina</strong></span> 
     </span>
     <span class='ocr_line' id='line_1_6' title="bbox 5 913 1370 998; baseline 0.001 -18"><span class='ocrx_word' id='word_1_44' title='bbox 5 917 229 998; x_wconf 76' lang='lat' dir='ltr'><strong>spectantes</strong></span> <span class='ocrx_word' id='word_1_45' title='bbox 250 915 398 995; x_wconf 82' lang='lat' dir='ltr'><strong>negabant</strong></span> <span class='ocrx_word' id='word_1_46' title='bbox 418 913 599 976; x_wconf 84' lang='lat' dir='ltr'><strong>divinitatem</strong></span> <span class='ocrx_word' id='word_1_47' title='bbox 621 919 652 974; x_wconf 91' lang='lat' dir='ltr'><strong>et</strong></span> <span class='ocrx_word' id='word_1_48' title='bbox 678 913 714 975; x_wconf 92' lang='lat' dir='ltr'><strong>ad</strong></span> <span class='ocrx_word' id='word_1_49' title='bbox 744 913 895 978; x_wconf 89' lang='lat' dir='ltr'><strong>diabolum</strong></span> <span class='ocrx_word' id='word_1_50' title='bbox 917 917 1141 998; x_wconf 77' lang='lat' dir='ltr'><strong>confugiebant,</strong></span> <span class='ocrx_word' id='word_1_51' title='bbox 1173 923 1370 986; x_wconf 69' lang='lat' dir='ltr'><strong>ratiserau.</strong></span> 
     </span>
     <span class='ocr_line' id='line_1_7' title="bbox 4 1013 1286 1099; baseline 0.005 -17"><span class='ocrx_word' id='word_1_52' title='bbox 4 1021 40 1082; x_wconf 88' lang='lat' dir='ltr'><strong>si</strong></span> <span class='ocrx_word' id='word_1_53' title='bbox 72 1020 179 1082; x_wconf 85' lang='lat' dir='ltr'><strong>haec</strong></span> <span class='ocrx_word' id='word_1_54' title='bbox 200 1019 344 1080; x_wconf 87' lang='lat' dir='ltr'><strong>auderent</strong></span> <span class='ocrx_word' id='word_1_55' title='bbox 366 1017 496 1096; x_wconf 87' lang='lat' dir='ltr'><strong>effugere</strong></span> <span class='ocrx_word' id='word_1_56' title='bbox 517 1033 625 1094; x_wconf 90' lang='lat' dir='ltr'><strong>posse,</strong></span> <span class='ocrx_word' id='word_1_57' title='bbox 653 1031 692 1076; x_wconf 89' lang='lat' dir='ltr'><strong>ne</strong></span> <span class='ocrx_word' id='word_1_58' title='bbox 714 1013 751 1077; x_wconf 93' lang='lat' dir='ltr'><strong>ab</strong></span> <span class='ocrx_word' id='word_1_59' title='bbox 773 1015 841 1096; x_wconf 90' lang='lat' dir='ltr'><strong>ipso</strong></span> <span class='ocrx_word' id='word_1_60' title='bbox 864 1016 978 1094; x_wconf 90' lang='lat' dir='ltr'><strong>Verbo,</strong></span> <span class='ocrx_word' id='word_1_61' title='bbox 1006 1019 1087 1099; x_wconf 80' lang='lat' dir='ltr'><strong>quod</strong></span> <span class='ocrx_word' id='word_1_62' title='bbox 1109 1025 1286 1090; x_wconf 84' lang='lat' dir='ltr'><strong>contumelia</strong></span> 
     </span>
     <span class='ocr_line' id='line_1_8' title="bbox 8 1115 1285 1200; baseline 0.002 -16"><span class='ocrx_word' id='word_1_63' title='bbox 8 1124 232 1194; x_wconf 80' lang='lat' dir='ltr'><strong>affecerant,</strong></span> <span class='ocrx_word' id='word_1_64' title='bbox 262 1119 472 1181; x_wconf 88' lang='lat' dir='ltr'><strong>iudicarentur.</strong></span> <span class='ocrx_word' id='word_1_65' title='bbox 515 1115 551 1178; x_wconf 81' lang='lat' dir='ltr'><strong>At</strong></span> <span class='ocrx_word' id='word_1_66' title='bbox 572 1117 790 1192; x_wconf 85' lang='lat' dir='ltr'><strong>incantatores,</strong></span> <span class='ocrx_word' id='word_1_67' title='bbox 813 1118 892 1199; x_wconf 91' lang='lat' dir='ltr'><strong>magi</strong></span> <span class='ocrx_word' id='word_1_68' title='bbox 914 1127 943 1182; x_wconf 91' lang='lat' dir='ltr'><strong>et</strong></span> <span class='ocrx_word' id='word_1_69' title='bbox 965 1121 1087 1184; x_wconf 86' lang='lat' dir='ltr'><strong>venefici</strong></span> <span class='ocrx_word' id='word_1_70' title='bbox 1109 1122 1285 1200; x_wconf 84' lang='lat' dir='ltr'><strong>Pharaonis,</strong></span> 
     </span>
     <span class='ocr_line' id='line_1_9' title="bbox 7 1217 1286 1302; baseline 0 -16"><span class='ocrx_word' id='word_1_71' title='bbox 7 1224 101 1286; x_wconf 88' lang='lat' dir='ltr'><strong>licet</strong></span> <span class='ocrx_word' id='word_1_72' title='bbox 130 1221 271 1302; x_wconf 88' lang='lat' dir='ltr'><strong>plurima</strong></span> <span class='ocrx_word' id='word_1_73' title='bbox 297 1228 478 1292; x_wconf 85' lang='lat' dir='ltr'><strong>tentassent,</strong></span> <span class='ocrx_word' id='word_1_74' title='bbox 507 1227 606 1280; x_wconf 71' lang='lat' dir='ltr'><strong>umen</strong></span> <span class='ocrx_word' id='word_1_75' title='bbox 634 1217 775 1300; x_wconf 73' lang='lat' dir='ltr'><strong>abloyse</strong></span> <span class='ocrx_word' id='word_1_76' title='bbox 803 1219 881 1283; x_wconf 90' lang='lat' dir='ltr'><strong>edita</strong></span> <span class='ocrx_word' id='word_1_77' title='bbox 910 1221 995 1302; x_wconf 88' lang='lat' dir='ltr'><strong>signa</strong></span> <span class='ocrx_word' id='word_1_78' title='bbox 1022 1241 1089 1286; x_wconf 91' lang='lat' dir='ltr'><strong>cum</strong></span> <span class='ocrx_word' id='word_1_79' title='bbox 1118 1233 1286 1300; x_wconf 84' lang='lat' dir='ltr'><strong>cernerent,</strong></span> 
     </span>
     <span class='ocr_line' id='line_1_10' title="bbox 15 1318 1287 1406; baseline 0.002 -19"><span class='ocrx_word' id='word_1_80' title='bbox 15 1341 176 1388; x_wconf 86' lang='lat' dir='ltr'><strong>cessere</strong></span> <span class='ocrx_word' id='word_1_81' title='bbox 199 1323 319 1384; x_wconf 90' lang='lat' dir='ltr'><strong>tandem</strong></span> <span class='ocrx_word' id='word_1_82' title='bbox 346 1330 486 1402; x_wconf 85' lang='lat' dir='ltr'><strong>tergaque</strong></span> <span class='ocrx_word' id='word_1_83' title='bbox 514 1319 624 1382; x_wconf 87' lang='lat' dir='ltr'><strong>dedere</strong></span> <span class='ocrx_word' id='word_1_84' title='bbox 647 1318 778 1383; x_wconf 89' lang='lat' dir='ltr'><strong>dicentes</strong></span> <span class='ocrx_word' id='word_1_85' title='bbox 801 1321 925 1402; x_wconf 76' lang='lat' dir='ltr'><strong>digitum</strong></span> <span class='ocrx_word' id='word_1_86' title='bbox 946 1323 1000 1386; x_wconf 85' lang='lat' dir='ltr'><strong>Dei</strong></span> <span class='ocrx_word' id='word_1_87' title='bbox 1021 1343 1106 1399; x_wconf 88' lang='lat' dir='ltr'><strong>esse,</strong></span> <span class='ocrx_word' id='word_1_88' title='bbox 1134 1326 1184 1406; x_wconf 91' lang='lat' dir='ltr'><strong>qui</strong></span> <span class='ocrx_word' id='word_1_89' title='bbox 1213 1327 1287 1390; x_wconf 90' lang='lat' dir='ltr'><strong>haec</strong></span> 
     </span>
     <span class='ocr_line' id='line_1_11' title="bbox 15 1421 1284 1505; baseline 0.002 -17"><span class='ocrx_word' id='word_1_90' title='bbox 15 1427 161 1488; x_wconf 86' lang='lat' dir='ltr'><strong>ederet.</strong></span> <span class='ocrx_word' id='word_1_91' title='bbox 210 1423 363 1486; x_wconf 83' lang='lat' dir='ltr'><strong>Pharisaei</strong></span> <span class='ocrx_word' id='word_1_92' title='bbox 386 1431 483 1486; x_wconf 86' lang='lat' dir='ltr'><strong>autem</strong></span> <span class='ocrx_word' id='word_1_93' title='bbox 507 1429 536 1484; x_wconf 91' lang='lat' dir='ltr'><strong>et</strong></span> <span class='ocrx_word' id='word_1_94' title='bbox 558 1421 695 1496; x_wconf 90' lang='lat' dir='ltr'><strong>Scribae,</strong></span> <span class='ocrx_word' id='word_1_95' title='bbox 728 1441 796 1486; x_wconf 91' lang='lat' dir='ltr'><strong>cum</strong></span> <span class='ocrx_word' id='word_1_96' title='bbox 817 1425 961 1505; x_wconf 89' lang='lat' dir='ltr'><strong>integram</strong></span> <span class='ocrx_word' id='word_1_97' title='bbox 982 1426 1037 1489; x_wconf 82' lang='lat' dir='ltr'><strong>liei</strong></span> <span class='ocrx_word' id='word_1_98' title='bbox 1058 1445 1178 1490; x_wconf 93' lang='lat' dir='ltr'><strong>manum</strong></span> <span class='ocrx_word' id='word_1_99' title='bbox 1199 1426 1284 1490; x_wconf 84' lang='lat' dir='ltr'><strong>vide-</strong></span> 
     </span>
     <span class='ocr_line' id='line_1_12' title="bbox 19 1526 1286 1608; baseline 0.001 -19"><span class='ocrx_word' id='word_1_100' title='bbox 19 1535 107 1589; x_wconf 89' lang='lat' dir='ltr'><strong>rent</strong></span> <span class='ocrx_word' id='word_1_101' title='bbox 135 1531 329 1606; x_wconf 87' lang='lat' dir='ltr'><strong>operantem,</strong></span> <span class='ocrx_word' id='word_1_102' title='bbox 353 1531 566 1604; x_wconf 83' lang='lat' dir='ltr'><strong>esrnerentque</strong></span> <span class='ocrx_word' id='word_1_103' title='bbox 588 1543 641 1598; x_wconf 85' lang='lat' dir='ltr'><strong>ea,</strong></span> <span class='ocrx_word' id='word_1_104' title='bbox 664 1543 739 1604; x_wconf 90' lang='lat' dir='ltr'><strong>quae</strong></span> <span class='ocrx_word' id='word_1_105' title='bbox 761 1543 816 1605; x_wconf 89' lang='lat' dir='ltr'><strong>per</strong></span> <span class='ocrx_word' id='word_1_106' title='bbox 838 1526 988 1590; x_wconf 78' lang='lat' dir='ltr'><strong>Christum</strong></span> <span class='ocrx_word' id='word_1_107' title='bbox 1010 1528 1192 1592; x_wconf 89' lang='lat' dir='ltr'><strong>Salvatorem</strong></span> <span class='ocrx_word' id='word_1_108' title='bbox 1214 1547 1286 1608; x_wconf 87' lang='lat' dir='ltr'><strong>age-</strong></span> 
     </span>
     <span class='ocr_line' id='line_1_13' title="bbox 18 1620 1287 1706; baseline 0.003 -16"><span class='ocrx_word' id='word_1_109' title='bbox 18 1629 173 1701; x_wconf 88' lang='lat' dir='ltr'><strong>bantur,</strong></span> <span class='ocrx_word' id='word_1_110' title='bbox 198 1643 270 1688; x_wconf 84' lang='lat' dir='ltr'><strong>sane</strong></span> <span class='ocrx_word' id='word_1_111' title='bbox 294 1625 352 1688; x_wconf 93' lang='lat' dir='ltr'><strong>illis</strong></span> <span class='ocrx_word' id='word_1_112' title='bbox 373 1620 526 1706; x_wconf 90' lang='lat' dir='ltr'><strong>prioribus</strong></span> <span class='ocrx_word' id='word_1_113' title='bbox 548 1624 633 1706; x_wconf 90' lang='lat' dir='ltr'><strong>plura</strong></span> <span class='ocrx_word' id='word_1_114' title='bbox 655 1626 842 1706; x_wconf 87' lang='lat' dir='ltr'><strong>maioraque,</strong></span> <span class='ocrx_word' id='word_1_115' title='bbox 864 1627 972 1690; x_wconf 90' lang='lat' dir='ltr'><strong>horum</strong></span> <span class='ocrx_word' id='word_1_116' title='bbox 994 1640 1147 1692; x_wconf 87' lang='lat' dir='ltr'><strong>auctorem</strong></span> <span class='ocrx_word' id='word_1_117' title='bbox 1168 1630 1287 1694; x_wconf 87' lang='lat' dir='ltr'><strong>aiebant</strong></span> 
     </span>
     <span class='ocr_line' id='line_1_14' title="bbox 23 1726 1286 1812; baseline 0.002 -20"><span class='ocrx_word' id='word_1_118' title='bbox 23 1729 270 1802; x_wconf 87' lang='lat' dir='ltr'><strong>Beelzehulem,</strong></span> <span class='ocrx_word' id='word_1_119' title='bbox 293 1745 381 1808; x_wconf 85' lang='lat' dir='ltr'><strong>quem</strong></span> <span class='ocrx_word' id='word_1_120' title='bbox 402 1726 461 1806; x_wconf 87' lang='lat' dir='ltr'><strong>ipsi</strong></span> <span class='ocrx_word' id='word_1_121' title='bbox 481 1727 558 1806; x_wconf 87' lang='lat' dir='ltr'><strong>ldagi</strong></span> <span class='ocrx_word' id='word_1_122' title='bbox 579 1727 649 1789; x_wconf 90' lang='lat' dir='ltr'><strong>licet</strong></span> <span class='ocrx_word' id='word_1_123' title='bbox 671 1745 759 1790; x_wconf 88' lang='lat' dir='ltr'><strong>sunm</strong></span> <span class='ocrx_word' id='word_1_124' title='bbox 780 1747 819 1791; x_wconf 92' lang='lat' dir='ltr'><strong>ne</strong></span> <span class='ocrx_word' id='word_1_125' title='bbox 841 1730 960 1810; x_wconf 85' lang='lat' dir='ltr'><strong>quidem</strong></span> <span class='ocrx_word' id='word_1_126' title='bbox 981 1731 1029 1792; x_wconf 91' lang='lat' dir='ltr'><strong>bis</strong></span> <span class='ocrx_word' id='word_1_127' title='bbox 1054 1733 1171 1794; x_wconf 89' lang='lat' dir='ltr'><strong>minora</strong></span> <span class='ocrx_word' id='word_1_128' title='bbox 1192 1751 1286 1812; x_wconf 87' lang='lat' dir='ltr'><strong>posse</strong></span> 
     </span>
     <span class='ocr_line' id='line_1_15' title="bbox 1 1827 1286 1914; baseline 0.002 -19"><span class='ocrx_word' id='word_1_129' title='bbox 1 1829 283 1902; x_wconf 86' lang='lat' dir='ltr'><strong>confitebantur.</strong></span> <span class='ocrx_word' id='word_1_130' title='bbox 335 1828 483 1902; x_wconf 89' lang='lat' dir='ltr'><strong>Quidnam</strong></span> <span class='ocrx_word' id='word_1_131' title='bbox 510 1827 548 1891; x_wconf 89' lang='lat' dir='ltr'><strong>de</strong></span> <span class='ocrx_word' id='word_1_132' title='bbox 575 1837 634 1891; x_wconf 74' lang='lat' dir='ltr'><strong>mm</strong></span> <span class='ocrx_word' id='word_1_133' title='bbox 663 1829 774 1909; x_wconf 83' lang='lat' dir='ltr'><strong>ingenti</strong></span> <span class='ocrx_word' id='word_1_134' title='bbox 805 1832 929 1894; x_wconf 90' lang='lat' dir='ltr'><strong>stultitia</strong></span> <span class='ocrx_word' id='word_1_135' title='bbox 959 1833 1015 1894; x_wconf 88' lang='lat' dir='ltr'><strong>dici</strong></span> <span class='ocrx_word' id='word_1_136' title='bbox 1043 1833 1169 1914; x_wconf 75' lang='lat' dir='ltr'><strong>possit?</strong></span> <span class='ocrx_word' id='word_1_137' title='bbox 1219 1837 1286 1912; x_wconf 75' lang='lat' dir='ltr'><strong>bnt,</strong></span> 
     </span>
     <span class='ocr_line' id='line_1_16' title="bbox 27 1929 1285 2017; baseline 0.006 -22"><span class='ocrx_word' id='word_1_138' title='bbox 27 1942 68 1995; x_wconf 90' lang='lat' dir='ltr'><strong>ut</strong></span> <span class='ocrx_word' id='word_1_139' title='bbox 94 1932 145 1994; x_wconf 90' lang='lat' dir='ltr'><strong>ait</strong></span> <span class='ocrx_word' id='word_1_140' title='bbox 169 1929 337 2010; x_wconf 86' lang='lat' dir='ltr'><strong>Propheta,</strong></span> <span class='ocrx_word' id='word_1_141' title='bbox 366 1930 432 2011; x_wconf 89' lang='lat' dir='ltr'><strong>quis</strong></span> <span class='ocrx_word' id='word_1_142' title='bbox 461 1930 530 2010; x_wconf 86' lang='lat' dir='ltr'><strong>quid</strong></span> <span class='ocrx_word' id='word_1_143' title='bbox 559 1949 627 1994; x_wconf 87' lang='lat' dir='ltr'><strong>cum</strong></span> <span class='ocrx_word' id='word_1_144' title='bbox 654 1931 712 1994; x_wconf 86' lang='lat' dir='ltr'><strong>illia</strong></span> <span class='ocrx_word' id='word_1_145' title='bbox 734 1932 935 2014; x_wconf 88' lang='lat' dir='ltr'><strong>impietatibus</strong></span> <span class='ocrx_word' id='word_1_146' title='bbox 958 1954 1131 2016; x_wconf 89' lang='lat' dir='ltr'><strong>comparare</strong></span> <span class='ocrx_word' id='word_1_147' title='bbox 1151 1938 1285 2017; x_wconf 76' lang='lat' dir='ltr'><strong>poterit?</strong></span> 
     </span>
    </p>

    <p class='ocr_par' dir='ltr' id='par_1_3' title="bbox 1 2030 1286 2216">
     <span class='ocr_line' id='line_1_17' title="bbox 1 2030 1284 2117; baseline 0.003 -20"><span class='ocrx_word' id='word_1_148' title='bbox 1 2078 2 2111; x_wconf 54' lang='lat'>2</span> <span class='ocrx_word' id='word_1_149' title='bbox 27 2034 200 2098; x_wconf 87' lang='lat' dir='ltr'><strong>lustiores</strong></span> <span class='ocrx_word' id='word_1_150' title='bbox 223 2030 301 2094; x_wconf 91' lang='lat' dir='ltr'><strong>enim</strong></span> <span class='ocrx_word' id='word_1_151' title='bbox 325 2051 358 2094; x_wconf 91' lang='lat' dir='ltr'><strong>se</strong></span> <span class='ocrx_word' id='word_1_152' title='bbox 380 2031 551 2094; x_wconf 89' lang='lat' dir='ltr'><strong>Sodomitas</strong></span> <span class='ocrx_word' id='word_1_153' title='bbox 573 2030 785 2108; x_wconf 85' lang='lat' dir='ltr'><strong>exbibuerunt,</strong></span> <span class='ocrx_word' id='word_1_154' title='bbox 814 2035 947 2098; x_wconf 84' lang='lat' dir='ltr'><strong>vicerunt</strong></span> <span class='ocrx_word' id='word_1_155' title='bbox 976 2035 1113 2098; x_wconf 86' lang='lat' dir='ltr'><strong>Gentium</strong></span> <span class='ocrx_word' id='word_1_156' title='bbox 1141 2037 1284 2117; x_wconf 86' lang='lat' dir='ltr'><strong>ignoran-</strong></span> 
     </span>
     <span class='ocr_line' id='line_1_18' title="bbox 32 2133 1286 2216; baseline 0.002 -18"><span class='ocrx_word' id='word_1_157' title='bbox 32 2136 115 2198; x_wconf 88' lang='lat' dir='ltr'><strong>tiam</strong></span> <span class='ocrx_word' id='word_1_158' title='bbox 140 2133 359 2213; x_wconf 83' lang='lat' dir='ltr'><strong>llagorumque</strong></span> <span class='ocrx_word' id='word_1_159' title='bbox 379 2133 543 2195; x_wconf 89' lang='lat' dir='ltr'><strong>Pharaonis</strong></span> <span class='ocrx_word' id='word_1_160' title='bbox 564 2133 720 2196; x_wconf 83' lang='lat' dir='ltr'><strong>stultitiam</strong></span> <span class='ocrx_word' id='word_1_161' title='bbox 742 2145 896 2215; x_wconf 87' lang='lat' dir='ltr'><strong>superant,</strong></span> <span class='ocrx_word' id='word_1_162' title='bbox 918 2143 1006 2216; x_wconf 89' lang='lat' dir='ltr'><strong>atque</strong></span> <span class='ocrx_word' id='word_1_163' title='bbox 1028 2156 1094 2200; x_wconf 93' lang='lat' dir='ltr'><strong>cum</strong></span> <span class='ocrx_word' id='word_1_164' title='bbox 1110 2138 1182 2201; x_wconf 84' lang='lat' dir='ltr'><strong>solis</strong></span> <span class='ocrx_word' id='word_1_165' title='bbox 1196 2140 1286 2201; x_wconf 79' lang='lat' dir='ltr'><strong>Ario-</strong></span> 
     </span>
    </p>

    <p class='ocr_par' dir='ltr' id='par_1_4' title="bbox 1 2234 1407 2926">
     <span class='ocr_line' id='line_1_19' title="bbox 1 2234 1285 2320; baseline 0.002 -20"><span class='ocrx_word' id='word_1_166' title='bbox 1 2285 2 2313; x_wconf 65' lang='lat'><strong>,</strong></span> <span class='ocrx_word' id='word_1_167' title='bbox 32 2235 173 2300; x_wconf 82' lang='lat' dir='ltr'><strong>monitis</strong></span> <span class='ocrx_word' id='word_1_168' title='bbox 203 2235 333 2298; x_wconf 90' lang='lat' dir='ltr'><strong>conferri</strong></span> <span class='ocrx_word' id='word_1_169' title='bbox 361 2244 505 2316; x_wconf 90' lang='lat' dir='ltr'><strong>possunt,</strong></span> <span class='ocrx_word' id='word_1_170' title='bbox 539 2234 621 2316; x_wconf 92' lang='lat' dir='ltr'><strong>quod</strong></span> <span class='ocrx_word' id='word_1_171' title='bbox 649 2236 681 2298; x_wconf 93' lang='lat' dir='ltr'><strong>in</strong></span> <span class='ocrx_word' id='word_1_172' title='bbox 708 2237 831 2300; x_wconf 91' lang='lat' dir='ltr'><strong>eandem</strong></span> <span class='ocrx_word' id='word_1_173' title='bbox 860 2238 1041 2318; x_wconf 89' lang='lat' dir='ltr'><strong>impietatem</strong></span> <span class='ocrx_word' id='word_1_174' title='bbox 1070 2237 1131 2301; x_wconf 91' lang='lat' dir='ltr'><strong>sint</strong></span> <span class='ocrx_word' id='word_1_175' title='bbox 1151 2240 1285 2320; x_wconf 85' lang='lat' dir='ltr'><strong>collapsi.</strong></span> 
     </span>
     <span class='ocr_line' id='line_1_20' title="bbox 34 2336 1407 2421; baseline 0.002 -21"><span class='ocrx_word' id='word_1_176' title='bbox 34 2339 147 2402; x_wconf 86' lang='lat' dir='ltr'><strong>ludaei</strong></span> <span class='ocrx_word' id='word_1_177' title='bbox 176 2337 256 2400; x_wconf 91' lang='lat' dir='ltr'><strong>enim</strong></span> <span class='ocrx_word' id='word_1_178' title='bbox 278 2337 375 2400; x_wconf 89' lang='lat' dir='ltr'><strong>Patris</strong></span> <span class='ocrx_word' id='word_1_179' title='bbox 399 2355 490 2416; x_wconf 89' lang='lat' dir='ltr'><strong>opera</strong></span> <span class='ocrx_word' id='word_1_180' title='bbox 511 2355 567 2418; x_wconf 91' lang='lat' dir='ltr'><strong>per</strong></span> <span class='ocrx_word' id='word_1_181' title='bbox 581 2336 688 2400; x_wconf 83' lang='lat' dir='ltr'><strong>Piliam</strong></span> <span class='ocrx_word' id='word_1_182' title='bbox 703 2337 839 2400; x_wconf 89' lang='lat' dir='ltr'><strong>videntes</strong></span> <span class='ocrx_word' id='word_1_183' title='bbox 853 2337 1021 2401; x_wconf 79' lang='lat' dir='ltr'><strong>lfeelzebuli</strong></span> <span class='ocrx_word' id='word_1_184' title='bbox 1037 2357 1070 2401; x_wconf 92' lang='lat' dir='ltr'><strong>ea</strong></span> <span class='ocrx_word' id='word_1_185' title='bbox 1086 2341 1285 2421; x_wconf 88' lang='lat' dir='ltr'><strong>adscripsere,</strong></span> <span class='ocrx_word' id='word_1_186' title='bbox 1404 2347 1407 2353; x_wconf 86' lang='lat'>&#39;</span> 
     </span>
     <span class='ocr_line' id='line_1_21' title="bbox 37 2438 1284 2520; baseline 0.001 -18"><span class='ocrx_word' id='word_1_187' title='bbox 37 2441 149 2502; x_wconf 78' lang='lat' dir='ltr'><strong>briani</strong></span> <span class='ocrx_word' id='word_1_188' title='bbox 178 2457 250 2501; x_wconf 81' lang='lat' dir='ltr'><strong>vero</strong></span> <span class='ocrx_word' id='word_1_189' title='bbox 274 2439 348 2502; x_wconf 87' lang='lat' dir='ltr'><strong>haec</strong></span> <span class='ocrx_word' id='word_1_190' title='bbox 368 2439 432 2520; x_wconf 89' lang='lat' dir='ltr'><strong>ipsa</strong></span> <span class='ocrx_word' id='word_1_191' title='bbox 455 2457 521 2500; x_wconf 91' lang='lat' dir='ltr'><strong>cum</strong></span> <span class='ocrx_word' id='word_1_192' title='bbox 538 2446 664 2500; x_wconf 92' lang='lat' dir='ltr'><strong>cernunt</strong></span> <span class='ocrx_word' id='word_1_193' title='bbox 678 2457 781 2519; x_wconf 89' lang='lat' dir='ltr'><strong>opera,</strong></span> <span class='ocrx_word' id='word_1_194' title='bbox 802 2438 961 2502; x_wconf 84' lang='lat' dir='ltr'><strong>Dominum</strong></span> <span class='ocrx_word' id='word_1_195' title='bbox 977 2457 1010 2503; x_wconf 91' lang='lat' dir='ltr'><strong>ea</strong></span> <span class='ocrx_word' id='word_1_196' title='bbox 1026 2439 1163 2503; x_wconf 88' lang='lat' dir='ltr'><strong>edentem</strong></span> <span class='ocrx_word' id='word_1_197' title='bbox 1178 2441 1284 2504; x_wconf 84' lang='lat' dir='ltr'><strong>creatis</strong></span> 
     </span>
     <span class='ocr_line' id='line_1_22' title="bbox 37 2531 1284 2620; baseline 0.002 -17"><span class='ocrx_word' id='word_1_198' title='bbox 37 2541 137 2604; x_wconf 90' lang='lat' dir='ltr'><strong>rebus</strong></span> <span class='ocrx_word' id='word_1_199' title='bbox 162 2549 380 2614; x_wconf 85' lang='lat' dir='ltr'><strong>annumerant,</strong></span> <span class='ocrx_word' id='word_1_200' title='bbox 410 2539 552 2620; x_wconf 81' lang='lat' dir='ltr'><strong>aiuntque</strong></span> <span class='ocrx_word' id='word_1_201' title='bbox 581 2531 615 2601; x_wconf 71' lang='lat' dir='ltr'><strong>ex¹</strong></span> <span class='ocrx_word' id='word_1_202' title='bbox 645 2558 707 2602; x_wconf 93' lang='lat' dir='ltr'><strong>non</strong></span> <span class='ocrx_word' id='word_1_203' title='bbox 734 2540 919 2604; x_wconf 85' lang='lat' dir='ltr'><strong>exstantibus</strong></span> <span class='ocrx_word' id='word_1_204' title='bbox 946 2541 1045 2620; x_wconf 82' lang='lat' dir='ltr'><strong>ipsum</strong></span> <span class='ocrx_word' id='word_1_205' title='bbox 1073 2559 1143 2604; x_wconf 88' lang='lat' dir='ltr'><strong>esse</strong></span> <span class='ocrx_word' id='word_1_206' title='bbox 1172 2550 1201 2603; x_wconf 91' lang='lat' dir='ltr'><strong>et</strong></span> <span class='ocrx_word' id='word_1_207' title='bbox 1222 2561 1284 2606; x_wconf 89' lang='lat' dir='ltr'><strong>non</strong></span> 
     </span>
     <span class='ocr_line' id='line_1_23' title="bbox 40 2639 1286 2722; baseline -0.002 -18"><span class='ocrx_word' id='word_1_208' title='bbox 40 2643 140 2706; x_wconf 89' lang='lat' dir='ltr'><strong>fuisse</strong></span> <span class='ocrx_word' id='word_1_209' title='bbox 163 2651 327 2722; x_wconf 79' lang='lat' dir='ltr'><strong>antequam</strong></span> <span class='ocrx_word' id='word_1_210' title='bbox 349 2641 444 2702; x_wconf 87' lang='lat' dir='ltr'><strong>ficret.</strong></span> <span class='ocrx_word' id='word_1_211' title='bbox 487 2642 529 2702; x_wconf 79' lang='lat' dir='ltr'><strong>Ac</strong></span> <span class='ocrx_word' id='word_1_212' title='bbox 549 2639 702 2702; x_wconf 89' lang='lat' dir='ltr'><strong>Pharisaei</strong></span> <span class='ocrx_word' id='word_1_213' title='bbox 723 2641 860 2720; x_wconf 88' lang='lat' dir='ltr'><strong>quidem,</strong></span> <span class='ocrx_word' id='word_1_214' title='bbox 882 2659 948 2703; x_wconf 91' lang='lat' dir='ltr'><strong>cum</strong></span> <span class='ocrx_word' id='word_1_215' title='bbox 970 2641 1105 2703; x_wconf 85' lang='lat' dir='ltr'><strong>viderent</strong></span> <span class='ocrx_word' id='word_1_216' title='bbox 1126 2641 1286 2703; x_wconf 86' lang='lat' dir='ltr'><strong>Dominum</strong></span> 
     </span>
     <span class='ocr_line' id='line_1_24' title="bbox 42 2740 1287 2824; baseline -0.001 -19"><span class='ocrx_word' id='word_1_217' title='bbox 42 2744 249 2824; x_wconf 88' lang='lat' dir='ltr'><strong>incorpore,</strong></span> <span class='ocrx_word' id='word_1_218' title='bbox 279 2741 540 2806; x_wconf 85' lang='lat' dir='ltr'><strong>obmurmurantes</strong></span> <span class='ocrx_word' id='word_1_219' title='bbox 568 2740 701 2805; x_wconf 89' lang='lat' dir='ltr'><strong>aiebant:</strong></span> <span class='ocrx_word' id='word_1_220' title='bbox 733 2743 839 2816; x_wconf 84' lang='lat' dir='ltr'><strong>Quare</strong></span> <span class='ocrx_word' id='word_1_221' title='bbox 866 2753 899 2806; x_wconf 83' lang='lat' dir='ltr'><strong>tu</strong></span> <span class='ocrx_word' id='word_1_222' title='bbox 922 2742 1009 2804; x_wconf 84' lang='lat' dir='ltr'><strong>bomo</strong></span> <span class='ocrx_word' id='word_1_223' title='bbox 1032 2761 1098 2804; x_wconf 79' lang='lat' dir='ltr'><strong>cum</strong></span> <span class='ocrx_word' id='word_1_224' title='bbox 1121 2747 1180 2814; x_wconf 83' lang='lat' dir='ltr'><strong>sis,</strong></span> <span class='ocrx_word' id='word_1_225' title='bbox 1208 2743 1287 2821; x_wconf 76' lang='lat' dir='ltr'><strong>focis</strong></span> 
     </span>
     <span class='ocr_line' id='line_1_25' title="bbox 45 2842 1286 2926; baseline -0.002 -20"><span class='ocrx_word' id='word_1_226' title='bbox 45 2849 184 2926; x_wconf 84' lang='lat' dir='ltr'><strong>teipsum</strong></span> <span class='ocrx_word' id='word_1_227' title='bbox 204 2843 326 2907; x_wconf 74' lang='lat' dir='ltr'><strong>deum?</strong></span> <span class='ocrx_word' id='word_1_228' title='bbox 369 2843 405 2906; x_wconf 90' lang='lat' dir='ltr'><strong>lli</strong></span> <span class='ocrx_word' id='word_1_229' title='bbox 427 2851 525 2906; x_wconf 88' lang='lat' dir='ltr'><strong>autem</strong></span> <span class='ocrx_word' id='word_1_230' title='bbox 549 2843 658 2906; x_wconf 85' lang='lat' dir='ltr'><strong>Christi</strong></span> <span class='ocrx_word' id='word_1_231' title='bbox 679 2844 797 2918; x_wconf 90' lang='lat' dir='ltr'><strong>hostes,</strong></span> <span class='ocrx_word' id='word_1_232' title='bbox 820 2861 887 2904; x_wconf 89' lang='lat' dir='ltr'><strong>curn</strong></span> <span class='ocrx_word' id='word_1_233' title='bbox 907 2843 1007 2905; x_wconf 84' lang='lat' dir='ltr'><strong>vident</strong></span> <span class='ocrx_word' id='word_1_234' title='bbox 1022 2842 1103 2905; x_wconf 91' lang='lat' dir='ltr'><strong>illum</strong></span> <span class='ocrx_word' id='word_1_235' title='bbox 1124 2843 1286 2922; x_wconf 88' lang='lat' dir='ltr'><strong>patientem</strong></span> 
     </span>
    </p>

    <p class='ocr_par' dir='ltr' id='par_1_5' title="bbox 1 2938 1289 3028">
     <span class='ocr_line' id='line_1_26' title="bbox 1 2938 1289 3028; baseline -0.003 -18"><span class='ocrx_word' id='word_1_236' title='bbox 1 2938 85 3028; x_wconf 10' lang='lat' dir='ltr'><strong>‘&#39;ac</strong></span> <span class='ocrx_word' id='word_1_237' title='bbox 106 2947 318 3020; x_wconf 88' lang='lat' dir='ltr'><strong>dormientem,</strong></span> <span class='ocrx_word' id='word_1_238' title='bbox 340 2945 547 3026; x_wconf 88' lang='lat' dir='ltr'><strong>blasphemant</strong></span> <span class='ocrx_word' id='word_1_239' title='bbox 568 2945 617 3007; x_wconf 91' lang='lat' dir='ltr'><strong>bis</strong></span> <span class='ocrx_word' id='word_1_240' title='bbox 639 2945 754 3008; x_wconf 85' lang='lat' dir='ltr'><strong>verbis:</strong></span> <span class='ocrx_word' id='word_1_241' title='bbox 778 2945 859 3020; x_wconf 85' lang='lat' dir='ltr'><strong>„Qui</strong></span> <span class='ocrx_word' id='word_1_242' title='bbox 875 2946 948 3008; x_wconf 91' lang='lat' dir='ltr'><strong>baec</strong></span> <span class='ocrx_word' id='word_1_243' title='bbox 961 2945 1083 3024; x_wconf 91' lang='lat' dir='ltr'><strong>patitur,</strong></span> <span class='ocrx_word' id='word_1_244' title='bbox 1106 2961 1167 3006; x_wconf 92' lang='lat' dir='ltr'><strong>non</strong></span> <span class='ocrx_word' id='word_1_245' title='bbox 1188 2951 1289 3024; x_wconf 87' lang='lat' dir='ltr'><strong>potest</strong></span> 
     </span>
    </p>

    <p class='ocr_par' dir='ltr' id='par_1_6' title="bbox 2 3045 1289 3230">
     <span class='ocr_line' id='line_1_27' title="bbox 2 3045 1286 3124; baseline -0.002 -16"><span class='ocrx_word' id='word_1_246' title='bbox 2 3119 3 3122; x_wconf 8' lang='grc' dir='ltr'><strong>Ἴ</strong></span> <span class='ocrx_word' id='word_1_247' title='bbox 55 3047 276 3123; x_wconf 79' lang='lat' dir='ltr'><strong>„fleus-verus</strong></span> <span class='ocrx_word' id='word_1_248' title='bbox 299 3066 382 3121; x_wconf 87' lang='lat' dir='ltr'><strong>esse,</strong></span> <span class='ocrx_word' id='word_1_249' title='bbox 411 3065 468 3109; x_wconf 92' lang='lat' dir='ltr'><strong>nec</strong></span> <span class='ocrx_word' id='word_1_250' title='bbox 489 3045 752 3109; x_wconf 86' lang='lat' dir='ltr'><strong>consubstantialis</strong></span> <span class='ocrx_word' id='word_1_251' title='bbox 776 3066 846 3110; x_wconf 90' lang='lat' dir='ltr'><strong>esse</strong></span> <span class='ocrx_word' id='word_1_252' title='bbox 866 3047 979 3109; x_wconf 87' lang='lat' dir='ltr'><strong>Patri.“</strong></span> <span class='ocrx_word' id='word_1_253' title='bbox 1004 3046 1148 3110; x_wconf 83' lang='lat' dir='ltr'><strong>liemum</strong></span> <span class='ocrx_word' id='word_1_254' title='bbox 1170 3045 1196 3107; x_wconf 92' lang='lat' dir='ltr'><strong>si</strong></span> <span class='ocrx_word' id='word_1_255' title='bbox 1219 3045 1286 3124; x_wconf 90' lang='lat' dir='ltr'><strong>quis</strong></span> 
     </span>
     <span class='ocr_line' id='line_1_28' title="bbox 54 3146 1289 3230; baseline -0.002 -19"><span class='ocrx_word' id='word_1_256' title='bbox 54 3149 125 3212; x_wconf 86' lang='lat' dir='ltr'><strong>velit</strong></span> <span class='ocrx_word' id='word_1_257' title='bbox 147 3157 342 3228; x_wconf 86' lang='lat' dir='ltr'><strong>utrorumque</strong></span> <span class='ocrx_word' id='word_1_258' title='bbox 363 3167 482 3211; x_wconf 90' lang='lat' dir='ltr'><strong>errores</strong></span> <span class='ocrx_word' id='word_1_259' title='bbox 504 3149 584 3212; x_wconf 74' lang='lat' dir='ltr'><strong>inte·</strong></span> <span class='ocrx_word' id='word_1_260' title='bbox 612 3167 647 3210; x_wconf 89' lang='lat' dir='ltr'><strong>sc</strong></span> <span class='ocrx_word' id='word_1_261' title='bbox 668 3149 792 3212; x_wconf 87' lang='lat' dir='ltr'><strong>collatos</strong></span> <span class='ocrx_word' id='word_1_262' title='bbox 815 3149 1001 3230; x_wconf 85' lang='lat' dir='ltr'><strong>expendere,</strong></span> <span class='ocrx_word' id='word_1_263' title='bbox 1034 3149 1213 3228; x_wconf 88' lang='lat' dir='ltr'><strong>comperiet,</strong></span> <span class='ocrx_word' id='word_1_264' title='bbox 1244 3146 1289 3208; x_wconf 92' lang='lat' dir='ltr'><strong>uti</strong></span> 
     </span>
    </p>

    <p class='ocr_par' dir='ltr' id='par_1_7' title="bbox 60 3249 1289 3332">
     <span class='ocr_line' id='line_1_29' title="bbox 60 3249 1289 3332; baseline -0.003 -20"><span class='ocrx_word' id='word_1_265' title='bbox 60 3267 149 3331; x_wconf 87' lang='lat' dir='ltr'><strong>supra</strong></span> <span class='ocrx_word' id='word_1_266' title='bbox 172 3249 241 3325; x_wconf 84' lang='lat' dir='ltr'><strong>dixi,</strong></span> <span class='ocrx_word' id='word_1_267' title='bbox 264 3250 350 3332; x_wconf 87' lang='lat' dir='ltr'><strong>ipsos</strong></span> <span class='ocrx_word' id='word_1_268' title='bbox 372 3249 403 3312; x_wconf 94' lang='lat' dir='ltr'><strong>in</strong></span> <span class='ocrx_word' id='word_1_269' title='bbox 427 3249 530 3312; x_wconf 88' lang='lat' dir='ltr'><strong>vallem</strong></span> <span class='ocrx_word' id='word_1_270' title='bbox 553 3269 669 3314; x_wconf 90' lang='lat' dir='ltr'><strong>amarae</strong></span> <span class='ocrx_word' id='word_1_271' title='bbox 692 3251 832 3315; x_wconf 90' lang='lat' dir='ltr'><strong>stultitiae</strong></span> <span class='ocrx_word' id='word_1_272' title='bbox 858 3251 1014 3314; x_wconf 79' lang='lat' dir='ltr'><strong>confertim</strong></span> <span class='ocrx_word' id='word_1_273' title='bbox 1037 3250 1186 3332; x_wconf 89' lang='lat' dir='ltr'><strong>collapsos</strong></span> <span class='ocrx_word' id='word_1_274' title='bbox 1209 3265 1289 3310; x_wconf 84' lang='lat' dir='ltr'><strong>esse.</strong></span> 
     </span>
    </p>
   </div>
   <div class='ocr_carea' id='block_1_3' title="bbox 147 3646 1291 3734">
    <p class='ocr_par' dir='ltr' id='par_1_8' title="bbox 147 3646 1291 3734">
     <span class='ocr_line' id='line_1_30' title="bbox 147 3646 1291 3734; baseline -0.007 -20"><span class='ocrx_word' id='word_1_275' title='bbox 147 3653 197 3716; x_wconf 79' lang='lat'><strong>23.</strong></span> <span class='ocrx_word' id='word_1_276' title='bbox 243 3651 432 3733; x_wconf 87' lang='lat' dir='ltr'><strong>Quapropter</strong></span> <span class='ocrx_word' id='word_1_277' title='bbox 453 3659 514 3714; x_wconf 70' lang='lat' dir='ltr'><strong>mm</strong></span> <span class='ocrx_word' id='word_1_278' title='bbox 535 3653 591 3716; x_wconf 90' lang='lat' dir='ltr'><strong>illis</strong></span> <span class='ocrx_word' id='word_1_279' title='bbox 622 3673 710 3734; x_wconf 90' lang='lat' dir='ltr'><strong>quam</strong></span> <span class='ocrx_word' id='word_1_280' title='bbox 732 3653 800 3716; x_wconf 88' lang='lat' dir='ltr'><strong>istis</strong></span> <span class='ocrx_word' id='word_1_281' title='bbox 828 3651 939 3714; x_wconf 90' lang='lat' dir='ltr'><strong>nullam</strong></span> <span class='ocrx_word' id='word_1_282' title='bbox 966 3652 1032 3712; x_wconf 90' lang='lat' dir='ltr'><strong>fore</strong></span> <span class='ocrx_word' id='word_1_283' title='bbox 1063 3647 1201 3730; x_wconf 88' lang='lat' dir='ltr'><strong>supplicii</strong></span> <span class='ocrx_word' id='word_1_284' title='bbox 1222 3646 1291 3708; x_wconf 90' lang='lat' dir='ltr'><strong>huie</strong></span> 
     </span>
    </p>
   </div>
   <div class='ocr_carea' id='block_1_4' title="bbox 4 3825 1294 4636">
    <p class='ocr_par' dir='ltr' id='par_1_9' title="bbox 4 3825 1294 4636">
     <span class='ocr_line' id='line_1_31' title="bbox 67 3825 1291 3898; baseline -0.005 -14"><span class='ocrx_word' id='word_1_285' title='bbox 67 3828 92 3890; x_wconf 65' lang='lat' dir='ltr'><strong>if</strong></span> <span class='ocrx_word' id='word_1_286' title='bbox 109 3825 203 3884; x_wconf 77' lang='grc' dir='ltr'>αιίτῶν.</span> <span class='ocrx_word' id='word_1_287' title='bbox 234 3837 297 3886; x_wconf 78' lang='lat' dir='ltr'><strong>liditi</strong></span> <span class='ocrx_word' id='word_1_288' title='bbox 312 3844 336 3888; x_wconf 85' lang='lat' dir='ltr'><strong>et</strong></span> <span class='ocrx_word' id='word_1_289' title='bbox 352 3837 392 3887; x_wconf 82' lang='lat' dir='ltr'><strong>elii</strong></span> <span class='ocrx_word' id='word_1_290' title='bbox 410 3829 439 3893; x_wconf 66' lang='grc' dir='ltr'><strong>ἐξ</strong></span> <span class='ocrx_word' id='word_1_291' title='bbox 454 3832 567 3888; x_wconf 69' lang='lat' dir='ltr'><strong>lemnia.</strong></span> <span class='ocrx_word' id='word_1_292' title='bbox 595 3839 648 3890; x_wconf 79' lang='lat' dir='ltr'><strong>lior</strong></span> <span class='ocrx_word' id='word_1_293' title='bbox 674 3837 676 3842; x_wconf 82' lang='lat'>&#39;</span> <span class='ocrx_word' id='word_1_294' title='bbox 733 3838 757 3886; x_wconf 89' lang='lat' dir='ltr'><strong>h.</strong></span> <span class='ocrx_word' id='word_1_295' title='bbox 775 3831 818 3886; x_wconf 83' lang='lat' dir='ltr'><strong>ste</strong></span> <span class='ocrx_word' id='word_1_296' title='bbox 834 3837 890 3898; x_wconf 84' lang='lat' dir='ltr'><strong>lleg.</strong></span> <span class='ocrx_word' id='word_1_297' title='bbox 910 3835 1009 3898; x_wconf 87' lang='lat' dir='ltr'><strong>Segner.</strong></span> <span class='ocrx_word' id='word_1_298' title='bbox 1028 3834 1126 3885; x_wconf 86' lang='lat' dir='ltr'><strong>Gobler.</strong></span> <span class='ocrx_word' id='word_1_299' title='bbox 1144 3831 1249 3882; x_wconf 83' lang='lat' dir='ltr'><strong>Pelclm.</strong></span> <span class='ocrx_word' id='word_1_300' title='bbox 1269 3829 1291 3878; x_wconf 93' lang='lat' dir='ltr'><strong>l.</strong></span> 
     </span>
     <span class='ocr_line' id='line_1_32' title="bbox 66 3889 1292 3957; baseline -0.005 -7"><span class='ocrx_word' id='word_1_301' title='bbox 66 3899 110 3950; x_wconf 74' lang='lat' dir='ltr'><strong>eui</strong></span> <span class='ocrx_word' id='word_1_302' title='bbox 126 3904 189 3954; x_wconf 85' lang='lat' dir='ltr'><strong>deest</strong></span> <span class='ocrx_word' id='word_1_303' title='bbox 207 3905 230 3954; x_wconf 90' lang='lat' dir='ltr'><strong>in</strong></span> <span class='ocrx_word' id='word_1_304' title='bbox 249 3905 346 3955; x_wconf 87' lang='lat' dir='ltr'><strong>Gohler.</strong></span> <span class='ocrx_word' id='word_1_305' title='bbox 365 3914 388 3954; x_wconf 88' lang='lat' dir='ltr'><strong>et</strong></span> <span class='ocrx_word' id='word_1_306' title='bbox 407 3907 510 3956; x_wconf 84' lang='lat' dir='ltr'><strong>Peletrn.</strong></span> <span class='ocrx_word' id='word_1_307' title='bbox 525 3907 545 3957; x_wconf 95' lang='lat' dir='ltr'><strong>l.</strong></span> <span class='ocrx_word' id='word_1_308' title='bbox 700 3912 725 3954; x_wconf 91' lang='lat' dir='ltr'><strong>et</strong></span> <span class='ocrx_word' id='word_1_309' title='bbox 742 3905 799 3954; x_wconf 88' lang='lat' dir='ltr'><strong>edit.</strong></span> <span class='ocrx_word' id='word_1_310' title='bbox 818 3904 893 3954; x_wconf 82' lang='lat' dir='ltr'><strong>Paris.</strong></span> <span class='ocrx_word' id='word_1_311' title='bbox 923 3903 985 3953; x_wconf 83' lang='lat' dir='ltr'><strong>fidit.</strong></span> <span class='ocrx_word' id='word_1_312' title='bbox 999 3902 1117 3953; x_wconf 87' lang='lat' dir='ltr'><strong>Commel.</strong></span> <span class='ocrx_word' id='word_1_313' title='bbox 1133 3909 1156 3950; x_wconf 87' lang='lat' dir='ltr'><strong>et</strong></span> <span class='ocrx_word' id='word_1_314' title='bbox 1175 3899 1215 3948; x_wconf 88' lang='lat' dir='ltr'><strong>alii</strong></span> <span class='ocrx_word' id='word_1_315' title='bbox 1232 3889 1292 3944; x_wconf 75' lang='grc' dir='ltr'><strong><em>ἔαυ-</em></strong></span> 
     </span>
     <span class='ocr_line' id='line_1_33' title="bbox 98 3963 1291 4041; baseline -0.002 -21"><span class='ocrx_word' id='word_1_316' title='bbox 98 3973 114 4020; x_wconf 89' lang='lat' dir='ltr'><strong>f.</strong></span> <span class='ocrx_word' id='word_1_317' title='bbox 132 3973 184 4034; x_wconf 87' lang='lat' dir='ltr'><strong>fleg.</strong></span> <span class='ocrx_word' id='word_1_318' title='bbox 200 3980 221 4020; x_wconf 87' lang='lat' dir='ltr'><strong>et</strong></span> <span class='ocrx_word' id='word_1_319' title='bbox 237 3973 336 4036; x_wconf 87' lang='lat' dir='ltr'><strong>Seguer.</strong></span> <span class='ocrx_word' id='word_1_320' title='bbox 353 3967 493 4038; x_wconf 75' lang='grc' dir='ltr'><strong><em>μαναχαίις</em></strong></span> <span class='ocrx_word' id='word_1_321' title='bbox 511 3988 647 4038; x_wconf 84' lang='lat' dir='ltr'><strong>perperam.</strong></span> <span class='ocrx_word' id='word_1_322' title='bbox 700 3963 757 4021; x_wconf 77' lang='grc' dir='ltr'><strong>τόν.</strong></span> <span class='ocrx_word' id='word_1_323' title='bbox 1286 4030 1291 4041; x_wconf 86' lang='lat'>.</span> 
     </span>
     <span class='ocr_line' id='line_1_34' title="bbox 67 4036 1292 4101; baseline -0.007 -15"><span class='ocrx_word' id='word_1_324' title='bbox 67 4037 115 4087; x_wconf 78' lang='lat' dir='ltr'><strong>llos</strong></span> <span class='ocrx_word' id='word_1_325' title='bbox 132 4039 185 4101; x_wconf 84' lang='lat' dir='ltr'><strong>fleg.</strong></span> <span class='ocrx_word' id='word_1_326' title='bbox 203 4041 302 4101; x_wconf 86' lang='lat' dir='ltr'><strong>Seguer.</strong></span> <span class='ocrx_word' id='word_1_327' title='bbox 328 4041 425 4090; x_wconf 84' lang='lat' dir='ltr'><strong>Gohler.</strong></span> <span class='ocrx_word' id='word_1_328' title='bbox 452 4051 476 4090; x_wconf 84' lang='lat' dir='ltr'><strong>et</strong></span> <span class='ocrx_word' id='word_1_329' title='bbox 500 4041 605 4094; x_wconf 79' lang='lat' dir='ltr'><strong>felctnr.</strong></span> <span class='ocrx_word' id='word_1_330' title='bbox 626 4043 648 4091; x_wconf 89' lang='lat' dir='ltr'><strong>l.</strong></span> <span class='ocrx_word' id='word_1_331' title='bbox 734 4040 750 4088; x_wconf 90' lang='lat' dir='ltr'><strong>i.</strong></span> <span class='ocrx_word' id='word_1_332' title='bbox 770 4037 811 4088; x_wconf 88' lang='lat' dir='ltr'><strong>Sic</strong></span> <span class='ocrx_word' id='word_1_333' title='bbox 829 4036 1020 4100; x_wconf 57' lang='lat' dir='ltr'><strong>Segusiauos,</strong></span> <span class='ocrx_word' id='word_1_334' title='bbox 1038 4049 1109 4100; x_wconf 85' lang='lat' dir='ltr'><strong>qoem</strong></span> <span class='ocrx_word' id='word_1_335' title='bbox 1127 4043 1292 4092; x_wconf 74' lang='lat' dir='ltr'><strong>remensoque</strong></span> 
     </span>
     <span class='ocr_line' id='line_1_35' title="bbox 69 4089 1292 4180; baseline -0.01 -26"><span class='ocrx_word' id='word_1_336' title='bbox 69 4096 166 4165; x_wconf 65' lang='lat' dir='ltr'><strong>ababa</strong></span> <span class='ocrx_word' id='word_1_337' title='bbox 183 4097 267 4167; x_wconf 76' lang='grc' dir='ltr'><strong>αὖτῆν</strong></span> <span class='ocrx_word' id='word_1_338' title='bbox 284 4107 373 4158; x_wconf 85' lang='lat' dir='ltr'><strong>rectius</strong></span> <span class='ocrx_word' id='word_1_339' title='bbox 392 4123 463 4173; x_wconf 81' lang='lat' dir='ltr'><strong>qoam</strong></span> <span class='ocrx_word' id='word_1_340' title='bbox 475 4109 531 4159; x_wconf 84' lang='lat' dir='ltr'><strong>editi</strong></span> <span class='ocrx_word' id='word_1_341' title='bbox 543 4101 581 4162; x_wconf 78' lang='lat' dir='ltr'><strong>afa</strong></span> <span class='ocrx_word' id='word_1_342' title='bbox 598 4101 649 4168; x_wconf 68' lang='grc' dir='ltr'><strong>τὴν</strong></span> <span class='ocrx_word' id='word_1_343' title='bbox 700 4107 777 4157; x_wconf 83' lang='grc' dir='ltr'>ιίιιιιιι</span> <span class='ocrx_word' id='word_1_344' title='bbox 796 4113 841 4156; x_wconf 84' lang='lat' dir='ltr'><strong>est.</strong></span> <span class='ocrx_word' id='word_1_345' title='bbox 876 4105 921 4154; x_wconf 81' lang='lat' dir='ltr'><strong>flii</strong></span> <span class='ocrx_word' id='word_1_346' title='bbox 940 4117 1027 4180; x_wconf 70' lang='lat' dir='ltr'><strong>omnes</strong></span> <span class='ocrx_word' id='word_1_347' title='bbox 1044 4111 1067 4151; x_wconf 89' lang='lat' dir='ltr'><strong>et</strong></span> <span class='ocrx_word' id='word_1_348' title='bbox 1085 4089 1292 4180; x_wconf 37' lang='lat' dir='ltr'><strong>editi‘uidcudfq-</strong></span> 
     </span>
     <span class='ocr_line' id='line_1_36' title="bbox 69 4162 1289 4233; baseline -0.01 -14"><span class='ocrx_word' id='word_1_349' title='bbox 69 4169 195 4233; x_wconf 76' lang='grc' dir='ltr'><strong>τοιαύτην.</strong></span> <span class='ocrx_word' id='word_1_350' title='bbox 242 4191 245 4196; x_wconf 91' lang='grc'><strong><em>·</em></strong></span> <span class='ocrx_word' id='word_1_351' title='bbox 700 4166 788 4225; x_wconf 72' lang='grc' dir='ltr'>θινός.</span> <span class='ocrx_word' id='word_1_352' title='bbox 827 4173 878 4222; x_wconf 80' lang='lat' dir='ltr'><strong>llox</strong></span> <span class='ocrx_word' id='word_1_353' title='bbox 903 4171 959 4220; x_wconf 85' lang='lat' dir='ltr'><strong>editi</strong></span> <span class='ocrx_word' id='word_1_354' title='bbox 983 4181 1029 4217; x_wconf 80' lang='grc' dir='ltr'><strong>και</strong></span> <span class='ocrx_word' id='word_1_355' title='bbox 1053 4162 1112 4220; x_wconf 81' lang='lat' dir='ltr'><strong>oidr</strong></span> <span class='ocrx_word' id='word_1_356' title='bbox 1135 4175 1289 4232; x_wconf 73' lang='lat' dir='ltr'><strong>opoouotoc.</strong></span> 
     </span>
     <span class='ocr_line' id='line_1_37' title="bbox 4 4231 1291 4303; baseline -0.008 -14"><span class='ocrx_word' id='word_1_357' title='bbox 4 4259 6 4282; x_wconf 63' lang='grc' dir='ltr'>ι</span> <span class='ocrx_word' id='word_1_358' title='bbox 104 4255 123 4302; x_wconf 85' lang='lat' dir='ltr'><strong>g.</strong></span> <span class='ocrx_word' id='word_1_359' title='bbox 141 4241 192 4303; x_wconf 83' lang='lat' dir='ltr'><strong>fleg.</strong></span> <span class='ocrx_word' id='word_1_360' title='bbox 210 4250 234 4292; x_wconf 91' lang='lat' dir='ltr'><strong>et</strong></span> <span class='ocrx_word' id='word_1_361' title='bbox 251 4242 351 4303; x_wconf 86' lang='lat' dir='ltr'><strong>Segner.</strong></span> <span class='ocrx_word' id='word_1_362' title='bbox 371 4233 543 4292; x_wconf 68' lang='grc' dir='ltr'><strong>ἀνετίθεσαν.</strong></span> <span class='ocrx_word' id='word_1_363' title='bbox 581 4242 648 4292; x_wconf 84' lang='lat' dir='ltr'><strong>ileli-</strong></span> <span class='ocrx_word' id='word_1_364' title='bbox 700 4241 749 4291; x_wconf 87' lang='lat' dir='ltr'><strong>Sed</strong></span> <span class='ocrx_word' id='word_1_365' title='bbox 768 4255 811 4290; x_wconf 84' lang='lat' dir='ltr'><strong>ror</strong></span> <span class='ocrx_word' id='word_1_366' title='bbox 828 4231 889 4290; x_wconf 76' lang='grc' dir='ltr'><strong>υἱός</strong></span> <span class='ocrx_word' id='word_1_367' title='bbox 905 4237 1186 4298; x_wconf 85' lang='lat' dir='ltr'><strong>deestinlleg.Segner.</strong></span> <span class='ocrx_word' id='word_1_368' title='bbox 1201 4231 1291 4294; x_wconf 78' lang='lat' dir='ltr'><strong>tnglic.</strong></span> 
     </span>
     <span class='ocr_line' id='line_1_38' title="bbox 74 4301 1293 4371; baseline -0.007 -17"><span class='ocrx_word' id='word_1_369' title='bbox 74 4308 108 4369; x_wconf 87' lang='lat' dir='ltr'><strong>qni</strong></span> <span class='ocrx_word' id='word_1_370' title='bbox 125 4317 145 4357; x_wconf 87' lang='lat' dir='ltr'><strong>et</strong></span> <span class='ocrx_word' id='word_1_371' title='bbox 161 4311 214 4360; x_wconf 87' lang='lat' dir='ltr'><strong>editi</strong></span> <span class='ocrx_word' id='word_1_372' title='bbox 233 4301 420 4358; x_wconf 70' lang='grc' dir='ltr'>ἂναιιθέασιν.</span> <span class='ocrx_word' id='word_1_373' title='bbox 459 4311 510 4360; x_wconf 80' lang='lat' dir='ltr'><strong>llos</strong></span> <span class='ocrx_word' id='word_1_374' title='bbox 530 4310 585 4371; x_wconf 85' lang='lat' dir='ltr'><strong>fleg.</strong></span> <span class='ocrx_word' id='word_1_375' title='bbox 601 4311 648 4358; x_wconf 85' lang='lat' dir='ltr'><strong>Se-</strong></span> <span class='ocrx_word' id='word_1_376' title='bbox 701 4309 799 4360; x_wconf 78' lang='lat' dir='ltr'><strong>center.</strong></span> <span class='ocrx_word' id='word_1_377' title='bbox 825 4305 930 4356; x_wconf 80' lang='lat' dir='ltr'><strong>Peleius.</strong></span> <span class='ocrx_word' id='word_1_378' title='bbox 946 4305 968 4352; x_wconf 89' lang='lat' dir='ltr'><strong>i.</strong></span> <span class='ocrx_word' id='word_1_379' title='bbox 993 4311 1016 4352; x_wconf 86' lang='lat' dir='ltr'><strong>et</strong></span> <span class='ocrx_word' id='word_1_380' title='bbox 1040 4302 1064 4352; x_wconf 81' lang='lat'><strong>2.</strong></span> <span class='ocrx_word' id='word_1_381' title='bbox 1111 4303 1162 4352; x_wconf 75' lang='lat' dir='ltr'><strong>llos</strong></span> <span class='ocrx_word' id='word_1_382' title='bbox 1187 4301 1243 4361; x_wconf 78' lang='lat' dir='ltr'><strong>neg.</strong></span> <span class='ocrx_word' id='word_1_383' title='bbox 1269 4303 1293 4347; x_wconf 87' lang='lat' dir='ltr'><strong>et</strong></span> 
     </span>
     <span class='ocr_line' id='line_1_39' title="bbox 74 4361 1241 4438; baseline -0.007 -16"><span class='ocrx_word' id='word_1_384' title='bbox 74 4387 131 4433; x_wconf 80' lang='lat' dir='ltr'><strong>gaer.</strong></span> <span class='ocrx_word' id='word_1_385' title='bbox 148 4375 213 4426; x_wconf 80' lang='lat' dir='ltr'><strong>basil.</strong></span> <span class='ocrx_word' id='word_1_386' title='bbox 232 4378 331 4428; x_wconf 83' lang='lat' dir='ltr'><strong>Gohler.</strong></span> <span class='ocrx_word' id='word_1_387' title='bbox 350 4385 373 4426; x_wconf 91' lang='lat' dir='ltr'><strong>et</strong></span> <span class='ocrx_word' id='word_1_388' title='bbox 392 4377 495 4426; x_wconf 74' lang='lat' dir='ltr'><strong>felsina.</strong></span> <span class='ocrx_word' id='word_1_389' title='bbox 518 4377 540 4424; x_wconf 87' lang='grc' dir='ltr'><strong>Ι.</strong></span> <span class='ocrx_word' id='word_1_390' title='bbox 569 4367 649 4424; x_wconf 73' lang='grc' dir='ltr'><strong><em>αὐτοὶ</em></strong></span> <span class='ocrx_word' id='word_1_391' title='bbox 699 4376 800 4438; x_wconf 86' lang='lat' dir='ltr'><strong>Seguer.</strong></span> <span class='ocrx_word' id='word_1_392' title='bbox 821 4363 897 4438; x_wconf 66' lang='lat' dir='ltr'><strong>Spore·</strong></span> <span class='ocrx_word' id='word_1_393' title='bbox 914 4385 959 4436; x_wconf 90' lang='lat' dir='ltr'><strong>pro</strong></span> <span class='ocrx_word' id='word_1_394' title='bbox 978 4361 1048 4422; x_wconf 76' lang='grc' dir='ltr'><strong>ὅλως</strong></span> <span class='ocrx_word' id='word_1_395' title='bbox 1067 4369 1148 4419; x_wconf 88' lang='lat' dir='ltr'><strong>minos</strong></span> <span class='ocrx_word' id='word_1_396' title='bbox 1167 4375 1241 4418; x_wconf 86' lang='lat' dir='ltr'><strong>reete.</strong></span> 
     </span>
     <span class='ocr_line' id='line_1_40' title="bbox 4 4429 1278 4512; baseline 0.003 -30"><span class='ocrx_word' id='word_1_397' title='bbox 4 4455 6 4482; x_wconf 86' lang='grc' dir='ltr'>ι</span> <span class='ocrx_word' id='word_1_398' title='bbox 74 4439 174 4490; x_wconf 75' lang='grc' dir='ltr'><strong>τοιαῦτα</strong></span> <span class='ocrx_word' id='word_1_399' title='bbox 189 4441 339 4508; x_wconf 63' lang='grc' dir='ltr'><strong>βλέποντες.</strong></span> <span class='ocrx_word' id='word_1_400' title='bbox 363 4443 447 4498; x_wconf 85' lang='lat' dir='ltr'><strong>,Editi</strong></span> <span class='ocrx_word' id='word_1_401' title='bbox 467 4451 490 4492; x_wconf 88' lang='lat' dir='ltr'><strong>et</strong></span> <span class='ocrx_word' id='word_1_402' title='bbox 508 4443 548 4492; x_wconf 82' lang='lat' dir='ltr'><strong>alii</strong></span> <span class='ocrx_word' id='word_1_403' title='bbox 568 4433 648 4491; x_wconf 66' lang='grc' dir='ltr'><strong><em>αὗται</em></strong></span> <span class='ocrx_word' id='word_1_404' title='bbox 735 4443 757 4492; x_wconf 81' lang='lat' dir='ltr'><strong>b.</strong></span> <span class='ocrx_word' id='word_1_405' title='bbox 776 4442 835 4503; x_wconf 84' lang='lat' dir='ltr'><strong>fleg.</strong></span> <span class='ocrx_word' id='word_1_406' title='bbox 853 4449 877 4490; x_wconf 88' lang='lat' dir='ltr'><strong>et</strong></span> <span class='ocrx_word' id='word_1_407' title='bbox 895 4440 995 4499; x_wconf 88' lang='lat' dir='ltr'><strong>Segner.</strong></span> <span class='ocrx_word' id='word_1_408' title='bbox 1014 4436 1061 4487; x_wconf 86' lang='lat' dir='ltr'><strong>soli</strong></span> <span class='ocrx_word' id='word_1_409' title='bbox 1079 4429 1241 4504; x_wconf 69' lang='grc' dir='ltr'><strong>παρανοίας.</strong></span> <span class='ocrx_word' id='word_1_410' title='bbox 1270 4491 1278 4512; x_wconf 48' lang='lat'>¹</span> 
     </span>
     <span class='ocr_line' id='line_1_41' title="bbox 75 4499 1294 4575; baseline -0.002 -24"><span class='ocrx_word' id='word_1_411' title='bbox 75 4499 105 4552; x_wconf 76' lang='grc' dir='ltr'><strong>τὰ</strong></span> <span class='ocrx_word' id='word_1_412' title='bbox 121 4501 180 4558; x_wconf 77' lang='grc' dir='ltr'><strong>αὐτὰ</strong></span> <span class='ocrx_word' id='word_1_413' title='bbox 196 4508 346 4575; x_wconf 74' lang='grc' dir='ltr'><strong>βλέποντες.</strong></span> <span class='ocrx_word' id='word_1_414' title='bbox 385 4511 460 4560; x_wconf 88' lang='lat' dir='ltr'><strong>Paulo</strong></span> <span class='ocrx_word' id='word_1_415' title='bbox 477 4517 532 4573; x_wconf 81' lang='lat' dir='ltr'><strong>post</strong></span> <span class='ocrx_word' id='word_1_416' title='bbox 548 4511 605 4574; x_wconf 84' lang='lat' dir='ltr'><strong>fleg.</strong></span> <span class='ocrx_word' id='word_1_417' title='bbox 624 4517 649 4562; x_wconf 85' lang='lat' dir='ltr'><strong>et</strong></span> <span class='ocrx_word' id='word_1_418' title='bbox 735 4510 750 4557; x_wconf 93' lang='lat' dir='ltr'><strong>l.</strong></span> <span class='ocrx_word' id='word_1_419' title='bbox 776 4509 874 4559; x_wconf 84' lang='lat' dir='ltr'><strong>Gchler.</strong></span> <span class='ocrx_word' id='word_1_420' title='bbox 900 4513 923 4555; x_wconf 88' lang='lat' dir='ltr'><strong>et</strong></span> <span class='ocrx_word' id='word_1_421' title='bbox 942 4503 1047 4554; x_wconf 84' lang='lat' dir='ltr'><strong>felckm.</strong></span> <span class='ocrx_word' id='word_1_422' title='bbox 1066 4503 1087 4554; x_wconf 88' lang='lat'><strong>1.</strong></span> <span class='ocrx_word' id='word_1_423' title='bbox 1113 4505 1229 4555; x_wconf 86' lang='lat' dir='ltr'><strong>mendose</strong></span> <span class='ocrx_word' id='word_1_424' title='bbox 1246 4511 1294 4562; x_wconf 78' lang='lat' dir='ltr'><strong>asp·</strong></span> 
     </span>
     <span class='ocr_line' id='line_1_42' title="bbox 76 4566 1018 4636; baseline -0.003 -15"><span class='ocrx_word' id='word_1_425' title='bbox 76 4573 163 4636; x_wconf 86' lang='lat' dir='ltr'><strong>Segner.</strong></span> <span class='ocrx_word' id='word_1_426' title='bbox 179 4581 221 4628; x_wconf 83' lang='lat' dir='ltr'><strong>soli</strong></span> <span class='ocrx_word' id='word_1_427' title='bbox 239 4574 289 4628; x_wconf 80' lang='lat' dir='ltr'><strong>adr</strong></span> <span class='ocrx_word' id='word_1_428' title='bbox 306 4575 422 4628; x_wconf 77' lang='grc' dir='ltr'><strong>τοιαῦτα</strong></span> <span class='ocrx_word' id='word_1_429' title='bbox 438 4575 580 4627; x_wconf 79' lang='lat' dir='ltr'><strong>anesim.</strong></span> <span class='ocrx_word' id='word_1_430' title='bbox 700 4570 813 4632; x_wconf 73' lang='grc' dir='ltr'><strong>κείνους,</strong></span> <span class='ocrx_word' id='word_1_431' title='bbox 832 4567 879 4624; x_wconf 76' lang='lat' dir='ltr'><strong>soi</strong></span> <span class='ocrx_word' id='word_1_432' title='bbox 896 4566 1018 4624; x_wconf 74' lang='grc' dir='ltr'><strong>τούτους.</strong></span> 
     </span>
    </p>
   </div>
   <div class='ocr_carea' id='block_1_5' title="bbox 109 4653 1089 4712">
    <p class='ocr_par' dir='ltr' id='par_1_10' title="bbox 109 4653 1089 4712">
     <span class='ocr_line' id='line_1_43' title="bbox 109 4653 1089 4712; baseline 0.019 -7"><span class='ocrx_word' id='word_1_433' title='bbox 109 4659 220 4710; x_wconf 74' lang='lat' dir='ltr'><strong>damnaui</strong></span> <span class='ocrx_word' id='word_1_434' title='bbox 230 4677 283 4712; x_wconf 78' lang='lat' dir='ltr'><strong>oar.</strong></span> <span class='ocrx_word' id='word_1_435' title='bbox 292 4677 364 4711; x_wconf 77' lang='lat' dir='ltr'><strong>noes.</strong></span> <span class='ocrx_word' id='word_1_436' title='bbox 376 4677 426 4710; x_wconf 86' lang='grc' dir='ltr'>ιιι.</span> <span class='ocrx_word' id='word_1_437' title='bbox 1056 4653 1089 4706; x_wconf 72' lang='lat'><strong>5²</strong></span> 
     </span>
    </p>
   </div>
   <div class='ocr_carea' id='block_1_6' title="bbox 0 0 1538 5048">
    <p class='ocr_par' dir='ltr' id='par_1_11' title="bbox 0 0 1538 5048">
     <span class='ocr_line' id='line_1_44' title="bbox 0 0 1538 5048; baseline 0 0"><span class='ocrx_word' id='word_1_438' title='bbox 0 0 1538 5048; x_wconf 95' lang='lat' dir='ltr'><strong> </strong></span> 
     </span>
    </p>
   </div>
  </div>
 </body>
</html>
