3128 5052
435 309 442 316 ’
536 347 681 392 secernet
695 349 768 392 nnn
785 349 979 394 senercunis.
1304 341 1364 401 715
1387 341 1396 360 ⁸
1441 408 1446 432 Ι

130 501 271 579 prolecto
293 517 444 579 nunquam
466 497 506 560 illi
529 497 748 577 explirnverint,
771 499 888 577 quando
911 499 977 578 ipse
996 499 1148 574 Salomon,
1170 503 1221 582 qui
1243 495 1449 583 sapien-ere.

131 601 195 664 tiae
216 601 392 664 cumulatius
415 601 470 664 luit
491 600 640 679 particeps
662 599 750 678 quern
772 599 818 661 alii
843 617 964 675 omnes,
994 601 1050 663 iste
1077 587 1113 664 al
1135 605 1257 666 homine
1278 605 1363 668 inve-

130 703 195 764 niri
216 721 277 764 nnn
298 719 391 782 posse
412 699 597 781 perspiciens
620 701 676 762 ait:
706 701 744 762 llt
774 703 891 782 quidem
917 706 1097 765 univercum
1124 706 1257 768 seculum
1286 709 1365 770 dedit

129 809 167 866 in
191 804 280 865 eorde
304 821 418 872 eorum,
440 815 476 864 ut
497 821 559 864 non
581 805 716 865 inueniat
731 801 817 864 lione
834 821 918 883 opus,
942 806 1021 884 pund
1042 805 1114 884 fecit
1128 805 1210 868 Deus
1226 809 1262 870 ud
1278 813 1364 872 initio

130 915 279 984 crusque
302 909 334 966 r'n
355 903 455 984 finem.
499 904 545 964 An
567 919 638 981 ergo
661 900 730 981 quia
751 887 826 964 h'aec
848 904 948 964 omnia
963 922 1055 966 nosse
1070 917 1230 984 nequeunt,
1253 907 1363 972 idcirco

131 1005 315 1066 contendent
336 1023 397 1068 nnn
419 1001 571 1067 cnielerc‘l
614 1003 719 1064 Nullus
742 1003 842 1082 ntique
866 1004 968 1066 dubito
992 1006 1063 1084 quin
1092 1005 1121 1066 id
1144 1007 1361 1084 contenderint,

132 1106 316 1194 quippequi
339 1114 468 1168 mentem
491 1104 608 1186 penitus
632 1113 802 1183 corruptam
817 1104 954 1168 habeant.
997 1107 1065 1167 lure
1083 1107 1174 1185 igitur
1187 1111 1293 1170 meritc
1309 1129 1362 1172 ene

129 1209 173 1268 ita
195 1207 304 1286 alloqui
326 1207 426 1268 liceat:
451 1207 476 1268 0
493 1205 576 1268 stulti
592 1213 679 1285 atquc
695 1205 730 1266 ad
747 1205 846 1268 omnia
861 1207 987 1268 audaces
1009 1214 1040 1268 et
1059 1207 1249 1286 praecipites,
1272 1227 1363 1288 querc

130 1327 195 1370 non
216 1309 317 1387 potius
340 1317 472 1370 sanctam
495 1307 669 1368 Trinitatem
691 1305 814 1368 curiose
833 1307 956 1370 scrutari
979 1307 1126 1380 desinitis,
1149 1327 1272 1389 eamque
1295 1329 1362 1372 esse

130 1410 272 1472 duntaxat
293 1409 431 1481 cruditis,
460 1409 636 1488 magistrum
657 1407 834 1487 Apostolum
857 1409 912 1472 hac
933 1409 964 1470 in
987 1427 1019 1470 re
1042 1409 1161 1483 imitati,
1185 1411 1267 1473 cuius
1291 1412 1363 1474 linae

130 1520 204 1574 eunt
226 1511 332 1572 rerba:
364 1511 493 1574 Credere
520 1515 598 1572 enim
627 1519 750 1590 oportet
774 1512 909 1588 prtirrum
931 1510 1012 1581 Ileo,
1043 1515 1115 1592 puin
1143 1523 1187 1573 eat
1209 1523 1239 1574 et
1259 1517 1361 1594 inque

128 1613 270 1674 reatibus
293 1631 325 1676 ne
346 1623 560 1674 remunerator
582 1617 632 1674 sit.
676 1611 737 1674 Nec
758 1610 837 1672 enin
860 1611 947 1674 dixit:
969 1611 1121 1690 quomodo
1145 1621 1200 1686 est,
1224 1615 1277 1676 sed
1293 1623 1359 1675 tan-

127 1723 194 1774 tuna
217 1717 287 1795 puin
308 1725 363 1776 eet.
409 1712 496 1786 Quod
519 1713 545 1774 ei
567 1731 622 1774 nec
643 1713 687 1774 sic
709 1712 828 1791 quidem
851 1711 1040 1786 erubescunt,
1063 1713 1162 1776 dicarrt
1175 1731 1257 1794 ergo,
1280 1733 1356 1794 quc-

128 1815 220 1876 mcdc
243 1816 284 1876 sit
303 1815 402 1889 Pater,
425 1824 458 1876 ut
478 1815 536 1878 hoc
556 1823 643 1894 pacto
665 1813 796 1887 discant,
820 1815 971 1894 quomodo
993 1832 1111 1894 quoqne
1132 1815 1197 1876 eius
1219 1816 1260 1876 sit
1281 1816 1443 1882 Ver-nem.

4 1973 8 1980 .
126 1901 213 1978 lium.
245 1915 328 1990 „Sed
343 1915 504 1978 absurdum
528 1925 583 1989 est,
607 1915 750 1994 inquient,
773 1915 847 1976 haec
861 1915 897 1976 de
912 1915 999 1976 Patre
1015 1915 1195 1994 inquirere.·“
1231 1915 1359 1978 Audianl

128 2015 230 2096 igitur,
252 2017 412 2079 absurdum
435 2035 554 2096 quoquc
576 2035 645 2078 esse
666 2015 745 2077 idem
767 2015 804 2077 de
826 2015 891 2080 eius
913 2016 1011 2078 Verbo
1033 2017 1222 2078 sciscitari.—

218 2120 267 2182 19.
309 2117 413 2198 lteque
435 2136 501 2179 curn
524 2117 636 2179 inutilis
659 2125 689 2178 et
711 2115 819 2180 stultus
842 2118 882 2180 sit
903 2116 1078 2182 huiusmodi
1101 2126 1242 2192 coriatus,
1271 2137 1359 2180 nemo

127 2219 188 2282 iem
210 2219 336 2299 amplius
360 2219 398 2282 de
419 2219 467 2283 his
489 2219 676 2299 percunctari
698 2219 815 2294 audeat,
838 2219 891 2304 scd
915 2237 949 2280 ea
972 2226 1107 2293 tantum‚'
1124 2235 1198 2298 quae
1221 2218 1358 2298 Scriptu-

5 2388 10 2394 ,
126 2321 172 2384 ris
194 2322 393 2393 continentur,
417 2321 532 2383 discere
548 2322 621 2382 setis
636 2320 773 2410 habeant.
812 2320 965 2400 Siquidem
981 2319 1103 2382 omnino
1119 2307 1270 2384 sufficiunt
1284 2339 1358 2400 quac

112 2421 160 2482 ·in
182 2422 258 2484 hanc
277 2433 340 2484 rem
362 2424 477 2502 prolcrt
498 2423 642 2501 exempla.
686 2421 799 2500 Nempe
828 2422 897 2482 lons
920 2431 950 2482 et
970 2421 1020 2482 lnx
1041 2421 1129 2482 Pater
1149 2421 1267 2483 dicitur.
1311 2421 1359 2484 lte

2 2582 9 2603 ι
129 2509 224 2596 enirn,
253 2524 364 2604 inquit,
393 2523 620 2605 dereliquerunt
650 2523 767 2600 scatere
789 2539 884 2602 upuce
905 2525 1046 2584 niventia.
1090 2520 1128 2581 Et
1149 2521 1258 2582 iterum
1281 2522 1357 2602 apud

119 2623 259 2688 uarum:
284 2626 368 2699 Quid
390 2636 451 2696 err,
474 2623 589 2694 lernel,
613 2623 691 2703 pund
712 2625 746 2683 ln
769 2633 856 2686 terra
878 2625 1069 2684 inimicorum
1091 2619 1149 2682 es?
1171 2621 1360 2703 dereliquisti

127 2725 244 2804 sontem
265 2731 442 2807 sapientiae.
485 2724 523 2786 Et
546 2721 709 2786 secudum
730 2722 871 2784 loannem
893 2721 977 2784 Deus
999 2732 1107 2783 eccur
1130 2720 1186 2783 lun
1207 2734 1261 2785 eet.
1304 2721 1356 2782 lt-

123 2825 184 2889 lius
206 2845 287 2901 vero,
311 2847 378 2891 curn
392 2827 522 2889 relertur
542 2825 578 2886 ad
601 2827 724 2898 lentem,
747 2815 855 2886 dicitur
876 2821 1002 2884 liutius:
1024 2821 1158 2900 Namque
1171 2823 1286 2902 flumen
1301 2823 1358 2884 Dei
1475 2895 1485 2906 ἢ

2 3006 7 3016 ,
127 2929 275 3008 repletum
296 2940 343 2991 est
363 2932 460 3010 upur's.
505 2927 579 2989 Cum
602 2933 700 2988 autem
721 2925 800 2986 idem
823 2924 859 2985 ad
875 2923 971 2986 lucem
986 2923 1123 2996 retertur,
1145 2923 1288 3002 splendor
1301 2941 1355 3002 ap·
1447 2965 1457 2982 ,

126 3027 267 3108 pellatur,
290 3029 406 3092 dicente
425 3029 535 3092 Paulo:
569 3028 633 3102 Qui·
654 3045 719 3090 curn
741 3031 782 3090 rit
804 3025 951 3106 splendor
971 3024 1087 3104 plortne
1109 3033 1139 3086 et
1159 3025 1262 3106 fipurc
1284 3026 1356 3088 eud-

128 3135 257 3193 stnntr'ne
279 3135 353 3194 ciue.
398 3131 471 3192 Cum
500 3147 570 3208 ergo
599 3128 686 3192 Pater
713 3126 845 3200 sitim,
880 3136 910 3188 ot
930 3125 1022 3189 Filius
1052 3125 1117 3188 clue
1147 3127 1187 3188 nit
1214 3126 1356 3206 splendor

4 3267 6 3272 .
127 3235 206 3303 (nam
229 3231 332 3295 eadem
349 3249 448 3312 saepe,
471 3227 649 3310 praesertim
664 3229 702 3290 da
716 3227 887 3292 huiusmodi
903 3227 1005 3303 rebus,
1028 3227 1126 3289 dicere
1141 3227 1252 3290 nemini
1267 3245 1356 3308 graec

125 3333 222 3394 rideri.
241 3333 359 3410 dehet),
387 3333 456 3394 licet
483 3349 600 3412 quoque
628 3331 659 3391 in
679 3329 754 3392 Filio
783 3330 953 3411 perspicere
975 3329 1119 3408 Spiritum
1142 3337 1291 3403 sanctum,
1323 3331 1354 3390 in

127 3452 184 3512 quc
206 3451 313 3512 nempe
335 3433 543 3494 illuminamur.
586 3431 663 3492 Hinc
684 3432 761 3494 enim
783 3415 959 3510 Apostolus:
995 3430 1033 3493 llt
1055 3432 1104 3494 det
1125 3433 1225 3503 nelis,
1249 3431 1355 3509 inquit,

129 3533 277 3614 Spintum
300 3539 465 3614 supientiae
487 3544 515 3596 et
538 3533 732 3596 revelationis
754 3538 788 3595 in
810 3537 962 3612 spuitione
980 3537 1053 3603 etue,
1076 3533 1264 3594 illuminator
1282 3549 1351 3593 ocu-
1458 3529 1465 3544 '

128 3634 173 3696 loe
196 3636 307 3696 cordis.
350 3635 443 3696 Porro
462 3653 528 3697 cum
544 3633 658 3712 Spiritu
672 3632 883 3706 illuminamur,
905 3633 1042 3694 Christus
1065 3631 1130 3710 ipsc
1153 3643 1210 3705 est,
1232 3629 1282 3710 qui
1298 3634 1354 3690 nos

126 3735 157 3796 in
179 3733 229 3794 illo
252 3733 411 3808 illuminat,
441 3747 474 3798 ut
494 3735 568 3796 haec
589 3732 679 3796 verba
700 3739 862 3795 testantur:
892 3733 970 3794 Erat
992 3731 1049 3794 lun
1071 3751 1159 3802 veru,
1183 3749 1257 3812 punc
1280 3729 1354 3790 illu-

126 3839 221 3898 minct
242 3854 357 3897 omnem
380 3837 528 3897 nominem
550 3838 716 3896 uenientem
737 3837 769 3896 in
789 3835 944 3896 muudum.
989 3831 1132 3894 Similiter
1150 3839 1183 3893 ut
1198 3831 1285 3892 Pater
1304 3837 1355 3890 est

125 3937 193 3996 lons
217 3947 247 3997 ct
266 3935 358 3998 Filius
380 3935 486 4000 fluvius
515 3935 694 4016 appellatur,
725 3933 766 3996 ite
796 3933 939 4014 Spiritum
967 3933 1070 3994 bibere
1099 3932 1235 3994 dicimur.
1278 3931 1352 3992 Nam

127 4036 268 4116 scriptum
291 4045 351 4097 eet:
384 4037 492 4099 Omcer
514 4056 610 4099 unum
631 4036 781 4116 Spiritum
803 4035 938 4098 didimus.
983 4035 1097 4095 llursue
1120 4051 1186 4094 cum
1209 4032 1352 4111 Spiritum

125 4220 226 4270 Ftlclm·
249 4222 270 4270 l·
306 4221 384 4271 Celeri
402 4215 582 4274 πιστεύοντες.
797 4236 817 4271 e.
836 4221 877 4271 Sic
894 4219 1015 4282 Anglicon.
1042 4227 1065 4268 et
1090 4219 1195 4268 Graecus
1213 4218 1352 4280 Scriptnree

159 4304 178 4338 c.
198 4274 247 4337 οὖν
264 4288 332 4337 abest
350 4277 362 4337 s
382 4289 436 4350 lleg,
459 4291 479 4338 l.
496 4289 711 4352 §agnescentes
762 4295 849 4336 tantus.
877 4287 974 4337 Editiel
992 4273 1099 4335 cotcriel
1117 4285 1236 4335 omittunt.
1261 4283 1351 4346 deul.

124 4355 228 4404 Felclrm.
246 4356 267 4404 1.
285 4365 308 4404 et
327 4355 399 4404 llesil.
513 4399 522 4418 ,
762 4369 816 4404 vero
837 4355 907 4404 habet
925 4342 1003 4408 εἶναι,
1024 4345 1048 4400 εἰ
1065 4343 1233 4417 ἐγκατέλιπες
1252 4361 1296 4402 ele.
1325 4377 1351 4388 ·-

156 4423 180 4471 d.
198 4423 238 4473 Sic
257 4421 569 4484 neptem-ercutio.
587 4421 710 4472 etl'elclt-
796 4424 812 4472 l.
837 4414 916 4474 ὄντος
939 4423 1008 4470 deest
1031 4421 1055 4470 in
1079 4421 1209 4482 Anglicsnc
1241 4429 1265 4470 et
1295 4419 1351 4468 cdit.

125 4491 240 4538 mannil.
268 4490 312 4539 lin
325 4498 403 4539 nutem
417 4497 440 4538 el
451 4490 507 4538 editi
519 4481 623 4540 αὑταῖς.
650 4489 709 4538 lbid.
763 4489 879 4538 Commel.

125 4555 179 4619 lies.
192 4557 212 4606 l.
226 4551 288 4622 περὶ
301 4549 398 4606 τούτου
413 4553 461 4604 τοῦ
479 4552 709 4622 παραδείγματος.
755 4547 763 4559 “
796 4571 818 4617 g.
838 4557 894 4619 ling.
915 4555 937 4604 l.
955 4549 1048 4620 πατρί.
