3110 5064
206 329 245 392 10
741 341 914 388 rumetum.

163 519 174 536 ι
203 491 324 564 neralie',
340 491 384 552 rir
395 489 501 554 doctus
514 509 604 569 opera
617 490 715 554 omnia
727 491 950 570 apologetsrum
963 507 1136 584 graecoqum
1152 509 1231 554 saec.
1247 492 1283 555 ll.
1307 501 1337 556 et
1358 492 1424 555 Cle-

201 594 311 657 mentis
325 591 514 654 Alexandrini
536 601 623 671 atque
639 591 787 670 origenis.
809 592 880 656 item
896 591 1079 668 Tertulliani,
1103 593 1251 672 Cypriani,
1272 593 1425 671 Lactantii,

201 693 305 760 Hilarii
328 711 393 754 ctum
418 693 569 771 opusculis
591 693 709 756 ldinuoii
730 691 846 765 Felicis,
870 693 1025 756 Novatiani
1047 703 1077 754 et
1096 693 1196 774 Optati
1212 693 1367 758 lliler'rtani
1389 693 1426 756 ad

202 793 377 874 exemplaria
394 794 572 873 optimarum
589 794 751 856 editionum
768 794 843 873 typis
858 793 957 856 denuo
974 794 1166 858 describenda
1178 795 1301 858 curarit.
1332 797 1426 874 htque

97 929 100 943 ι
201 896 232 960 id
255 914 313 976 quo
336 894 461 958 consilio
484 895 587 958 iecerit
608 893 694 956 latius
716 903 852 973 patente,
884 896 951 974 ipse
979 897 1010 958 iu
1031 896 1157 974 epistola
1179 897 1215 958 ad
1237 896 1341 959 Frauo.
1364 898 1425 958 dn·

202 997 316 1062 tonium
351 995 456 1069 Vitale,
487 995 659 1058 Tertulliani
686 993 845 1074 Operibus¹
863 997 990 1074 praelixa
1025 997 1157 1076 exponit.
1200 998 1307 1061 lusunt
1337 998 1427 1076 igitur

201 1117 263 1162 non
286 1098 382 1160 solum
404 1097 470 1158 libri
492 1096 629 1176 polemici
652 1106 713 1158 tum
736 1105 837 1158 contra
860 1096 984 1176 gentiles
1008 1107 1039 1160 et
1058 1097 1204 1172 ludaeos,
1233 1107 1295 1162 turn
1323 1091 1426 1160 c'ontra

201 1200 366 1262 haereticos
388 1207 419 1260 et
439 1198 645 1260 schismaticos
665 1196 837 1276 conscripti,
861 1197 1024 1260 sedetiam
1046 1207 1187 1262 tractatus
1215 1201 1251 1264 de
1277 1200 1425 1278 dogmati-

200 1300 267 1374 bus,
290 1299 423 1362 moribus
446 1299 570 1378 aliisque
592 1297 683 1360 rebus
705 1299 912 1361 ecclesiasticis
941 1310 970 1363 et
997 1301 1207 1364 commentaria
1234 1301 1265 1362 iu
1288 1302 1425 1380 scriptu·

201 1419 264 1464 ram
289 1419 412 1464 sacram.
457 1399 646 1462 Nobilissima
669 1418 740 1462 vero
763 1417 852 1480 opere
866 1400 1011 1480 polemico
1026 1410 1143 1482 patrum
1159 1419 1332 1482 graecorum
1346 1420 1428 1466 saec.

201 1503 248 1566 lv.
272 1511 302 1564 et
324 1503 356 1564 ll.
380 1501 416 1563 ab
439 1501 494 1564 ista
517 1500 709 1573 collectione,
741 1519 816 1580 quae
844 1519 905 1563 nou
926 1501 1063 1564 absoluta
1085 1511 1148 1576 est,
1181 1503 1299 1566 ahsuut.
1343 1504 1428 1566 ldem

203 1604 429 1668 existimandum
451 1614 500 1664 est
520 1602 557 1664 de
579 1601 646 1664 aliis
675 1599 851 1681 quibusdam
880 1602 1104 1668 collectionibus
1137 1603 1318 1676 minorihus,
1351 1623 1430 1682 quae

202 1705 259 1769 etsi
281 1705 312 1768 id
334 1721 394 1768 non
417 1705 447 1766 in
469 1705 568 1778 leonte
586 1721 660 1784 prae
682 1704 851 1778 scierunt,
875 1713 973 1769 tumen
994 1703 1032 1768 iis
1053 1707 1249 1785 potissimum
1263 1705 1429 1768 destinatae

142 1807 145 1812 “
202 1817 282 1879 sunt,
304 1805 355 1886 qui
377 1807 513 1885 dogmata
535 1805 644 1867 veteris
667 1804 809 1866 ecclesiae
831 1823 866 1868 ex
887 1814 1004 1885 patrum
1028 1808 1147 1886 scriptis
1177 1806 1342 1870 eocurntius
1371 1825 1428 1870 co·

202 1925 348 1987 gnoscere
370 1908 498 1988 cupiant
543 1905 632 1968 Cuius
655 1906 772 1984 generis
796 1915 867 1970 sunt
891 1906 1047 1986 Opotoura
1072 1921 1198 1988 potrum
1226 1907 1338 1970 selecto
1358 1925 1430 1970 oum

201 2009 384 2090 praelatione
398 2009 432 2069 h.
447 2007 573 2069 Neandri
597 2006 711 2068 duabus
733 2007 868 2086 partibus
882 2005 1013 2068 Berolini
1034 2026 1060 2068 a.
1086 2011 1177 2074 1826.
1200 2015 1317 2088 etseq.
1340 2027 1429 2073 som·

154 2165 161 2183 ,
202 2111 282 2173 tibus
304 2109 451 2172 Franclini
473 2108 592 2180 emissa,
615 2115 646 2168 et
667 2125 742 2187 quse
764 2107 873 2170 Oxonii
896 2126 922 2169 e.
948 2110 1041 2172 1840.
1064 2108 1172 2172 iterum
1195 2108 1313 2173 duobus
1336 2110 1436 2174 tomis

202 2212 379 2292 prodierunt
400 2209 591 2290 Scriptorum
619 2208 888 2274 ecclesiasticorum
916 2209 1064 2288 opusculo
1089 2214 1257 2290 praecipuo
1284 2213 1432 2292 quaedum

203 2312 239 2374 ab
261 2312 345 2376 llart.
367 2311 498 2392 losepho
520 2309 637 2380 llouth,
667 2308 858 2372 celeberrimo
888 2307 1095 2390 Reliqciornm
1117 2327 1279 2374 coctorum
1301 2311 1429 2386 editore,

202 2412 354 2491 recognita
376 2412 515 2490 notisque
536 2409 689 2472 illustrata.
733 2409 853 2472 illorum
877 2409 907 2470 iu
930 2418 1016 2490 parte
1035 2411 1136 2490 priore
1166 2411 1268 2474 insunt
1289 2412 1430 2478 Clemen-

202 2514 333 2576 tisdlex.
356 2513 500 2591 scriptum
521 2504 572 2586 τίς
593 2503 611 2574 ὁ
634 2503 820 2592 σωζόμενος
840 2503 1021 2588 iciodorum·
1045 2511 1169 2590 epistola
1187 2512 1223 2574 ad
1238 2513 1428 2594 Diognetum,
1490 2533 1497 2545 “

201 2613 357 2692 Augustini
378 2611 496 2675 libellus
518 2612 555 2674 de
577 2612 791 2690 catechizandis
813 2611 937 2672 rudibus
959 2612 1223 2691 atquc'l'rectatus
1246 2614 1348 2678 lll.'et
1362 2616 1427 2679 llll.

202 2715 234 2778 iu
256 2731 300 2777 ev.
321 2713 461 2776 loconis:
494 2714 660 2792 posteriore
691 2711 825 2784 eiusdem
845 2713 1002 2790 Augustini
1030 2714 1137 2794 scripte
1159 2714 1272 2794 aliquot
1292 2715 1328 2778 ad
1351 2735 1427 2778 con-

201 2816 378 2878 trouersiam
401 2813 584 2892 pelagianam
605 2813 794 2893 pertinentia.
822 2813 907 2886 Quae
930 2823 1049 2892 praeter
1070 2814 1134 2878 illes
1155 2817 1321 2895 promissae
1341 2825 1430 2880 erant

203 2924 330 2996 quotuor
351 2922 461 2993 partes,
483 2914 579 2976 lucem
601 2932 661 2976 non
683 2915 829 2976 viderunt.
864 2914 993 2976 Alterius
1015 2924 1112 2978 autem
1135 2917 1234 2995 operis
1257 2917 1427 2981 institutum

202 3015 340 3089 maxime,
362 3033 417 3077 nec
437 3023 535 3076 tamen
557 3014 679 3076 omniuo
703 3014 892 3078 adnationes
923 3015 1103 3094 dogmaticas
1132 3025 1162 3078 et
1187 3015 1347 3094 polemicas
1374 3037 1426 3080 ao·

204 3116 422 3181 commodatum
445 3135 513 3178 esse
536 3115 659 3179 editoris
681 3115 823 3194 praelatio
845 3117 933 3180 docet
953 3125 1041 3195 atque
1062 3117 1127 3198 ipsa
1149 3115 1358 3196 opusculorum
1375 3137 1426 3182 sc-
1491 3135 1499 3140 ·

202 3219 275 3292 ries,
297 3235 424 3298 quorum
447 3217 588 3296 pleraque
610 3217 767 3295 dogmatici
789 3225 819 3278 et
839 3217 977 3296 polemici
999 3225 1070 3280 sunt
1096 3217 1271 3297 argumenti.
1310 3217 1429 3282 Etenim

203 3329 322 3400 praeter·
355 3319 469 3380 lrenaei
502 3316 631 3396 regulam
669 3316 738 3379 lidei
774 3326 805 3378 et
838 3317 981 3398 epistolae
1013 3318 1049 3382 ed
1084 3318 1237 3383 Florinum
1274 3319 1428 3400 irsgnten·

204 3429 267 3482 tum
300 3419 341 3482 ihi
375 3426 492 3480 exstant
524 3418 636 3497 scripta
669 3417 818 3498 llippolgti
855 3429 955 3482 contra
991 3420 1130 3483 haeresin
1164 3420 1269 3492 Nocti,
1309 3420 1429 3486 Termi·

203 3519 273 3584 liani
295 3521 332 3584 de
354 3519 587 3600 praescriptione
610 3518 842 3594 haereticorum,
875 3519 1011 3601 Cypriani
1044 3521 1082 3582 de
1115 3520 1263 3582 idolorum
1289 3521 1428 3596 vamum,

203 3619 326 3684 denobii
347 3620 578 3700 disputationum
600 3621 741 3682 adversus
763 3630 868 3700 gentes
888 3620 965 3684 liber
990 3621 1116 3702 primus,
1138 3619 1282 3684 Lactantli
1298 3621 1429 3702 epitome

204 3721 423 3785 institutionum
445 3721 620 3794 divinarum,
643 3721 793 3811 Athanasii
817 3723 961 3800 expositio
982 3721 1061 3796 fidei,
1089 3734 1226 3803 excerpto
1249 3741 1285 3784 ex
1303 3723 1428 3803 epistola

205 3821 408 3902 chysostomi
431 3823 467 3884 ad
490 3821 658 3884 Caesarium
681 3831 767 3884 etex
791 3841 881 3903 opere
904 3822 1013 3886 Gelaeii
1036 3823 1072 3886 de
1098 3822 1213 3886 duabus
1236 3823 1347 3888 Christi
1372 3843 1428 3888 oo·

205 3924 292 3994 turis,
316 3923 414 4003 Cyrilli
433 3923 515 3984 Alex.
538 3923 663 4002 epistola
687 3924 827 4003 synodica
848 3923 990 3986 adversus
1012 3923 1196 3998 Nestorium,
1220 3924 1344 3986 Joannis
1365 3926 1429 3986 hu-

204 4023 332 4088 tlocheni
356 4023 481 4104 epistola
504 4024 539 4086 ad
562 4023 714 4106 Cyrillum,
752 4025 879 4104 denique
911 4024 1042 4104 symbola
1076 4035 1107 4086 et
1134 4041 1264 4088 canones
1295 4026 1430 4104 priorum

205 4131 333 4203 quatuor
354 4125 546 4190 conciliorum
569 4126 828 4189 oecumenicorum
850 4145 915 4190 cum
938 4123 1111 4188 delinitione
1133 4125 1202 4188 lidei
1224 4133 1339 4186 asexto
1354 4142 1430 4204 pro-

203 4223 311 4305 posita.
354 4224 479 4306 Reliqua
499 4246 515 4288 e
537 4226 601 4288 viro
624 4227 799 4290 doctissimo
821 4227 851 4290 in
874 4226 1005 4306 syllogen
1027 4225 1105 4288 hene
1125 4235 1244 4306 recepta
1263 4225 1371 4304 purtim
1392 4225 1431 4290 sd

206 4325 303 4388 cilicia
324 4333 354 4387 et
376 4344 474 4390 mores
490 4328 735 4404 Christianorum,
759 4327 865 4410 partim
887 4327 922 4388 ed
946 4327 1150 4406 quaestionem
1172 4328 1209 4388 de
1235 4327 1353 4408 antique
1375 4345 1430 4390 ro-

204 4427 285 4490 mani
305 4428 451 4508 praesulis
468 4430 642 4492 auctoritate
658 4440 802 4511 spectant,
824 4427 903 4490 velut
917 4427 1103 4490 nobilissima
1117 4427 1279 4490 Firmiliaui
1295 4429 1432 4510 epistola.

204 4525 268 4592 dlis
289 4546 365 4610 quae
386 4529 546 4596 multorum
568 4532 705 4596 manibus
726 4550 805 4596 nunc
819 4529 924 4592 teritur
939 4529 1085 4607 collectio,
1107 4530 1293 4596 Bibliotheca
1304 4541 1433 4612 potrum
