3106 5056
494 357 604 404 omme
619 361 797 407 meconem
809 362 947 406 moos.
1247 349 1310 412 463

91 511 196 592 pariae
217 509 397 582 deriderem,
419 527 516 592 noque
537 529 596 588 res,
619 529 695 592 quae
716 529 885 592 corporeae·
899 529 963 576 noe
984 521 1064 586 ιιιιιι,
1086 523 1223 594 nuquam
1240 533 1398 579 cor-near.

91 631 192 694 parens
210 611 379 691 ¹cogitantes
402 631 447 685 ea,
470 631 548 692 quae
567 621 649 676 recta
664 613 741 676 dieta
756 623 838 686 sont,
858 613 916 694 ipsi
930 633 1020 694 prere
1034 616 1310 696 interpretarentur.

91 715 143 777 Per
163 723 229 776 erat
248 715 365 794 utique,
387 711 454 776 illos
476 714 524 776 bis
547 714 592 776 vel
615 714 714 777 solum
735 715 845 778 audbis'
864 723 969 796 utpote
991 716 1100 778 Cluisti
1121 717 1221 780 vorbis
1244 737 1311 782 ere-

90 816 173 890 dere,
203 833 271 878 cunr
298 815 423 896 simplex
451 815 525 878 fides
553 817 671 878 canon
700 817 867 897 eloquentia
889 817 930 880 sit
949 819 1160 897 poententiam
1203 821 1313 884 Verum

91 917 225 997 monum
246 917 310 980 boc
325 935 443 997 quoque
461 917 633 997 Scripturas
655 917 721 981 looa
744 919 781 980 ad
800 935 890 980 soem
910 918 1141 982 confirmandam
1163 921 1312 984 bearem

90 1020 208 1098 prolana
237 1019 404 1082 temeritate
432 1018 512 1082 abuti
546 1029 707 1093 conantur,
741 1020 944 1084 necessarium
973 1021 1111 1087 dminus
1138 1032 1167 1085 et
1193 1023 1312 1087 illoram

91 1120 262 1182 convincere
289 1119 526 1200 inprobitatem,
555 1131 583 1184 ct
606 1139 682 1200 quae
703 1137 773 1184 vera
796 1122 837 1183 sit
858 1119 1024 1184 buiuoloci
1047 1123 1261 1202 inumroueto·
1275 1125 1313 1188 ad

89 1221 216 1284 bdelium
236 1223 425 1304 socmbatem
438 1223 613 1302 patefacere.
645 1223 712 1285 lton
727 1239 817 1294 omn,
827 1221 874 1288 'ot
886 1221 930 1286 illi
943 1223 1112 1303 opinantur,
1133 1225 1182 1286 bio
1198 1225 1313 1289 vorbis:

90 1323 146 1406 Epo
170 1328 204 1385 ιἰι
225 1323 321 1388 Putre
339 1334 368 1386 et
389 1323 482 1386 Potor
503 1329 536 1387 ιἰι
557 1341 604 1386 me
624 1336 671 1388 eet
693 1325 891 1404 signibmbrr,
921 1343 975 1386 eos
997 1325 1028 1386 in
1049 1345 1084 1388 sc
1106 1325 1233 1390 invicem
1254 1327 1313 1389 im·

88 1425 159 1488 mitti
185 1441 311 1504 seseque
333 1424 426 1488 veluti·
441 1443 532 1488 venre
554 1425 697 1506 quaedem
718 1445 788 1490 vase
809 1427 934 1489 ierim
955 1425 1089 1506 implero,
1111 1427 1153 1490 ite
1174 1437 1208 1491 ιιι
1228 1429 1316 1495 Peter

88 1527 148 1589 lilii
172 1537 203 1589 ct
223 1527 315 1590 lilim
336 1527 432 1615 Petris
454 1524 629 1593 caetitatem
657 1527 785 1608 roplcat,
800 1551 803 1559 ’
816 1537 981 1608 neuterque
1009 1527 1129 1590 illorum
1156 1529 1263 1608 pleutn
1283 1539 1316 1592 et

87 1632 234 1708 perlectus
256 1627 305 1692 sit
347 1629 503 1710 Siquidem
523 1629 556 1690 id
575 1630 732 1709 proprium
748 1636 795 1694 ost
808 1625 980 1711 corporum,
1002 1649 1058 1692 aec
1072 1630 1184 1711 absquo
1198 1649 1315 1694 summe

86 1732 237 1810 impietate
258 1731 312 1791 vel·
327 1731 417 1802 etiam
437 1731 496 1798 dici
523 1741 622 1810 queat.
665 1730 778 1796 Planus
806 1731 885 1793 enim
913 1742 943 1794 et
971 1733 1121 1812 perfectus
1148 1741 1196 1796 est
1214 1719 1313 1807 Pater,
1359 1745 1362 1753 “

87 1835 203 1913 etipse
223 1833 316 1896 Filius
338 1833 492 1914 plenitudo
515 1842 563 1896 eat
582 1833 690 1896 Patris.
734 1834 795 1896 Nec
816 1837 886 1896 vero
909 1833 1016 1896 eodem
1037 1834 1138 1909 modo,
1161 1835 1315 1916 quolleua

87 1943 132 1995 cst
151 1936 184 1996 in
207 1935 326 1998 Senatu
346 1942 380 1996 ut
402 1953 456 1998 eos
477 1933 663 2010 corroboret,
685 1935 725 1998 ita
747 1943 795 1998 ast
818 1945 848 1996 et
863 1935 894 1996 in
910 1933 997 1997 Filio.
1041 1935 1109 2016 lpse
1122 1937 1205 2000 enin
1218 1937 1314 2000 virtus

86 2046 131 2096 est
152 2037 220 2098 eive
241 2036 335 2098 robur
356 2044 387 2100 et
407 2037 550 2116 sapientie
570 2035 682 2112 Patris,
716 2037 840 2116 eiusque
859 2037 1071 2100 communione
1098 2057 1148 2099 res
1170 2039 1267 2107 bema,
1285 2037 1316 2100 in

86 2137 200 2217 ,Spiritu
232 2135 468 2212 sanctificantem
502 2139 568 2219 ipsc
598 2147 696 2205 auum
729 2139 821 2204 Filius
849 2157 916 2224 pon
947 2137 1071 2202 eliociua
1105 2139 1315 2202 communione

84 2240 162 2302 lilino
185 2248 244 2314 est,
266 2241 320 2304 sed
342 2239 482 2321 proprius
504 2248 552 2302 est
570 2241 669 2303 Patris
692 2243 780 2304 letus.
824 2241 885 2304 Nec
906 2241 978 2304 item
993 2240 1085 2304 Filius
1108 2253 1153 2304 ert
1174 2242 1205 2302 in
1226 2241 1315 2304 Petro

85 2343 187 2406 eadam
212 2343 343 2416 radone,
365 2360 452 2422 quam
475 2341 606 2406 indicant
626 2343 702 2426 beeq
722 2343 829 2406 verba:
864 2341 990 2423 inipso
1012 2345 1140 2404 ciamus
1163 2355 1193 2406 et
1212 2361 1316 2406 mooe

83 2463 153 2508 ntur
174 2455 208 2508 et
229 2463 345 2508 aunone.
388 2443 461 2506 Nam
483 2443 549 2524 ipse
571 2461 607 2506 ex
628 2443 715 2508 Patre
738 2443 839 2506 existit
861 2453 1001 2524 taquam
1023 2462 1062 2504 er
1081 2443 1163 2506 laute
1184 2443 1261 2518 rita,
1283 2445 1315 2506 in

85 2566 140 2627 qua
168 2545 273 2612 omnia
299 2549 365 2609 nim
393 2545 482 2608 vitant
514 2547 662 2626 accipiunt
692 2555 755 2611 tum
783 2545 962 2606 consistunt.
1007 2543 1073 2606 Noc
1102 2545 1181 2606 enin
1204 2545 1313 2606 vitain

82 2650 142 2714 rita
170 2648 260 2724 sivit,
293 2647 423 2728 alioquin
451 2649 509 2710 rita
536 2665 597 2709 non
626 2655 723 2722 osset,
757 2646 811 2708 aad
839 2645 1057 2725 potiusnon
1086 2645 1151 2724 ipse
1173 2643 1313 2708 omnibns

82 2751 228 2832 impertit.
968 2763 972 2771 '

91 2901 95 2912 .
167 2857 202 2918 2.
247 2851 309 2914 lam
330 2869 401 2914 vera
423 2850 553 2931 argutias
575 2867 693 2930 qnoque
714 2847 823 2912 boterii
844 2843 1009 2926 sophistae,
1032 2845 1165 2910 haeresis
1187 2845 1315 2926 petroni,

81 2954 108 3016 si
128 2955 241 3034 placet,
263 2951 463 3032 dispiciamus.
508 2951 563 3012 llic
585 2949 664 3012 euim
685 2949 812 3013 ludaeos
835 2947 999 3010 aemulatus
1023 2965 1069 3021 aa,
1088 2965 1169 3026 quae
1182 2964 1315 3026 ecquam

82 3065 148 3128 tur,
180 3053 315 3134 scripsit
361 3051 576 3132 „Perspicuum
606 3051 684 3113 enim
715 3059 778 3126 est,
806 3050 916 3130 inquit..
945 3049 1027 3112 illum
1054 3048 1166 3112 idcirco
1191 3047 1315 3120 diuisam

80 3157 251 3238 „scipsum
273 3155 304 3218 in
326 3155 414 3217 Patre
436 3168 466 3216 et
479 3155 598 3216 Patrem
621 3153 652 3214 in
675 3151 776 3233 seipso
799 3171 879 3226 esse,
903 3152 982 3231 quod
1006 3170 1061 3213 nee
1082 3151 1182 3232 ipsum
1196 3147 1317 3230 quidem

80 3277 303 3331 „sermonem
336 3275 424 3336 quern
451 3255 638 3336 proferebat,
669 3256 716 3318 sni
744 3273 814 3318 esse
841 3253 970 3327 diceret,
998 3254 1052 3316 sod
1072 3251 1196 3325 Patris,
1216 3271 1233 3312 a
1256 3269 1315 3331 qno

79 3360 253 3434 „videlieet
273 3359 378 3440 agendi
400 3358 538 3420 virtutem
559 3362 743 3438 acceperat.⁸‘
776 3355 914 3418 Proiecto
937 3355 965 3418 si
980 3354 1125 3435 pucnrlm
1138 3353 1196 3416 ista
1209 3353 1316 3434 loque»

78 3473 175 3536 retur,
201 3461 319 3526 veniam
341 3479 376 3524 ox
398 3467 493 3522 aetate
514 3468 619 3540 posset
641 3459 794 3538 consequi.
830 3457 903 3520 Corn
926 3465 1026 3518 autom
1046 3455 1181 3520 boocillo
1197 3453 1317 3526 scribat,

64 3564 132 3644 ,qni
155 3563 304 3643 Sophiste
325 3571 446 3624 vocatur
467 3570 496 3622 ct
518 3561 617 3622 omnic
646 3581 679 3624 se
706 3561 863 3641 profitetur
891 3577 1090 3638 cognoscere,
1119 3575 1176 3637 qna
1204 3573 1316 3636 quaeso

79 3665 278 3728 damnatione
306 3663 411 3744 dignus
440 3681 509 3725 esse
540 3663 708 3724 censendus
739 3661 809 3724 est?
833 3662 883 3722 dn
914 3677 975 3722 non
1005 3661 1092 3722 etiam
1120 3659 1252 3738 seipsum
1281 3654 1317 3716 ab

76 3765 233 3846 Apostolo
250 3761 378 3828 alienum
401 3764 519 3844 probet,
542 3763 652 3844 qeippc
673 3762 725 3842 qui
746 3761 991 3844 persuasibilibus
1013 3759 1177 3840 sapientiae
1199 3775 1316 3818 sermo-

77 3867 172 3929 nibus
198 3863 352 3946 glorietur,
376 3865 483 3946 quibus
506 3873 537 3927 et
557 3865 632 3927 alios
655 3883 687 3926 se
709 3864 845 3944 decipere
867 3880 961 3944 posse
983 3862 1114 3934 confidit,
1138 3877 1204 3921 cum
1220 3863 1318 3918 tamon

111 4055 137 4102 d.
164 4053 212 4104 Sie
236 4051 293 4114 neq.
320 4051 341 4100 i.
367 4059 389 4104 at
412 4051 512 4112 Sexum
548 4052 575 4100 tt
598 4051 639 4101 alii
657 4060 681 4101 et
732 4051 803 4108 Maur
822 4051 911 4100 ibidem
935 4051 992 4110 ling.
1021 4048 1044 4097 i.
1068 4054 1092 4096 et
1115 4045 1215 4124 Sequor.
1234 4047 1320 4107 φῇσιν

78 4119 137 4170 editi
157 4112 225 4170 ἔστι
241 4112 307 4178 ζωὴ,
326 4111 357 4168 ἐν
377 4101 399 4183 qi
418 4111 452 4168 ul
469 4110 562 4167 πάντα
579 4116 680 4184 (moyn
732 4105 817 4172 sicce,
838 4109 904 4166 dm
922 4115 972 4165 τοῦ
989 4107 1100 4181 πατρὸς,
1120 4123 1214 4190 pente.q
1234 4114 1262 4160 tt
1279 4109 1320 4162 alii

76 4191 172 4238 nim
190 4181 242 4236 arci
259 4183 428 4246 συνέστηκεν.
458 4185 580 4250 copiunt.
599 4196 680 4236 temen
733 4195 757 4236 et
774 4187 830 4236 editi
849 4196 952 4250 φησιν,
979 4174 1046 4230 dart
1063 4179 1113 4230 rosi
1129 4166 1321 4244 napos-ebat

76 4257 152 4308 babet
172 4250 359 4320 ζωογονεῖται
374 4267 403 4304 ee
420 4248 467 4302 καὶ
483 4249 653 4316 συνέστηκεν.
731 4247 811 4320 μηδέ.
1004 4317 1029 4327 ..
1066 4301 1078 4330 ς
1190 4315 1195 4326 ¹
1284 4300 1295 4326 τ
1380 4259 1387 4270 ’

110 4341 133 4377 e.
154 4327 203 4374 διο
225 4324 311 4385 ltegioo
329 4335 422 4384 primns
440 4331 463 4374 et
475 4325 575 4386 sepner.
601 4323 682 4373 etalii
768 4323 783 4371 t.
802 4318 942 4371 Felsina.
956 4317 1086 4384 otednip.
1117 4317 1197 4368 celan
1211 4327 1320 4394 mgeqr.

76 4403 100 4442 et
118 4393 183 4443 editi
213 4383 263 4438 det
286 4389 368 4439 τοῦτο
391 4383 480 4458 εἴρηκε
500 4385 553 4458 μὲν
570 4383 700 4440 ἑαυτόν.Ι
766 4389 865 4453 pitep.
889 4387 910 4436 l.
928 4380 957 4436 tr
974 4385 1082 4438 needoir
1099 4378 1202 4450 copies
1218 4379 1319 4448 λεγοις,

75 4460 153 4512 basil.
174 4453 449 4512 moandtvaninic
486 4461 576 4511 ibidem
590 4459 680 4521 namt.
723 4465 799 4508 ,utet
818 4457 888 4506 babet
911 4455 1042 4520 Scriptura.
1079 4454 1232 4504 Folclrmanui
1250 4443 1322 4502 Ην

75 4529 185 4590 Sequer.
215 4525 314 4578 caster.
334 4537 358 4577 et
375 4527 480 4578 lelelm.
502 4529 522 4577 Ι.
571 4519 609 4575 ’τε
631 4520 681 4574 τὸν
731 4523 827 4574 πειθοῖ
849 4517 953 4589 σοφίας
974 4513 1066 4587 λόγον.
1099 4522 1164 4574 Editi
1180 4514 1212 4570 lv
1228 4517 1305 4570 need·

74 4589 173 4662 λόγον.
223 4595 269 4644 etit
293 4601 318 4645 et
342 4595 400 4646 editi
421 4588 493 4661 μηδὲ
516 4539 577 4643 εἴ
588 4587 679 4660 λόγον.
732 4593 835 4659 σοφίας
850 4585 951 4657 λόγοις.
