3110 5064
346 323 492 368 sensnonn
505 321 545 366 ns
560 319 704 366 senueris
717 319 862 366 meinans
878 321 998 367 sunnon.
1244 309 1286 376 33
1334 293 1338 300 ¹

80 475 256 556 intelligentes
283 471 507 556 respondeatis,
530 471 636 536 Filium
664 452 733 538 licet
760 481 889 536 creatum
919 474 1053 554 potuisse
1081 495 1099 538 a
1126 477 1371 542 non-ranorum

79 579 144 654 donn}
164 595 284 641 necesse
306 585 352 640 cst
374 577 463 638 etiam
485 573 664 652 concedatis,
687 573 758 636 alias
781 593 831 636 res
855 593 971 649 omues,
993 577 1183 655 quaefactae
1205 587 1285 654 sunt,

78 679 196 760 potuisse
217 698 233 742 a
255 681 412 740 non-tacto
434 676 599 758 procreari:
623 677 732 756 quippe
754 693 822 738 cum
844 676 909 756 ipse
931 677 1023 739 Filius
1046 679 1210 744 secuudum
1231 699 1286 744 ros

78 784 110 844 sit
128 799 237 861 quoqne
259 799 310 842 res
333 789 447 854 creata,
475 788 508 841 ut
535 786 564 842 et
585 797 636 840 res
660 797 764 840 omnes
788 785 912 840 ceterae.
957 780 1114 844 Praeterea
1136 801 1173 844 ex
1194 782 1286 862 impio

77 895 103 944 et
127 883 210 946 struto
242 881 415 944 huiusmodi
444 887 544 944 restro
572 889 740 942 commento
770 880 920 960 seqnitur,
950 881 1085 944 inutilem
1108 901 1177 946 esse
1197 883 1287 946 Verbi

78 985 295 1064 generationem,
325 1003 392 1046 cnm
420 993 451 1044 et
471 982 551 1045 Deus
580 983 681 1046 omnin
708 1000 763 1063 per
791 981 924 1062 scipsum
944 983 1077 1062 potnerit
1097 985 1228 1058 efficere,
1255 993 1288 1046 et

77 1105 239 1154 insomnes
268 1088 362 1150 factae
389 1085 528 1148 invictam
548 1084 602 1146 uei
629 1103 750 1148 manum
778 1085 856 1146 terre
883 1083 1046 1163 potuerint
1088 1085 1192 1165 Itaque
1220 1104 1287 1148 cnm

78 1190 160 1268 inepta
179 1210 211 1252 nc
230 1189 325 1252 inuis
348 1189 388 1250 sit
409 1189 482 1250 haec
504 1186 621 1250 idomm
642 1187 735 1260 ratio,
760 1185 961 1266 expendamus
985 1203 1023 1246 an
1043 1203 1105 1248 non
1128 1187 1205 1248 atiud
1227 1187 1286 1250 im-

77 1291 176 1370 piomm
203 1292 360 1372 sophisma
388 1292 476 1354 edam
504 1289 598 1368 nugis
619 1306 708 1369 mam
730 1298 847 1351 ceterae
868 1287 1003 1368 ipsomm
1025 1288 1157 1368 argutiae
1179 1289 1287 1351 absur-

78 1394 135 1454 dunr
154 1391 305 1456 ridebitur.
350 1393 443 1454 Adam
473 1391 557 1454 solus
586 1410 601 1454 a
624 1391 689 1454 solo
711 1391 774 1452 Deo
796 1409 851 1472 per
873 1389 1002 1452 Verbum
1024 1391 1120 1452 socrus
1143 1397 1205 1452 est:
1233 1409 1287 1452 re·

77 1513 131 1556 rnm
156 1515 240 1558 nemo
263 1497 375 1558 idcirco
398 1494 518 1568 dixerit,
541 1492 685 1555 ddnmnnn
707 1491 816 1572 aliquid
838 1493 964 1571 amplius
988 1492 1095 1554 ceteris
1116 1490 1288 1556 hominibus

77 1597 184 1672 hahere,
211 1597 256 1660 vei
285 1617 302 1660 a
330 1597 462 1677 posteris
492 1595 628 1668 differre,
660 1593 739 1674 quod
763 1596 828 1674 ipse
850 1594 968 1674 quidem
992 1594 1075 1656 solus
1098 1613 1115 1657 a
1137 1596 1204 1656 solo
1226 1595 1289 1658 Deo

78 1699 155 1760 tactus
175 1707 205 1760 et
223 1699 372 1778 formatus
396 1699 451 1772 sit,
480 1715 537 1758 nos
566 1703 663 1759 antem
686 1715 792 1768 omnes
816 1715 852 1758 ex
872 1697 984 1760 Adamo
1007 1703 1150 1776 perpetua
1172 1697 1289 1774 generis

78 1801 281 1862 coadunatione
309 1817 469 1862 nascamur
498 1807 528 1859 et
554 1817 763 1878 procreemur:
792 1798 932 1878 quamdiu
955 1798 1066 1860 scilicet
1087 1805 1199 1860 certum
1223 1797 1289 1874 erit,

78 1901 159 1978 ipsum
179 1903 265 1964 etiam
291 1920 328 1963 ex
350 1909 427 1963 terra
448 1889 614 1964 formatum
631 1919 714 1974 esse,
745 1901 846 1979 etqui
869 1909 955 1962 antea
976 1917 1037 1962 non
1060 1907 1157 1973 esset,
1183 1907 1291 1980 postea

78 2003 163 2066 tuisse.

145 2210 174 2270 9.
217 2205 309 2280 neon
332 2205 358 2268 si
380 2205 477 2286 primo
499 2206 615 2286 parenti
637 2203 746 2285 aliquid
769 2206 877 2268 noteris
899 2205 1026 2285 amplius
1047 2205 1178 2268 tribuere
1192 2205 1290 2278 libeat,

78 2309 117 2385 qni
136 2327 238 2390 nempe
259 2309 304 2372 ita
326 2307 395 2370 tciix
416 2309 480 2382 init,
502 2316 537 2370 ut
550 2307 605 2370 Dei
626 2327 717 2370 manu
730 2309 928 2382 formerctnr3
950 2326 1053 2371 verum
1068 2308 1149 2369 istud
1164 2307 1290 2389 amplius

79 2411 231 2473 inhonore
260 2429 327 2472 non
355 2411 387 2472 in
414 2418 519 2472 nntnra
548 2410 714 2472 consistere
743 2410 966 2490 intelligendum
994 2417 1050 2472 est.
1094 2410 1227 2490 Namque
1256 2429 1289 2472 ex

79 2523 142 2574 terra
160 2513 251 2577 iactus
279 2521 336 2585 est,
359 2521 392 2574 ut
414 2511 463 2573 alii
486 2530 606 2586 omues,
630 2521 660 2574 et
680 2529 803 2586 manns,
825 2531 901 2591 quae
923 2519 993 2574 tnnc
1014 2511 1158 2574 Adamum
1179 2515 1291 2574 sorma-

78 2615 125 2684 rit,
147 2617 207 2694 ipsa
230 2623 261 2676 et
286 2625 417 2676 nuncet
439 2633 559 2696 semper
581 2633 686 2676 omues
709 2614 773 2676 eius
795 2623 937 2692 posteros
960 2615 1067 2676 formet
1081 2631 1115 2676 ac
1129 2613 1291 2692 componit.

76 2715 104 2776 id
124 2715 181 2796 ipse
200 2717 286 2779 Deus
307 2717 344 2777 ad
366 2715 531 2788 hermiam,
555 2723 588 2778 ut
608 2715 692 2795 prius
715 2715 828 2787 monui,
852 2713 941 2775 dixit:
965 2713 1148 2792 Priusquam
1171 2723 1199 2773 te
1220 2715 1293 2791 sor-

77 2836 174 2880 mnrem
194 2823 228 2880 ιἰι
248 2827 358 2888 utero,
387 2822 462 2880 noni
485 2828 523 2880 te.
566 2817 609 2878 De
637 2815 778 2878 omnibus
802 2825 900 2876 autem
923 2813 988 2876 aliis
1011 2813 1066 2874 ait:
1096 2813 1205 2882 Morene
1228 2832 1294 2874 men

77 2921 137 2996 [eut
163 2921 232 2984 doec
261 2924 374 2982 omnin.
418 2919 456 2982 Et
482 2937 589 2980 rursus
610 2937 665 2998 per
685 2917 819 2980 Esaiam:
848 2917 931 2979 Hune
958 2917 1029 2978 de'cr't
1050 2915 1214 2986 Dominus,
1244 2919 1296 2997 qut

79 3024 181 3086 reddunt
203 3036 231 3086 te
253 3033 287 3084 et
306 3022 424 3099 serrant
446 3031 474 3082 te
495 3027 528 3082 ire
550 3032 648 3083 utero.
693 3019 756 3100 Epo
772 3019 931 3088 Dominus,
954 3021 1008 3099 qun·
1028 3021 1128 3079 omm'n
1146 3017 1293 3098 perficio:

78 3126 185 3188 rcteudr'
204 3125 324 3186 caerem
346 3124 432 3184 solus
454 3133 483 3185 et
505 3123 640 3186 stodiir‘or'
660 3136 786 3187 terram.
819 3121 910 3182 David
931 3139 1060 3200 quoque,
1084 3120 1131 3181 cui
1153 3120 1211 3182 ista
1232 3137 1377 3190 nonnam,

77 3221 198 3298 latebant,
220 3225 361 3288 canebat:
385 3225 495 3286 Marius
518 3237 588 3288 tune
608 3227 749 3303 feceruut
763 3243 816 3296 ,me
837 3235 865 3286 et
885 3225 1104 3302 formaverunt
1117 3241 1171 3284 me.
1204 3221 1294 3296 Etis,

78 3326 148 3387 coins
170 3327 244 3390 hoec
266 3327 346 3406 apud
367 3326 485 3388 Esaiam
507 3326 644 3406 leguntur
667 3325 770 3388 verbe:
799 3325 849 3388 Sr'o
871 3327 943 3388 dicit
964 3325 1128 3396 Dominus,
1151 3327 1204 3404 qni
1222 3325 1294 3401 sor-

79 3433 157 3490 nnon't
179 3447 223 3490 me
247 3447 288 3492 erc
309 3439 399 3491 utero
422 3447 543 3492 neroum
566 3429 640 3498 eidi,
668 3427 748 3490 idem
776 3427 864 3488 ctiam
893 3426 1048 3506 siguificat.
1092 3423 1192 3504 ltaque
1221 3425 1308 3488 niun

78 3529 189 3592 anobis
211 3540 321 3594 nature
342 3529 485 3604 differret,
508 3529 575 3590 licet
596 3547 653 3592 nos
675 3537 809 3608 tempore
831 3528 1035 3600 antecesserit,
1058 3527 1198 3606 quamdin
1219 3545 1293 3588 con-

80 3629 162 3703 stabit,
183 3651 243 3693 nos
267 3649 373 3694 omncs
396 3631 498 3694 eadem
520 3649 611 3692 maun
634 3630 773 3692 constitui
797 3639 827 3692 et
848 3631 980 3692 tornioni.
1025 3630 1057 3691 Si
1075 3629 1174 3709 igitur,
1197 3625 1294 3689 odri-

80 3731 128 3802 ani,
148 3743 243 3794 restra
266 3734 341 3794 haec
362 3743 409 3796 ost
430 3733 466 3794 de
481 3733 555 3794 Filio
571 3731 624 3794 Dei
647 3733 805 3805 sententia,
826 3732 909 3794 ilium
931 3747 1037 3810 nempe
1060 3731 1104 3792 sic
1119 3730 1207 3792 etiam
1221 3747 1294 3808 pro-

80 3829 184 3895 tonum
207 3835 368 3898 etinctum
391 3834 497 3896 fuisse:
520 3833 593 3896 nihil
617 3834 779 3896 secundnm
801 3853 855 3896 ros
876 3834 954 3896 inter
976 3852 1043 3895 enm
1065 3841 1096 3894 en
1109 3827 1297 3931 aliostqnod

80 3933 109 3992 ed
136 3947 269 4000 naturam
297 3937 444 4016 pertinet,
473 3937 626 4012 intererit,
649 3939 719 3998 dum
742 3937 854 3998 scilicet
875 3935 1061 3998 contendetis
1084 3934 1199 4013 ipsum,
1230 3947 1297 3990 omn

81 4043 155 4096 anna
174 4058 236 4099 uon
260 4047 352 4114 esset,
374 4045 480 4118 postea
502 4037 606 4113 tuisse,
629 4048 716 4118 atque
739 4057 800 4100 non
822 4037 881 4100 nisi
905 4038 943 4100 ob
965 4038 1105 4098 virtutem
1127 4031 1216 4092 huius
1238 4047 1296 4090 no-

81 4135 158 4198 minis
191 4139 317 4220 gretiam
348 4140 381 4202 in
414 4140 461 4202 sni
494 4141 702 4220 procreatione
734 4141 911 4202 obtinuisse.
957 4137 989 4198 Si
1011 4133 1129 4215 quidem
1151 4132 1200 4194 iile
1221 4149 1298 4196 unus

82 4253 188 4318 quoqne
211 4260 249 4303 ex
269 4241 317 4303 his
341 4249 397 4316 est,
420 4241 457 4304 de
479 4241 604 4322 quibus,
626 4252 659 4306 ut
680 4243 800 4322 quidem
821 4239 950 4322 putatis,
973 4235 1100 4318 Spiritus
1123 4243 1244 4297 sanctus
1266 4233 1297 4294 in
1365 4227 1370 4236 ’

112 4441 131 4473 ι.
148 4427 202 4490 κει,
228 4437 252 4478 ει
275 4429 349 4480 Breii.
375 4420 516 4492 ἄγινιίτου.
555 4429 618 4480 som
637 4438 662 4480 et
712 4415 1299 4491 Editietntiin'nyennrirouetnrirnepyndrirnn

85 4489 177 4546 Feltini.
194 4495 220 4545 't-
240 4487 397 4562 dyerrrirov.
748 4513 767 4546 c.
786 4490 834 4544 aet
850 4496 919 4544 obest
936 4509 948 4542 ι
968 4493 1048 4558 Regin.

113 4561 133 4610 d.
155 4563 213 4626 naq.
238 4553 370 4628 ἇγενῆτευ
395 4573 418 4614 et
442 4559 660 4631 incomminus.
749 4565 772 4614 d.
790 4565 846 4626 iton.
865 4558 979 4628 λέγεται.

115 4647 235 4694 ιιιιιιιιιι
246 4663 376 4698 oaeneon.
390 4663 439 4696 ιιι.
1023 4693 1027 4704 .
1080 4647 1095 4696 3
