3056 5064
240 329 260 395 8
284 403 286 406 Ι
632 343 657 388 ε.
673 343 828 388 nattum
842 343 1067 390 ετοτιτειεεοει

152 515 317 582 ε.ιοο.στην
339 492 423 560 θεὸν
445 490 503 560 τόν
524 492 582 558 τοῦ
604 492 688 559 θεοῦ
711 489 792 571 υίόν,
815 491 874 560 τὸν
896 490 930 559 ἐκ
951 494 1010 558 τοῦ
1033 491 1128 572 όντος
1151 489 1249 570 όντα,
1275 490 1340 560 τόν
1364 491 1400 561 ἐκ
1420 495 1475 560 τοῦ

237 596 341 681 μόνου
369 593 481 678 μόνον,
505 589 571 671 ’τός
599 591 869 682 συναπεγεννήθη
892 592 926 659 ἐκ
947 596 1006 660 τοῦ
1029 593 1157 680 πατρὸς
1179 589 1307 672 όίόίως
1330 588 1351 681 ἡ
1376 588 1475 678 ὁμοία

237 695 321 776 ’όόξα
341 697 396 763 καί
420 693 574 780 δύναμις·
606 690 624 760 ό
646 692 707 780 γὰρ
730 693 884 782 ἑωρακὼς
904 692 961 760 τὸν
984 693 1070 776 υἱόν,
1094 701 1150 762 καί
1171 693 1229 761 τὸν
1254 699 1397 780 πατέρα
1419 693 1477 762 έιό-

236 799 353 882 ρακε“).
396 795 440 864 τὰ
467 794 578 864 πάντα
611 795 765 884 δηλονότι
793 794 850 862 όιύ
875 797 934 862 τοῦ
961 795 1036 864 υἱοῦ
1065 796 1289 884 ἐκτίσθησαν·
1322 790 1396 862 ἀλλ’
1422 789 1477 862 σύκ

238 899 327 966 ἐστιν
349 892 450 976 αύτός
469 904 606 982 κτίσμα,
630 893 676 976 (ῦς
698 919 800 984 φησιν
823 889 841 961 ό
863 899 999 976 Παῦλος
1020 900 1098 984 περί
1120 900 1179 964 τοῦ
1201 902 1342 983 κυρίου,
1367 893 1422 964 ότι
1444 897 1476 962 ἐν

184 1023 189 1030 ·
236 993 326 1086 αύτῷ
349 995 486 1086 ἐκτίσθη
509 999 552 1067 τὰ
572 998 700 1068 πάντα·
722 1000 776 1064 καί
799 990 898 1076 αύτός
920 997 993 1065 ἐστι
1013 997 1081 1085 πρὸ
1103 998 1283 1080 πάντων).
1326 992 1367 1065 ού
1392 1000 1478 1083 λέγει

238 1100 274 1166 tt
297 1095 351 1166 ότι
371 1098 438 1186 πρὸ
462 1099 596 1167 πάντων
619 1099 772 1185 ἐκτίσθη,
797 1092 866 1164 ἄλλ’
892 1094 945 1166 ότι
967 1098 1034 1186 πρὸ
1057 1099 1193 1167 πάντων
1215 1098 1311 1167 ἐστί·
1335 1099 1378 1166 τό
1399 1101 1476 1186 γοῦν

150 1221 175 1266 ε.
183 1223 227 1266 τοι.
238 1199 393 1269 ἐκτίσθαι
425 1200 483 1268 ἐπί
511 1201 646 1269 πάντων
672 1203 793 1266 κεῖται·
826 1198 865 1265 τό
894 1200 931 1267 tt
961 1201 1033 1268 ἔστι
1054 1199 1121 1288 πρὸ
1144 1199 1285 1268 πάντων
1307 1199 1408 1288 μόνῳ
1430 1203 1475 1286 τηῦ

236 1303 297 1390 υἱῷ
320 1299 486 1390 ἁρμόττει.

314 1409 349 1471 ,3.
395 1409 545 1489 Γέννημα
566 1408 676 1468 τοίνυν
699 1399 782 1468 κατὰ
804 1401 905 1490 φύσιν
928 1402 963 1470 ἐκ
984 1404 1110 1471 τελείου
1132 1401 1259 1472 τέλειόν
1287 1403 1382 1481 ἐστι,
1407 1399 1474 1486 πρό

233 1505 370 1590 πάντων
392 1505 520 1588 βουνῶν
542 1507 708 1590 γεννηθέν,
732 1498 818 1570 τοῦτ’
844 1503 915 1572 ἐστι
937 1503 1005 1592 πρὸ
1027 1505 1138 1594 πάσης
1160 1507 1297 1594 λογικῆς
1320 1506 1379 1572 καί
1402 1523 1474 1570 νοε·

234 1607 295 1691 ρᾶς
317 1598 441 1682 οὐσίας,
466 1599 511 1682 οῦς
532 1606 586 1670 καὶ
608 1603 642 1672 ἐν
665 1604 764 1692 έτέρηι
786 1603 881 1693 τόπῳ
904 1607 1005 1694 (μησίν
1028 1601 1148 1673 ιαὐτὸν
1171 1602 1189 1672 ό
1211 1609 1359 1684 Παῦλος
1382 1629 1475 1690 πρω-

235 1706 372 1774 τότοκον
405 1703 516 1794 πόσης
546 1711 684 1784 κτίσεως
692 1709 725 1786 ³).
772 1701 857 1773 ἀλλὰ
890 1705 1103 1794 πρωτότοκον
1136 1706 1260 1775 “εέπὼν
1297 1709 1401 1795 όηλοί
1427 1703 1471 1790 μὴ

236 1801 322 1876 εἶναι
343 1801 443 1874 αύτόν
465 1813 594 1892 κτίσμα,
619 1801 704 1874 όλλόι
723 1814 866 1893 γέννημα
886 1811 945 1874 τοῦ
967 1807 1111 1894 πατρός·
1135 1809 1227 1888 ξένον
1241 1807 1307 1896 γὰρ
1333 1807 1394 1876 ἐπὶ
1417 1809 1474 1891 τῆς

234 1907 397 1996 θεότητος
426 1903 526 1975 αύτοῦ
555 1907 594 1974 τό
625 1910 785 1996 λέγεσθαι
806 1905 935 1994 κτίσμα.
980 1907 1023 1977 τὰ
1043 1908 1104 1994 γὰρ
1127 1910 1238 1976 πάντα
1261 1909 1471 1995 ἐκτίσθησαν

163 2065 171 2077 .
235 2004 303 2074 ὑπὸ
324 2009 384 2076 τοῦ
406 2009 534 2096 πατρὸς
555 2008 613 2076 διὰ
633 2013 692 2077 τοῦ
715 2010 797 2089 υἱοῦ,
821 2005 840 2076 ὁ
863 2011 899 2078 δὲ
921 2009 992 2088 υίὸς
1012 2009 1115 2094 μόνος
1136 2009 1170 2076 ἐκ
1191 2009 1406 2096 τοῦπατρὸς
1420 2003 1469 2074 όί·

237 2110 317 2188 όίως
339 2109 514 2198 ἐγεννήθη·
538 2109 591 2177 διὸ
614 2109 827 2197 πρωτότοκός
849 2110 920 2178 ἐστι
943 2109 1054 2199 πόσης
1070 2117 1207 2190 κτίσεως
1223 2107 1241 2177 ό
1256 2111 1347 2190 θεὸς
1363 2108 1467 2196 λόγος,

235 2207 400 2297 ἄτρεπτος
422 2211 458 2290 ἐξ
479 2207 654 2298 ότρέπτου.
693 2213 763 2279 ἔστι
779 2219 888 2278 τοίνυν
910 2210 1004 2277 ἆτὸῦ
1027 2206 1073 2278 δι’
1098 2208 1184 2297 ἡμᾶς
1204 2211 1351 2301 ἐφόρεσε
1374 2214 1470 2296 σῶμα

227 2317 365 2396 κτίσμα,
389 2316 467 2398 περί
491 2302 530 2379 ού
552 2313 639 2400 λέγει
658 2308 812 2398 Ἱερεμίας
833 2311 916 2378 κατὰ
938 2310 997 2400 τὴν
1018 2315 1085 2380 τῶν
1101 2313 1328 2401 ἑβδομήκοντα
1351 2313 1469 2399 ’ἑρμη-

237 2417 358 2480 νευτῶν
387 2413 533 2480 ἐ’κόοσιν·
567 2413 678 2500 κύριος
706 2410 785 2502 ἡμῖν
815 2414 940 2480 ἐ’κτισεν
970 2413 1017 2492 είς
1038 2415 1273 2502 καταφύτευμα
1296 2419 1468 2502 σωτηρίαν

233 2515 364 2604 καινήν,
395 2513 428 2584 ἐν
456 2503 478 2602 ᾗ
506 2505 653 2602 σωτηρίᾳ
681 2513 951 2602 περιελεύσονται
973 2513 1192 2602 ἐόνθρωποιἺ.
1238 2516 1324 2584 κατὰ
1348 2517 1387 2584 όὲ
1408 2511 1465 2580 τόν

231 2611 374 2684 Ἀκύλαν
395 2619 474 2701 περὶ
495 2619 554 2684 τοῦ
577 2612 678 2684 αύτού
702 2619 802 2705 ῥητοῦ
824 2627 946 2684 κεῖται·
970 2617 1077 2684 έκτισε
1098 2617 1209 2704 κύριος
1229 2619 1346 2687 καινόν
1371 2617 1406 2686 ἐν
1428 2617 1466 2701 τῇ

233 2718 364 2806 θηλείᾳ.
409 2713 429 2804 ἡ
460 2719 496 2785 όὲ
522 2723 703 2786 κτισθεῖσα
729 2716 808 2806 ἡμῖν
837 2719 884 2798 εἰς
906 2717 1140 2805 καταφότευμα
1159 2722 1343 2807 ἱσωτηρία,
1369 2715 1464 2802 καινὴ

226 2822 287 2886 καί
311 2815 349 2886 ού
373 2817 518 2899 παλαιά,
542 2816 620 2906 ἡμῖν
641 2845 678 2887 τε
699 2828 753 2888 καὶ
777 2816 815 2888 ού
838 2820 905 2906 πρὸ
927 2816 1029 2907 ἡμῶν,
1053 2813 1191 2906 εἸησοῦς
1214 2819 1314 2901 ἐστιν,
1340 2817 1360 2888 ὁ
1384 2815 1466 2886 κατὰ

233 2918 291 2982 τὸν
314 2921 447 3002 σωτῆρα
467 2919 641 3001 γενόμενος
663 2918 856 3006 ἅνθρωπος,
882 2919 917 2996 ὃς
940 2919 1151 3006 ἑρμηνεύεται
1165 2924 1213 3008 πῇ
1228 2924 1288 3006 μέν
1305 2925 1463 3009 σιυτηρία,

234 3020 283 3102 πῇ
306 3017 342 3081 όὲ
365 3015 482 3100 σωτήρ.
529 3017 601 3082 ἐστι
623 3019 660 3082 όέ
682 3017 716 3082 ἐκ
738 3023 797 3082 τοῦ
820 3022 968 3104 σωτῆρος
988 3017 1007 3107 ἡ
1031 3028 1192 3110 σωτηρία,
1217 3021 1255 3090 ὃν
1277 3024 1409 3108 τρόπον
1431 3017 1464 3086 ἐκ

232 3118 291 3180 τοῦ
314 3114 427 3202 φωτὸς
450 3111 666 3200 όφιυτισμός.
711 3112 731 3204 ἦ
755 3109 812 3184 οῦκ
836 3117 942 3186 ἐκτοῦ
959 3123 1106 3207 σωτῆρος
1122 3129 1268 3210 σωτηρία
1282 3129 1465 3192 κτισθεῖσα

232 3213 342 3298 καινή,
372 3213 488 3292 καθὼς
517 3217 603 3300 λέγει
622 3212 791 3302 Ἱερεμίας,
816 3219 941 3287 ἔκτισεν
963 3217 1042 3308 ἡμῖν
1064 3231 1230 3310 σωτηρίαν
1251 3226 1384 3313 καινήν,
1409 3221 1461 3288 καί
1517 3299 1518 3308 ¹

233 3310 279 3392 ὥς
297 3310 437 3392 Ἀκύλας
459 3321 575 3402 φησίν,
608 3315 715 3385 ἐκτισε
735 3318 847 3404 κύριος
869 3319 982 3388 καινόν
1005 3321 1038 3388 ἐν
1060 3326 1099 3410 τῇ
1122 3327 1258 3412 θηλείᾳ,
1288 3331 1460 3392 τουτέστιν

232 3413 266 3482 ἐν
288 3418 328 3500 τῇ
350 3419 480 3502 Μαρίᾳ.
525 3411 620 3483 οόόὲν
641 3416 702 3504 γὰρ
726 3417 862 3508 ἐκτίσθη
885 3421 998 3488 καινόν
1022 3422 1056 3490 ἐν
1078 3428 1117 3511 τῇ
1141 3426 1277 3512 θηλείᾳ,
1303 3426 1331 3494 εί
1353 3425 1400 3514 μὴ
1422 3419 1459 3488 τό

232 3513 267 3582 ἐκ
297 3519 355 3602 τῆς
377 3519 550 3600 παρθένου
576 3523 716 3603 Μαρίας
737 3522 854 3603 τεχθὲν
878 3520 954 3589 ἄνευ
975 3521 1153 3603 συνουσίας
1175 3525 1327 3612 κυριακὸν
1351 3529 1457 3610 σῶμα

300 3721 323 3782 t)
343 3721 423 3770 Ιοευα.
447 3721 484 3780 tt,
504 3721 528 3770 9.
598 3720 623 3782 2)
642 3723 738 3775 coloss.
758 3726 780 3782 l,
802 3725 841 3778 16.
910 3727 936 3788 3)
954 3727 1051 3780 coloss.
1070 3730 1093 3789 1,
1114 3731 1150 3779 15.
1204 3732 1230 3792 4)
1250 3732 1335 3783 terem.
1354 3727 1456 3794 31,ss

264 3889 285 3922 ε.
303 3872 343 3921 Sic
367 3885 425 3922 τοτε.
444 3871 544 3948 δεςοετ.
568 3879 594 3948 et
609 3871 665 3936 Ιῑερ.
691 3889 752 3938 quos
771 3876 816 3940 ipsi
869 3871 955 3946 όγόιρ
974 3871 1100 3944 ἐωρακιῦς
1118 3873 1167 3928 τόν
1185 3873 1303 3932 υίόκεῑε.
1341 3883 1398 3934 Nom
1417 3881 1455 3944 qm'

229 3941 339 4000 vidimus,
358 3947 428 4003 atque
447 3945 519 3986 ettam
538 3938 602 3987 edm.
640 3941 734 3990 ΝοΙΙεοι
754 3959 816 4006 quo·
867 3948 928 3996 νίόεί
947 3949 1045 4008 Fatum,
1066 3951 1126 3998 υίόεί
1144 3957 1165 3997 εί
1183 3951 1278 4000 Patrem.
1316 3951 1373 4000 Ιοόε
1392 3949 1455 3997 enim

227 4020 276 4069 ηεε
301 4009 339 4056 hic
363 4021 421 4056 mss.
439 4007 624 4068 discrepantium
644 4007 713 4057 είίετι
731 4009 816 4062 θείείι·
869 4013 960 4063 chrum
985 4021 1023 4062 est
1040 4015 1079 4063 hic
1096 4014 1241 4075 significari,
1260 4017 1320 4068 titio
1339 4033 1367 4066 ετ
1386 4017 1454 4066 Patre

229 4086 340 4150 ωοοαυε.
376 4074 482 4124 Nunnius
502 4074 538 4122 sic
556 4074 620 4122 hunc
632 4073 711 4122 ίοιοια
723 4078 815 4128 reddit:
867 4081 971 4130 simitem
991 4081 1051 4130 εόεο
1070 4081 1171 4141 gloriam
1191 4092 1214 4132 et
1232 4085 1340 4133 virtutem
1360 4081 1454 4134 οεετεΙι

228 4151 266 4214 ιτα
283 4145 308 4186 ut
326 4141 355 4188 at
374 4148 465 4192 aeterno
485 4155 514 4190 εκ
530 4141 594 4190 Patre
626 4143 686 4190 ιοίιο
703 4157 748 4205 μου
764 4146 816 4205 ηίο-
870 4151 1010 4198 aeternitate
1028 4149 1142 4209 genitum,
1162 4153 1245 4214 utqui
1264 4152 1347 4202 viderit
1359 4151 1453 4203 titium.

226 4217 264 4254 τεο
281 4211 302 4253 et
335 4212 428 4257 οίειιω.
468 4208 504 4258 λιι
523 4210 584 4260 torte
602 4155 625 4275 ρλ
643 4223 687 4271 pro
706 4203 817 4272 ώτίερε-
868 4213 953 4263 viderit
971 4215 1041 4262 simut
1063 4225 1085 4264 ει
1105 4216 1206 4265 Patrem.

224 4265 280 4318 tit?
315 4221 364 4320 λοε
382 4275 414 4322 itu
432 4277 546 4326 vertimus
564 4277 632 4341 qnasi
651 4261 673 4341 τό
690 4277 816 4338 tegendum
904 4281 927 4330 b.
946 4272 1031 4328 αὐτόν
1049 4275 1063 4328 ό
1083 4279 1188 4337 Παῦλος
1206 4285 1303 4336 εοεαε
1323 4285 1453 4336 ὓοίιίιτ.εῑ

228 4345 307 4386 estet:
326 4352 380 4387 nam
400 4351 426 4388 εκ
446 4344 563 4402 particula
581 4337 619 4398 οἱς
636 4347 717 4394 nultus
736 4352 816 4394 rectus
868 4346 971 4400 Felctm.
992 4349 1008 4397 Ι.
1029 4363 1100 4403 οοσο.

227 4417 324 4464 sensus,
343 4411 368 4452 nt
387 4405 677 4472 αοόίεηυίοετοτιοεευτ,
696 4411 815 4474 εΙίείροῑ-
901 4429 922 4464 ε.
941 4415 1041 4477 Segner.
1067 4419 1155 4467 omittit
1178 4409 1269 4466 είπιέν.
1314 4417 1411 4470 ῦοΙιΙετ.
1430 4419 1451 4462 tt

226 4477 271 4519 est
305 4469 512 4524 Νοιιειιυιυιευι
531 4481 694 4529 coniecturam
712 4493 814 4542 οοορε-
865 4480 971 4531 θεΙεΙιω.
1000 4483 1017 4531 Ι.
1046 4497 1117 4535 anon.
1148 4487 1238 4534 omisso
1262 4477 1347 4534 εέπιύν
1365 4483 1452 4534 habent

227 4550 282 4586 rum
306 4538 449 4591 confirmant
471 4553 535 4604 ηοτι
558 4545 719 4596 subjiciuntur
742 4547 814 4596 verba
865 4538 963 4605 δηλοῦν.
994 4549 1021 4600 In
1034 4552 1090 4615 θος.
1108 4545 1243 4616 ρεοόηλοί
1254 4545 1448 4616 Ιερίιυτδολῶί·
