3158 5050
523 333 631 378 omnm
647 333 685 376 rr.
703 334 818 378 coneus
832 335 966 380 minues.
1281 321 1341 384 663

80 483 266 564 loquitur:
290 482 329 546 ln
351 487 428 554 ciro,
451 503 537 564 quem
558 485 735 556 destruerat,
756 486 816 567 fide
839 487 974 550 manlieu
990 490 1150 567 deportate,
1173 505 1207 548 ec
1224 467 1426 550 emer-btu-

88 589 174 648 tuis
202 588 353 660 enrr'tetm
382 585 421 646 ita
449 558 548 666 saepe,
559 604 677 666 queque
698 588 903 650 ostensionem
925 595 956 649 ct
977 587 1151 649 missionem
1173 588 1251 650 idem
1275 608 1364 662 esse

86 705 150 748 ac·
169 686 348 748 unctionem
369 687 544 766 reperimus.
589 687 631 748 Ex
653 687 760 767 quibus
782 689 874 750 cuivis
896 689 965 752 licet
987 689 1112 763 discere,
1134 690 1207 752 nibil
1227 690 1257 752 in
1273 709 1341 752 rer-

87 787 158 848 bis
187 787 368 850 Sanctorum
390 808 457 852 esse
479 789 651 860 dissonum,
686 789 739 852 sed
766 791 854 852 reriis
883 799 995 852 tantum
1024 791 1193 854 nominibus
1216 793 1341 854 coniun-

91 873 250 950 ctionem
263 889 316 950 llei
334 888 421 952 Verbi
444 908 512 954 cum
532 889 654 952 bomine
677 909 711 952 en
732 891 822 955 illaria
845 900 977 956 assunno
999 892 1253 974 illosdesignare,
1276 913 1342 958 cum

94 1009 182 1054 earn
204 991 296 1052 modo
318 991 487 1054 unctionem
510 991 667 1072 appellant,
690 993 779 1054 modo
803 993 987 1068 missionem,
1013 995 1102 1056 mode
1126 995 1338 1058 ostensionem.

92 1093 243 1156 Rectum
266 1101 314 1156 est
335 1093 433 1172 igitur,
456 1093 536 1174 quod
558 1093 599 1155 ait
619 1093 723 1156 beatus
745 1095 867 1170 Petrus,
891 1096 941 1176 qui
963 1115 1061 1158 rernm
1084 1095 1232 1176 Unigeniti
1253 1114 1340 1176 pree·

95 1195 194 1258 dicet
224 1193 420 1268 divinitatem,
455 1213 511 1256 uec
530 1195 587 1256 ilci
607 1195 696 1257 Verbi
721 1195 904 1275 hypostasim
932 1197 1075 1278 disiungit
1106 1197 1142 1260 ab
1165 1197 1341 1260 bominem
1405 1201 1409 1214 '

94 1297 208 1360 Maria
230 1305 382 1370 assurum
410 1296 490 1376 quod
517 1296 639 1358 omnine
667 1296 755 1359 absit.
799 1297 856 1371 Qu
884 1299 963 1360 enirn
992 1301 1020 1361 id
1050 1299 1098 1362 ille
1125 1299 1262 1372 auderet,
1292 1299 1357 1380 qui·

97 1401 288 1478 frequenter
309 1397 415 1460 eudiit:
444 1397 507 1478 line
529 1411 557 1464 et
578 1399 671 1462 Peter
692 1417 788 1462 uuum
808 1419 929 1472 sumes,
952 1410 982 1462 ct
1007 1401 1069 1474 Qut
1089 1402 1162 1464 cidit
1183 1419 1246 1474 me,
1268 1402 1342 1462 vidit

96 1499 263 1563 Patrem?
306 1499 383 1562 Hinc
405 1499 493 1562 ctiam
514 1509 586 1579 poet
605 1501 855 1564 resurrectionem
885 1501 964 1564 idem
984 1495 1093 1583 corpus
1116 1502 1212 1566 ianuis
1234 1502 1341 1566 clausis

99 1601 147 1664 ed
174 1600 582 1681 universum'bpestolorum
605 1611 723 1664 coetum
744 1606 909 1681 ingressum
932 1613 993 1680 est;
1015 1603 1096 1684 quod
1112 1623 1149 1666 ne
1173 1605 1219 1667 cui
1241 1604 1340 1666 incre-

99 1700 206 1764 dibile
229 1701 387 1776 rideretur,
410 1703 475 1782 ipse
491 1703 695 1766 difficultatem
717 1705 853 1778 removit,
877 1724 943 1768 cum
965 1709 1019 1768 ait:
1044 1707 1233 1772 Contrectete
1254 1715 1342 1770 meet

68 1845 73 1857 ι
101 1807 223 1878 videte,
246 1809 315 1887 quin
339 1809 467 1886 spiritus
491 1823 611 1867 curnem
634 1816 663 1868 et
685 1825 755 1868 osse
776 1826 839 1870 nen
861 1791 962 1879 lebet,
987 1812 1066 1872 sr'cut
1086 1827 1132 1870 me
1153 1808 1261 1870 uidetis
1285 1807 1340 1870 ltn-

103 1908 195 1978 bere.
246 1905 301 1968 Ubi
329 1905 541 1969 advertendum
569 1914 630 1980 est,
660 1925 726 1968 eum
755 1925 816 1968 nnn
845 1908 970 1970 dixisse:
1004 1908 1090 1970 Hunc
1117 1908 1162 1968 rel
1190 1907 1340 1970 bominem

102 2027 224 2080 meum,
248 2007 496 2088 quemassumsi,
519 2016 710 2083 contrectate,
733 2009 787 2069 sed
811 1989 995 2073 contrectate
1015 2029 1070 2072 me.
1115 2008 1199 2070 Nulla
1215 2008 1340 2088 proinde

103 2110 200 2172 venie
223 2109 426 2172 samosatensi
448 2109 593 2188 speranda
617 2119 680 2183 est,
711 2109 820 2190 quippe
847 2112 897 2190 qui
919 2119 964 2174 tot
985 2111 1136 2174 convictus
1159 2109 1339 2190 argumentis

104 2229 223 2292 negare
246 2229 306 2273 non
328 2211 428 2291 pessit
450 2211 538 2272 Verbi
558 2210 611 2272 Ilei
633 2212 884 2286 coniunctionem,
906 2231 992 2294 quem
1015 2213 1155 2276 nimirum
1174 2213 1272 2294 ipsum
1287 2210 1340 2272 Ilei

105 2312 243 2376 Verbum
265 2313 405 2386 asseruit,
429 2331 505 2386 cum,
528 2308 670 2374 ulmodo
693 2313 831 2387 vidimus,
856 2333 961 2376 onrnes
977 2322 1025 2376 est
1041 2315 1209 2388 allocutum,
1232 2311 1338 2394 quibus

109 2423 144 2476 et
169 2433 201 2476 se
223 2413 423 2478 resurrexisse
453 2415 637 2476 confirmavit
660 2421 720 2474 tum
743 2415 926 2476 comedendo
948 2423 1011 2476 tum
1037 2433 1071 2476 se
1099 2415 1195 2494 ipsum
1218 2422 1338 2477 centre-

110 2517 252 2578 etandum
273 2515 489 2595 permittendo,
513 2515 555 2576 uti
578 2516 687 2576 lactum
710 2525 764 2576 est
810 2516 882 2578 Nem
905 2516 965 2578 sive
987 2535 1053 2580 cunr
1075 2517 1141 2596 ipse
1163 2516 1219 2578 illis
1243 2515 1340 2577 cibum

111 2618 290 2696 impertiret,
312 2618 462 2680 sirenum
484 2617 525 2678 illi
547 2617 618 2696 ipsi,
641 2617 763 2692 omnino
785 2636 890 2678 manus
906 2619 971 2678 eius
987 2624 1253 2678 contrectaverunt.
1287 2614 1338 2674 Si-

112 2717 235 2798 quidem
255 2719 312 2792 uu,
335 2711 440 2798 induit,
463 2717 640 2780 obtulerunt
660 2728 781 2798 partem
799 2721 892 2798 piscis
914 2722 981 2780 desi
1001 2729 1029 2780 et
1049 2719 1156 2798 secum
1176 2715 1286 2792 mellis,
1310 2723 1339 2778 ct

114 2840 184 2884 cum
204 2822 412 2884 manducasset
434 2837 538 2883 eornm
559 2824 621 2891 eis,
644 2803 781 2898 nocentes
804 2818 949 2900 reliquias
973 2820 1052 2882 dedit
1074 2821 1127 2882 cis.
1170 2816 1217 2878 Eu
1238 2815 1340 2896 igitur,

115 2923 142 2984 si
161 2941 225 2984 ,non
246 2929 280 2983 ut
302 2939 336 2984 se
359 2939 428 3001 erga
450 2921 595 2983 Tbomam
618 2920 729 3002 gessit,
752 2927 832 2982 certe
853 2919 910 2982 eliu
931 2922 1047 2982 ratione
1068 2918 1137 2981 lecit
1158 2937 1211 2980 ces
1233 2917 1271 2979 de
1292 2915 1338 2978 sui

115 3023 333 3086 resurrectione
356 3023 510 3097 certiores,
533 3041 599 3084 cum
622 3039 656 3083 se
678 3021 735 3084 illis
758 3022 999 3084 contrectandum
1019 3019 1164 3100 praebuit
1210 3017 1338 3094 Quodsi

117 3125 198 3203 ipsas
219 3125 306 3187 etiem
329 3123 478 3186 cicatrices
500 3125 585 3204 cupis
608 3141 746 3196 cernere,
769 3123 850 3185 disce
873 3143 889 3184 a
912 3124 1041 3195 Thema,
1076 3121 1121 3184 cui
1143 3121 1278 3183 videlicet
1299 3119 1339 3182 eit
1419 3133 1422 3146 ’

117 3225 275 3288 Dominus:
298 3225 388 3305 inser
407 3243 528 3287 menum
552 3237 635 3288 tunm
656 3236 685 3288 et
705 3228 789 3286 mitte
811 3229 844 3286 tn
867 3225 949 3287 lutus
970 3243 1082 3294 mrum,
1106 3235 1135 3286 ct
1157 3224 1240 3312 mser
1263 3223 1339 3303 dini-

120 3339 300 3398 tumtunm,
333 3337 362 3390 et
389 3329 455 3388 uide
483 3346 590 3390 manue
612 3345 702 3390 mens.
747 3325 840 3388 Suum
868 3325 944 3388 latus
974 3344 1103 3406 suesque
1130 3344 1236 3387 manus
1258 3324 1422 3389 lleusrnrs.

19 3498 23 3510 s
120 3429 242 3490 Verbum
265 3429 399 3508 appellet,
424 3447 515 3508 seque
538 3436 632 3490 tntum
653 3425 804 3490 hominem
828 3427 915 3489 simul
938 3437 967 3490 et
983 3429 1075 3490 ileum
1099 3446 1166 3489 esec
1189 3426 1336 3500 ostendit;

122 3530 196 3608 quod
217 3529 335 3610 quidem
356 3531 422 3610 ipso
447 3531 533 3592 etiam
558 3549 660 3598 sensu,
683 3537 715 3592 ut
736 3529 899 3608 intelligere
922 3537 977 3604 est,
998 3529 1091 3591 voluit
1113 3527 1240 3590 Verbum
1263 3543 1334 3586 san-

123 3636 185 3690 ctos
205 3633 339 3710 experiri,
362 3649 427 3694 cum
451 3650 546 3692 suum*
561 3649 670 3710 corpus
693 3630 789 3692 ianuis
811 3631 919 3692 clausis
942 3631 1107 3710 ingressum
1130 3637 1178 3690 est
1198 3628 1229 3688 in
1251 3625 1335 3687 cubi-

125 3731 229 3806 culum,
253 3751 288 3794 ac
307 3743 429 3812 repente
451 3735 571 3794 adstans
594 3750 660 3792 cum
683 3750 808 3810 corpore
831 3751 883 3791 ees
907 3731 943 3792 de
965 3735 1007 3792 rei
1033 3729 1153 3791 veritate
1174 3744 1335 3809 persuasos

123 3833 252 3895 reddidit.
295 3834 374 3896 Heec
395 3842 491 3897 numm
514 3832 650 3894 fidelibus
673 3831 790 3910 quidem
813 3832 849 3894 ad
871 3831 1145 3905 confirmationem,
1168 3827 1335 3891 infidelibus

124 3935 244 3996 remed
268 3936 503 3998 emendationem
527 3935 599 3997 setis
622 3934 698 3994 dicta
722 3933 790 3992 sint.
897 3958 900 3972 ·

126 4079 150 4136 εἴ
163 4101 193 4137 rt.
226 4091 251 4140 ln
271 4089 324 4140 eliis
343 4097 367 4139 et
384 4090 454 4138 editis
472 4089 539 4138 deest
556 4079 606 4147 τήν
617 4086 699 4137 οικαί.
787 4086 801 4134 i.
821 4085 860 4134 Sic
871 4085 927 4146 lieg.
944 4086 1025 4140 codex,
1036 4085 1135 4146 Seguer.
1155 4089 1178 4158 et
1195 4080 1275 4141 desii,
1294 4079 1338 4131 scd

156 4159 170 4206 l.
187 4161 240 4221 neg.
259 4167 283 4208 et
301 4159 400 4220 Seguer.
419 4149 495 4204 ὀστᾶ.
751 4153 824 4202 Bas-il.
851 4144 1070 4214 eichstettensis
1105 4149 1255 4216 εἰραςμου.
1291 4149 1337 4198 dlii

157 4241 176 4288 g.
194 4227 244 4288 urg.
266 4220 521 4290 congressuque.
559 4224 631 4273 iidem
644 4223 699 4272 ibid.
753 4223 855 4283 relinque
874 4213 919 4267 καὶ
937 4213 985 4267 τὸν
1003 4165 1134 4268 delateVe'v
1152 4208 1337 4280 σουβᾶλεεῖς

127 4301 148 4341 et
162 4295 279 4344 desiliens.
298 4294 388 4344 addunt
404 4289 449 4340 xci
467 4285 568 4358 φαγὼν
584 4283 701 4340 ἐνώπιον
752 4283 801 4341 τὰς
812 4281 908 4366 χεῖράς
924 4301 988 4354 μου,
1024 4289 1075 4336 iton
1094 4287 1179 4348 Regius
1197 4294 1221 4335 et
1238 4285 1337 4348 Seguer.

129 4350 219 4417 αὐτῶν,
245 4355 336 4424 λαβὼν
360 4357 394 4410 τὰ
419 4354 544 4410 ἐπίλοιπα
563 4349 700 4407 ἀπέδωκεν
752 4351 849 4408 ὄθεος
866 4349 953 4421 λόγος,
989 4357 1066 4407 Ceteri
1085 4369 1138 4406 eum
1153 4356 1222 4405 eduis
1240 4347 1254 4401 d
1273 4346 1336 4407 θεὸς

130 4418 216 4484 αὐτοῖς,
237 4445 297 4494 quse
316 4431 356 4479 alii
375 4438 398 4479 et
416 4430 471 4478 editi
490 4433 606 4478 omittunt.
750 4421 829 4491 λέγει.

159 4497 178 4546 b.
194 4499 246 4560 fleg.
265 4499 364 4559 Seguer.
384 4506 407 4547 et
418 4497 491 4546 besil.
500 4491 596 4548 ettae.
622 4495 700 4544 Ceteri
785 4497 807 4543 tr.
826 4493 866 4544 Sic
883 4493 939 4556 lleg.
951 4500 973 4543 et
982 4493 1080 4559 Sessncr.
1115 4491 1141 4540 ln
1160 4489 1212 4541 eliis
1230 4498 1253 4541 et
1265 4490 1335 4540 editis

132 4569 152 4610 et
167 4567 213 4616 editi
230 4561 323 4618 θέλεις.
751 4564 820 4612 deest
836 4573 872 4611 τε.
