3110 5064
259 341 300 406 28
466 351 474 371 “
658 352 685 393 ε.
701 351 854 394 numen
869 349 1092 396 οεοαιεοιεοουι

137 572 143 582 ,
172 521 246 565 ma.
256 510 369 592 κυρίου
391 503 449 568 τοῦ
471 502 555 567 θεοῦ
578 521 654 578 σου,
685 497 753 564 υἱοί
774 495 849 566 έστε
869 504 982 584 κυρίου
1004 500 1063 564 τοῦ
1086 499 1170 566 θεοῦ
1192 494 1324 584 ww).
1366 496 1464 574 καθὼς
1534 560 1535 565 ,

256 608 311 672 καί
345 603 379 672 ἐν
411 605 457 690 τῷ
491 595 667 688 εὐαγγελίῳ
695 601 796 687 φησίν
826 594 844 665 ό
869 592 1032 684 Ἰωάννης·
1066 594 1143 666 ὅσοι
1171 599 1208 667 δὲ
1230 597 1350 685 ἔλαβον
1372 593 1466 678 σῦκόν,

189 715 195 728 ’
258 707 376 775 ῦδωκεν
399 700 512 781 αὐτοῖς
534 702 685 784 ἐξουσίαν
706 705 803 768 τέκνα
824 703 908 768 θεοῦ
924 703 1128 787 γενέσθαιἿ·
1152 699 1264 787 ἑτέραν
1277 703 1313 768 δὲ
1324 701 1466 780 διάνοιαν,
1534 704 1535 711 '

257 803 333 876 καθ’
358 805 396 894 ἣν
415 801 521 872 Ἰσαάκ
543 806 601 870 τοῦ
621 797 775 890 Ἁβραάμ
797 802 887 870 έστιν
909 801 981 880 υἱὸς
1002 804 1056 870 καλ
1081 797 1099 868 ό
1111 796 1224 889 ’ίακώβ
1236 806 1298 870 τοῦ
1310 799 1412 872 Ἰσαάκ
1424 805 1467 870 καί

258 911 291 977 ολ
319 907 521 994 πατριάρχαι
548 909 607 972 τοῦ
626 901 748 992 Ἰακώβ.
794 898 888 972 αὐτοὶ
912 905 948 971 δὲ
970 905 1053 972 κατὰ
1074 911 1177 972 ποίαν
1199 903 1266 993 ῦρα
1286 905 1408 974 τούτων
1425 927 1470 970 νο-

257 1018 413 1097 μίσαντες
435 1005 599 1076 εἶναινῦν
620 1011 679 1074 τοῦ
701 1010 785 1075 θεοῦ
807 1005 889 1087 υἱόν,
913 1009 1052 1073 τοιαῦτα
1066 1009 1143 1094 περὶ
1160 1002 1261 1074 αύτοῦ
1276 1007 1470 1093 μυθολογοῦ-

259 1135 330 1194 σιν,·
364 1112 410 1191 εἰς
437 1111 499 1200 γάρ
520 1109 579 1196 τὴν
601 1105 702 1196 αὐτὴν
725 1103 879 1195 άσέβειαν
902 1098 937 1176 ού
960 1102 1029 1176 οἶδ’
1055 1104 1108 1176 ότι
1130 1111 1394 1196 συνδραμοῦνται
1412 1117 1470 1185 τοῖς

258 1219 334 1302 περὶ
356 1212 527 1302 Εῦσέβιον.
573 1212 603 1280 εἰ
631 1214 692 1296 μέν
720 1201 777 1279 οῦν
805 1209 889 1279 κατὰ
909 1209 968 1298 τὴν
991 1209 1140 1300 πρώτην,
1171 1206 1239 1280 οἷοί
1261 1211 1330 1280 εἰσι
1356 1212 1422 1278 ’καὶ
1446 1207 1471 1274 οί

258 1315 293 1384 έν
320 1317 526 1403 βελτιώσεως
553 1314 688 1401 τρόπων
712 1312 932 1398 ἐπισπώμενοι
952 1313 1011 1398 τὴν
1032 1317 1091 1379 τοῦ
1115 1309 1278 1398 ὀνόματος
1297 1313 1407 1400 χάριν,
1427 1313 1471 1376 καὶ

258 1419 480 1504 λαμβάνοντες
503 1417 670 1497 έξουσίαν,
695 1415 751 1482 λ’να
772 1417 840 1482 υἱοί
861 1418 946 1483 θεοῦ
968 1421 1142 1502 γένωνται·
1172 1419 1271 1484 τοῦτο
1293 1415 1356 1503 γάρ
1379 1414 1472 1498 έίκγον

191 1599 194 1604 ¹
257 1513 418 1606 κᾷκεῖνοι·
441 1515 537 1585 οῦδὲν
560 1518 730 1606 διαφέρειν
751 1513 845 1606 ἡμῶν
867 1517 1001 1600 δόξειεν,
1026 1513 1103 1585 οῦδὲ
1123 1519 1303 1606 μονογενὴς
1318 1514 1358 1586 ἂν
1374 1517 1429 1604 εἵη,
1446 1513 1474 1592 ἒξ

258 1619 376 1708 άρετῆς
402 1624 456 1688 καὶ
485 1616 584 1698 αὐτὸς
612 1619 754 1705 ἐσχηκὼς
781 1619 840 1707 τὴν
867 1622 926 1686 τοῦ
955 1619 1026 1699 υἱὸς
1052 1627 1288 1708 προσηγορίαν.
1334 1613 1393 1707 κᾷν
1413 1617 1472 1703 γάρ,

258 1717 304 1802 ιῦς
326 1744 420 1811 φασι,
445 1724 678 1808 προγνωσθεὶς
700 1721 842 1790 ἐ’σεσθαι
864 1726 1025 1803 τοιοῦτος,
1049 1721 1268 1810 προλαμβάνῃ
1285 1724 1341 1790 καὶ
1358 1718 1473 1805 άματῷ

257 1830 416 1910 γενέσθαι
445 1825 578 1912 δέχηται
603 1823 643 1890 τό
665 1847 701 1892 τε
723 1822 830 1908 όνομα
850 1827 904 1891 καὶ
925 1823 985 1909 τὴν
1007 1826 1066 1890 τοῦ
1074 1819 1253 1909 ’ὀνόματος
1274 1823 1392 1905 δόξαν,
1414 1810 1471 1887 ἄλλ’

259 1924 354 1993 οῦδὲν
376 1925 497 1994 διοίσει
518 1929 583 1992 τῶν
604 1925 689 2009 μετά
709 1925 769 2005 τάς
791 1924 929 2012 πράξεις
951 1923 1187 2010 λαμβανόντων
1209 1925 1249 1992 τὸ
1271 1923 1394 2009 ὄνομα,
1424 1921 1475 1996 ἕως

259 2023 345 2093 ούτω
366 2031 420 2094 καὶ
444 2023 543 2105 αὐτὸς
563 2025 634 2106 υίὸς
657 2021 742 2094 εἶναι
762 2027 1017 2115 μεμαρτύρηται.
1048 2031 1101 2104 καί
1125 2026 1187 2114 γάρ
1207 2022 1317 2112 Ἀδάμ
1337 2024 1474 2114 προλαμ-

257 2128 367 2214 βάνων
389 2129 446 2216 τὴν
467 2128 577 2214 χάριν,
601 2127 657 2195 καὶ
679 2125 748 2212 άμα
769 2133 815 2216 τῷ
838 2135 997 2214 γενέσθαι
1018 2128 1131 2208 τεθεὶς
1154 2129 1188 2197 ἐν
1209 2133 1257 2216 τῷ
1280 2128 1473 2214 παραδείσῳ,

173 2255 249 2299 νοω.
259 2228 354 2298 οῦδὲν
377 2231 538 2319 διήνεγκεν
562 2228 637 2296 οῦτε
659 2233 718 2296 τοῦ
737 2225 847 2312 Ἑνώχ,
878 2229 914 2309 ῦς
935 2229 1019 2313 μετά
1038 2230 1155 2318 χρόνον
1177 2233 1235 2317 τῆς
1255 2237 1412 2316 γενέσεως
1432 2217 1476 2292 εύ-

258 2333 442 2420 αρεστήσας
462 2337 596 2418 μετέθη,
622 2327 697 2398 οῦτε
718 2333 775 2397 τοῦ
799 2325 990 2398 ἀποστόλου
1012 2335 1066 2398 καὶ
1090 2326 1190 2398 αὐτοῦ
1212 2331 1297 2416 μετὰ
1319 2331 1379 2410 τὰς
1400 2325 1475 2412 πρά·

258 2439 325 2516 ξεις
347 2432 551 2521 άρπαγέντος
574 2433 620 2511 είς
642 2431 700 2499 τὸν
722 2433 943 2519 παράδεισον,
974 2429 1042 2499 ἀλλ’
1068 2429 1224 2501 οὐδὲτοῦ
1247 2457 1334 2501 ποτε
1356 2427 1474 2520 λῃστοῦ,

259 2535 294 2616 ὃς
322 2537 380 2604 διὰ
407 2537 465 2624 τὴν
489 2532 667 2622 ὁμολογίαν
690 2535 887 2622 ἐπαγγελίαν
911 2535 1026 2620 ἔλαβεν
1050 2531 1151 2614 εὐθύς
1174 2536 1220 2613 είς
1242 2535 1300 2602 τόν
1324 2531 1475 2619 παράδει-

258 2661 316 2708 σον
340 2639 490 2708 ἐ’σεσθαι.

343 2750 371 2810 7.
413 2737 507 2808 Ἀλλ’
538 2740 571 2808 ἐν
604 2741 734 2819 τούτοις
766 2739 962 2823 διωκόμενοι
991 2739 1140 2818 λέξουσιν
1170 2741 1253 2816 λσως
1283 2732 1475 2804 &fraudate

196 2843 212 2858 '
257 2847 405 2928 λέγοντες
426 2841 654 2930 ᾐσχύνθησαν·
678 2839 792 2926 ούτως,
807 2842 983 2924 νομίζομεν
1002 2839 1060 2906 τόν
1082 2839 1154 2906 υἱόν
1177 2840 1279 2906 πλέον
1295 2840 1380 2922 έγειν
1395 2829 1477 2916 παρὰ

256 2944 299 3010 τά
321 2942 420 3022 άλλα,
451 2948 505 3008 καὶ
530 2943 586 3010 διὰ
607 2947 705 3008 τοῦτο
727 2944 885 3025 μονογενῆ
909 2943 1082 3025 λέγεσθαι,
1108 2937 1160 3006 ότι
1182 2941 1283 3025 μόνος
1304 2943 1367 3025 μέν
1389 2931 1477 3007 αὐτὸς

257 3039 325 3108 ύπὸ
353 3044 456 3125 μόνου
485 3046 542 3107 τοῦ
564 3047 648 3109 θεοῦ
670 3049 796 3128 γέγονε,
826 3041 868 3107 τά
897 3036 930 3106 δ’
956 3038 1040 3106 άλλα
1067 3042 1178 3108 πάντα
1206 3041 1299 3126 παρά
1321 3045 1381 3108 τοῦ
1403 3035 1476 3104 θεοῦ

259 3142 316 3209 διὰ
336 3141 490 3210 comto&
515 3141 662 3226 ἐκτίσθη.
707 3149 758 3219 τίς
781 3138 846 3227 άρα
866 3140 987 3229 ταύτην
1009 3138 1087 3226 ύμῒν
1109 3142 1166 3229 τὴν
1182 3133 1478 3230 μωρόινκαὶκοινὴν

259 3244 411 3312 ἐπίνοιαν
434 3239 606 3326 ὑπέβαλεν,
631 3241 686 3306 ἵνα
709 3243 841 3330 εἴπητε·
863 3241 921 3308 τόν
943 3247 1002 3328 μέν
1026 3243 1098 3310 υἱὸν
1119 3234 1479 3328 μόνονμόνοςόπατὴρ

258 3341 468 3432 αῦτούργησε,
493 3342 535 3408 τά
557 3338 589 3408 δ’
616 3341 701 3408 ἄλλο
723 3343 834 3410 πάντα
857 3343 914 3411 διά
928 3349 987 3410 τοῦ
1004 3347 1075 3411 υἱοῦ
1091 3351 1219 3431 γέγονεν
1235 3343 1281 3424 ὥς
1296 3340 1481 3420 δι’·ύπουρ·

257 3449 333 3532 γοῦ,·
370 3446 399 3512 εί
426 3447 486 3528 μέν
514 3443 575 3530 γάρ
599 3442 655 3510 διὰ
677 3445 715 3511 τὸ
737 3444 872 3529 κάμνειν
893 3441 1040 3534 ἠρκέσθη
1063 3448 1165 3531 μόνον
1187 3442 1410 3533 αὐτουργῆσαι
1430 3437 1481 3504 τὸν

257 3546 330 3614 υἱόν
359 3543 496 3625 όθεός,
527 3545 569 3612 τά
598 3543 630 3612 δ’
657 3543 740 3612 άλλα
753 3541 887 3625 οὐκέτι,
922 3543 1040 3634 άσεβές
1061 3553 1199 3621 τοιαῦτα
1221 3548 1381 3634 περὶτοῦ
1403 3541 1480 3610 θεοῦ

257 3649 460 3735 λογίζεσθαι,
483 3648 629 3732 μάλιστα
650 3647 727 3726 τοῦς
749 3645 1102 3728 άκούσανταςἩοαῦου
1119 3653 1285 3735 λέγοντος·
1307 3648 1392 3726 θεὸς
1407 3637 1481 3710 al&

148 3777 151 3785 ¹
257 3773 342 3829 νιος,
366 3745 490 3826 θεόςό
518 3750 764 3828 κατασκευάσας
785 3749 827 3817 τά
848 3747 931 3836 άκρα
952 3755 1012 3839 τῆς
1032 3753 1104 3836 γῆς,
1135 3745 1171 3815 σύ
1195 3750 1365 3829 πεινάσει,
1390 3737 1481 3810 Βούδὲ
1535 3797 1536 3846 η

256 3851 428 3931 κοπιάσει,
459 3846 536 3918 οῦδέ
565 3851 654 3918 ἔστιν
677 3851 839 3938 έξιύρεοις
859 3856 918 3940 τῆς
940 3851 1139 3941 φρωυησεως
1161 3845 1302 3932 αὐτοῦ’).
1346 3841 1479 3931 καὶγὰρ

256 3955 383 4036 μᾶλλον
407 3947 506 4032 αῦτὸς
526 3963 599 4032 τοῖς
621 3955 764 4020 πεινῶσι
787 3954 923 4021 δίδωσιν
947 3955 1048 4035 ἰσχύν,
1072 3955 1125 4018 καί
1150 3952 1206 4020 διά
1220 3954 1279 4018 τοῦ
1295 3950 1394 4037 λόγου
1411 3938 1481 4010 ἀΰ·
1535 3971 1536 3990 ¹

256 4058 315 4118 τοῦ
336 4055 414 4134 τοὺς
435 4055 618 4140 κάμνοντας
641 4049 815 4122 ἀναπαύει.
850 4055 879 4121 εί
895 4055 931 4121 δὲ
948 4050 992 4132 ὡς
1007 4050 1167 4120 ταπεινὸν
1179 4049 1370 4140 άπηξίωσεν
1386 4043 1482 4118 οὗτὸς
1535 4057 1536 4128 λ

314 4244 351 4303 ,1)
370 4243 464 4294 Denter.
486 4245 526 4307 13,
547 4243 689 4303 19.ε114,
710 4244 732 4292 1.
802 4243 829 4304 2)
847 4245 912 4295 Ιοοιι.
934 4243 957 4305 1,
978 4241 1016 4293 12.
1088 4241 1304 4304 ³)13sa.40,28.
1535 4259 1536 4312 η

257 4377 314 4426 bem
331 4368 457 4425 ένιυνιίιν.
496 4379 539 4429 {lic
556 4393 632 4443 porro
643 4380 720 4439 Ιοευι,
739 4379 779 4442 qui
791 4380 845 4427 fluis
899 4369 992 4432 αῦτοῦ,
1014 4367 1080 4431 ὅσας
1097 4371 1151 4440 ἐγώ
1170 4369 1328 4441 ἐντέλλομαί
1345 4385 1391 4423 σοι
1405 4361 1481 4444 wip}-

257 4451 293 4493 εει
312 4459 332 4494 ε.
344 4444 382 4494 13,
403 4454 426 4494 ει
445 4447 537 4495 initium
557 4463 577 4496 c.
600 4447 638 4496 14.
658 4448 796 4505 nentem„
810 4448 846 4495 sic
917 4457 963 4500 ον,
988 4445 1078 4494 ποιεῖν
1102 4439 1133 4492 τό
1152 4437 1237 4492 καλὸν
1253 4437 1348 4490 καὶτὸ
1368 4433 1482 4508 ἄριστον

257 4519 347 4563 exam:
371 4506 420 4560 έάν
436 4504 553 4578 ἀκούσης
570 4513 618 4572 τῆς
635 4511 733 4578 φωνῆς
749 4507 844 4576 κυρίου
896 4457 1023 4562 λνοντίον
1039 4507 1134 4577 κυρίου
1152 4509 1201 4560 τοῦ
1209 4509 1278 4560 θεοῦ
1288 4521 1348 4564 σου,
1362 4501 1419 4558 υἱοί
1426 4498 1483 4553 lot!

256 4575 306 4628 τοῦ
322 4577 390 4630 θεοῦ
408 4591 473 4638 σου,
499 4573 651 4644 φυλάσσειν
669 4575 719 4634 τὰς
735 4573 845 4633 ἐντολάς
896 4574 991 4645 κυρίου
1008 4577 1058 4630 τοῦ
1076 4577 1143 4628 θεοῦ
1161 4571 1247 4642 ῦμοίν.
1287 4579 1313 4630 Si
1331 4577 1482 4630 συδίαίιυο·
