3158 5050
497 325 643 370 srrsrous
659 329 679 370 ι.
694 329 731 372 ιο
748 329 944 376 suessionen.
1262 322 1323 384 bb'l

64 487 148 548 tur,
188 475 288 538 fidelis
318 489 417 538 sermo
445 484 474 537 et
500 476 661 542 immobilis
688 480 735 542 lex
763 481 902 561 spiritum
935 484 1018 547 cuius
1046 503 1112 548 cum
1134 487 1408 552 lacobum‘etross.

63 583 240 644 loannem
269 577 425 643 ministros
453 597 523 642 esse
540 580 638 653 ‚vellet
664 580 824 657 Dominus,
855 585 923 648 illos
952 586 1120 667 Dcsnerges
1152 589 1323 665 nominavit,

66 683 167 764 qnod
206 691 255 744 est
284 681 336 742 ulit
358 681 491 742 tonitrui.
536 681 613 746 Hinc
633 683 760 748 loannes
782 705 851 748 vere
874 706 890 748 e
912 688 1001 751 caelis
1024 690 1143 753 clamet:
1173 691 1210 754 lu
1229 673 1324 774 prin-

70 792 165 866 cipio
195 796 266 848 erot
292 781 426 854 Verbum,
449 794 477 845 et
496 782 620 848 Verbum
641 797 710 851 erut
730 788 813 867 opud
820 787 931 861 Deum,
955 790 1079 866 etDeus
1099 803 1168 854 srot
1186 792 1323 858 Verbum

70 889 148 950 Lex
183 886 297 966 quippe
325 885 409 964 prius
438 883 571 946 umbrsm
601 887 767 948 futurorum
795 887 942 952 bonorum
973 891 1085 954 hebuit
1130 894 1201 956 tum
1224 904 1323 958 eutem

74 989 236 1052 Christus
259 985 430 1051 hominibus
453 985 647 1052 annunciatus
669 997 741 1063 est,
767 997 798 1050 et
824 991 890 1070 ipse
918 991 1012 1054 adluit
1032 993 1151 1084 dicens:
1181 995 1250 1076 lpse
1272 1001 1326 1078 qui
1419 1031 1423 1042 ι

76 1093 207 1174 loquor
229 1091 352 1162 adsum;
376 1097 457 1162 tunc,
481 1097 514 1148 ut
534 1087 608 1150 dixit
627 1089 747 1163 Paulus,
770 1095 834 1154 eius
849 1110 912 1156 uoto
933 1105 1050 1158 terrum
1072 1101 1233 1168 concussit,
1256 1117 1323 1160 cum
1389 1137 1394 1144 ·
1439 1151 1441 1161 ,

75 1197 113 1256 id
135 1196 237 1274 prius
256 1191 412 1272 pollicitus
435 1201 527 1255 essct:
550 1191 823 1273 semisauciam
845 1197 967 1260 monebo
990 1215 1052 1260 non
1073 1197 1174 1262 solum
1196 1210 1321 1272 terrem,

78 1295 140 1358 ssd
165 1305 199 1358 et
229 1293 352 1356 coelum.
400 1293 490 1366 Quod
517 1303 619 1355 cutem
644 1293 742 1358 adbuc
769 1294 860 1358 semel
887 1298 971 1370 dicit,
1006 1297 1142 1362 declaret
1169 1301 1324 1364 mobilium

81 1381 348 1464 ti‘onslctionem,
371 1405 406 1456 ut
425 1405 567 1456 moneant
588 1411 638 1466 co,
661 1414 735 1476 pune
758 1409 832 1460 sunt
853 1399 1026 1462 immobilia.
1070 1399 1175 1481 licque
1197 1419 1324 1482 repnum

82 1497 246 1562 immobile
266 1500 463 1576 susu'pisntes
485 1495 626 1558 iubentus
647 1502 788 1576 prolium,
809 1517 868 1580 per
889 1519 978 1582 puunt
998 1505 1146 1564 servimus
1165 1501 1322 1583 placentes

84 1601 166 1664 Deo.
217 1598 303 1672 Quod
332 1607 428 1660 autem
457 1595 505 1658 hic
526 1595 677 1658 immobile
698 1615 823 1678 regnum
845 1599 930 1674 dicit,
959 1602 1038 1664 idem
1066 1603 1215 1666 firmatum
1245 1605 1323 1668 osuit

85 1702 202 1764 David:
225 1700 375 1764 Dominus
398 1703 550 1778 reposuit,
576 1700 712 1762 decorem
733 1703 846 1774 induit,
868 1704 969 1766 induit
990 1704 1138 1768 Dominus
1158 1707 1322 1785 fortitudi-

86 1823 159 1867 nem
181 1813 212 1866 et
235 1799 270 1864 eb
287 1805 462 1883 praecinunt
476 1819 516 1863 ss.
561 1800 680 1864 Etenim
693 1795 834 1882 firmocit'
846 1805 948 1866 orbem
962 1815 1075 1878 terroe,
1097 1810 1151 1888 qui
1162 1825 1225 1890 non
1241 1825 1321 1870 com-
1431 1841 1436 1852 ·

87 1905 276 1970 movebitur.
320 1902 422 1982 ltaque
443 1901 522 1982 quod
544 1921 561 1964 e
582 1902 730 1982 Propheta
752 1903 861 1968 Dictum
884 1914 947 1978 est,
981 1905 1141 1970 Salvatorie
1163 1907 1406 1976 adrentumuoss.

92 2007 253 2088 significat,
275 2005 306 2066 in
329 2023 388 2084 quo
411 2012 441 2066 et
461 2023 518 2066 nos
539 2004 799 2072 renovetisttmds
821 2013 851 2068 et
872 2007 919 2068 lex
935 2009 1059 2088 spiritus
1074 2008 1233 2072 immobilis
1247 2027 1321 2092 per·

92 2117 221 2174 severat
266 2106 325 2170 Sed
347 2107 387 2168 illi
412 2125 480 2168 vere
498 2107 617 2186 Tropioi
640 2125 695 2170 seu
716 2093 877 2170 versatiles
893 2109 1014 2172 loedere
1035 2129 1101 2174 cum
1116 2109 1320 2176 minnistono

93 2233 130 2274 ac
150 2212 230 2274 'tuter
258 2229 291 2270 se
319 2207 469 2288 impietate
498 2207 640 2270 aduersus
662 2207 848 2272 Divinitatem
872 2210 973 2284 divisa,
998 2219 1031 2273 ut
1046 2204 1186 2276 'videlicet
1206 2213 1248 2276 itti
1268 2213 1321 2276 Fi·

94 2314 184 2388 lium,
207 2311 265 2392 ipsi
287 2289 429 2390 Spiritdm
452 2329 514 2370 rem
537 2302 664 2372 meatem
688 2330 757 2374 esse
778 2319 927 2391 pugnent,
956 2322 1078 2392 tropos,
1107 2322 1140 2374 ut
1161 2313 1250 2376 iidem
1271 2313 1320 2376 lo·

96 2424 236 2496 eruuntur,
259 2413 415 2492 effingere,
437 2420 525 2490 atque
548 2411 618 2474 illud
641 2412 745 2486 etiam,
768 2413 847 2492 quod
870 2422 951 2476 recte
973 2414 1008 2475 ad
1032 2414 1221 2478 Timotheum
1242 2416 1318 2478 scri-

96 2517 158 2598 psit
177 2515 351 2596 Apostolus,
381 2514 458 2576 msle
485 2513 673 2594 interpretari
702 2515 766 2578 ausi
793 2523 875 2578 sunt.
926 2502 1059 2586 Testor,
1078 2516 1174 2594 inquit
1200 2516 1318 2591 Patulus,

86 2637 200 2689 ,cotum
221 2617 282 2682 Deo
305 2627 334 2680 et
357 2617 478 2680 Cbristo
501 2615 571 2679 lesu
594 2625 623 2678 et
643 2616 744 2678 clectis
766 2617 895 2697 cnpelis,
925 2627 960 2680 ut
988 2617 1057 2680 bueo
1081 2620 1231 2680 custodias
1253 2621 1319 2682 sins

95 2719 296 2800 prosiudioio,
325 2719 402 2780 su'bt'l
426 2717 543 2796 faciens
571 2735 610 2780 eo
631 2721 820 2780 invitatione.
864 2717 908 2780 Ex
930 2716 1036 2797 quibus
1064 2717 1105 2778 illi
1128 2716 1317 2792 concludunt,

100 2823 177 2904 quod
198 2839 264 2884 cum
286 2820 378 2884 Deum
403 2828 433 2881 et
454 2819 604 2918 Christu'm
626 2803 822 2906 nominaverit
843 2818 1009 2898 deindeque
1030 2818 1169 2898 angelus.
1192 2837 1318 2882 necesse

100 2933 147 2986 est
167 2921 308 3002 Spiritum
330 2921 408 2982 inter
430 2915 550 3000 angelos
573 2922 772 2990 annumerari,
795 2939 921 3000 eumque
943 2939 978 2982 ex
993 2921 1110 2999 illorum
1129 2937 1197 2982 esse
1213 2919 1318 2984 ordios

100 3023 337 3104 etque-angelum
364 3023 430 3084 aliis
452 3023 594 3084 maiorem
617 3041 695 3084 osse.
739 3021 839 3086 Primo
862 3023 919 3086 hoc
940 3021 1022 3102 impii
1045 3022 1188 3086 Valentini
1210 3023 1316 3086 imen-
1407 3077 1411 3088 .

103 3137 160 3190 tum
182 3135 236 3200 est,
258 3144 354 3204 neque
375 3124 444 3188 latet
464 3124 549 3205 ipsos
573 3125 675 3186 eadem
701 3125 836 3188 acilium
859 3126 950 3205 loqui.
993 3125 1044 3188 lile
1065 3125 1212 3206 siquidem
1233 3125 1316 3201 dixit,

102 3229 187 3320 quod
202 3229 295 3292 misso
317 3227 461 3290 Paradito
491 3245 547 3290 una
574 3245 641 3288 cum
663 3227 713 3292 illc
736 3228 835 3290 cusevi
864 3228 928 3292 eius
956 3228 1051 3310 angeli
1082 3228 1168 3292 missi
1195 3229 1315 3292 luerint

102 3329 207 3394 Deinde
228 3330 296 3394 dum
320 3329 464 3412 Spiritum
486 3329 523 3392 ad
545 3330 717 3410 angelorum
739 3339 874 3394 naturum
896 3331 1055 3406 deducunt,
1080 3351 1141 3394 non
1162 3331 1319 3396 advertunt

104 3497 182 3540 otuu,
210 3477 363 3544 ἐκλήθησαν
389 3475 418 3530 oi
441 3475 676 3552 πνεομαοομᾶχοο,
765 3500 786 3548 g.
805 3485 845 3534 Sic
863 3499 948 3535 omnes
966 3501 1025 3535 mss.
1043 3493 1067 3534 et
1084 3483 1315 3535 editcommelmi

106 3547 227 3621 Tpoutttol
242 3545 272 3602 lu
284 3545 367 3619 ἄρχ’·
386 3542 542 3618 ὕστερονδὲ
555 3542 608 3600 dot
619 3551 679 3602 diu·
730 3553 801 3604 etism
821 3553 909 3604 hebent
926 3554 949 3603 t.
969 3569 1027 3602 mss.
1046 3555 1141 3604 codices
1159 3552 1212 3602 noti
1231 3553 1316 3602 Teste·

105 3613 227 3676 sedecion,
246 3619 321 3669 Mune
341 3614 453 3670 ονοιινοί.
478 3621 503 3670 ld
523 3629 559 3670 est
577 3620 636 3670 Nutu
654 3621 678 3670 S.
729 3622 801 3671 menti
820 3622 876 3670 edit.
895 3621 970 3670 Oxou.
984 3621 1055 3670 1675.
1091 3623 1118 3670 dt
1136 3611 1315 3686 attinebatu-

106 3691 197 3755 Spiritus
214 3691 304 3750 tostos,
324 3691 378 3754 puio
395 3691 471 3738 ocrim
489 3695 566 3752 tropos
582 3689 606 3737 in
622 3693 696 3753 pro?
730 3699 776 3735 σιν
793 3689 993 3752 quemadmodum
1013 3703 1110 3752 quoqne
1129 3688 1315 3751 legitiuterpree

105 3762 137 3808 eis
153 3760 198 3808 suis
214 3759 439 3821 interpretationibus
457 3772 482 3806 te
499 3757 678 3819 epmpilsredi-
728 3755 827 3806 Lstinns
862 3759 887 3805 iu
921 3757 1018 3806 clinum
1049 3763 1137 3820 pestem
1168 3755 1314 3805 declinatio.

107 3833 186 3888 cuent,
206 3827 271 3874 initio
289 3833 382 3876 socotos
400 3827 473 3889 [uisse
492 3824 617 3890 Tropic'os:
634 3839 678 3888 pc·
727 3823 819 3872 ibidem
839 3823 913 3886 liegii,
931 3823 1011 3874 Dttcb.
1032 3821 1314 3886 siguentnntmngtie:

108 3901 152 3946 situ
167 3909 214 3944 ueto
232 3909 246 3943 u
263 3892 593 3944 didcedooioldcctdouiunos.
621 3889 677 3940 lide
729 3886 891 3958 φάσκουσιν.
926 3891 971 3940 dlii
990 3899 1013 3942 et
1030 3891 1087 3946 editi
1105 3881 1257 3956 φάσκωσιν.

108 3977 155 4028 1³⁰⁸·
172 3961 216 4012 ⁶⁴⁵
236 3955 301 4026 [Dt-
320 3961 378 4012 ⁶⁶⁷·
399 3958 447 4009 Μ·
467 3955 526 4025 ‘dl
763 3985 786 4034 ι.
806 3985 928 4046 sunem,
942 3987 1040 4047 segnes.
1053 3983 1314 4046 ostentantium.

138 4031 207 4080 *δὴ
225 4030 280 4092 ⁸⁶*
299 4030 322 4078 ¹·
346 4031 446 4106 ΜΨ·
469 4025 678 4106 ³⁰⁸¹³⁰·..⁰⁰l¹⁰i·
730 4053 827 4104 Gobler.
846 4061 869 4102 et
887 4054 990 4104 Felelsm.
1013 4054 1033 4102 l.
1069 4053 1130 4103 Editi
1154 4067 1209 4102 sero
1233 4051 1315 4102 etslil
1415 4099 1417 4108 ,

108 4105 130 4148 et
144 4097 238 4148 lelcltm.
259 4098 280 4148 i.
316 4097 396 4148 Ceteri
414 4111 469 4144 sero
488 4105 511 4146 et
529 4095 584 4143 sdttt
598 4107 679 4146 σοιος
728 4115 775 4168 m»
792 4131 846 4170 'me
864 4112 932 4169 αὑτό
949 4123 1068 4170 ominum·

109 4155 488 4300 ῒῃῗῗιὲἓιρξῦεὴέζᾝυξνξῆΐῗ
522 4161 580 4225 Μ’
599 4161 621 4212 ²¹
641 4171 678 4212 ω’
764 4215 780 4263 i.
799 4213 896 4264 Gobler.
915 4213 1020 4263 Felcltm.
1041 4213 1061 4262 l.
1080 4213 1180 4275 Seguer.
1199 4212 1312 4262 et0ttob.

139 4303 310 4362 ttionemn.
329 4298 468 4362 etSegnel.
505 4299 530 4350 ln
549 4299 680 4350 Gabiensi
729 4271 904 4366 ¹3⁴,3'‘{5''‘⁰⁹·
953 4281 1025 4329 ΜΟ
1052 4289 1107 4344 D⁰⁸¹
1132 4279 1186 4344 3²8·
1207 4281 1229 4332 1·
1248 4279 1313 4360 3²²·

112 4369 199 4420 lelelm.
211 4369 232 4419 l.
245 4371 278 4419 its
297 4369 396 4430 iegitur:
415 4367 464 4416 τοῦ
478 4365 545 4416 θεοῦ
555 4363 678 4430 Χριστοῦ
729 4349 801 4400 ΒΜ·
815 4353 914 4428 bibim-
932 4349 1028 4426 elimes·
1048 4357 1072 4426 ⁹}
1090 4349 1193 4402 milim-
1208 4351 1229 4400 ¹·
1247 4362 1314 4416 ‘Pl‘

108 4425 189 4494 'locuti
221 4437 247 4486 ln
262 4437 352 4498 inpiis.
373 4433 421 4484 τοῦ
439 4432 505 4484 θεοῦ
521 4427 567 4482 οιαὶ
583 4429 678 4500 κυρίου
730 4431 783 4468 ⁰⁸⁷·-
821 4417 865 4467 ᾸΙΗ
882 4426 906 4468 ⁶²
924 4416 1090 4484 θὼῑῑφηω·

111 4493 176 4568 ἡμῶν
192 4493 278 4564 ’lnoosi
295 4501 428 4572 Χριστοῦ.
464 4503 541 4552 Editio
560 4502 676 4553 Commel.
763 4503 784 4553 k.
803 4503 843 4554 Sic
861 4501 926 4563 liegii
944 4502 1118 4564 etSegusrisn.
1154 4502 1214 4554 uuiti
1233 4503 1315 4554 etalii

112 4571 216 4636 dinoot.
234 4571 282 4622 τοῦ
299 4571 366 4624 bsai
382 4565 428 4622 uui
442 4569 565 4638 Χριστοῦ
579 4563 676 4631 Ἰησοῦ.
726 4562 934 4636 καταγαγόντος.
