<?xml version="1.0" encoding="UTF-8"?>
<!DOCTYPE html PUBLIC "-//W3C//DTD XHTML 1.0 Transitional//EN"
    "http://www.w3.org/TR/xhtml1/DTD/xhtml1-transitional.dtd">
<html xmlns="http://www.w3.org/1999/xhtml" xml:lang="en" lang="en">
 <head>
  <title>
</title>
<meta http-equiv="Content-Type" content="text/html;charset=utf-8" />
  <meta name='ocr-system' content='tesseract 3.04.00' />
  <meta name='ocr-capabilities' content='ocr_page ocr_carea ocr_par ocr_line ocrx_word'/>
</head>
<body>
  <div class='ocr_page' id='page_1' title='image "./sanctiathanasii01athagoog_0274.png"; bbox 0 0 3048 5052; ppageno 0'>
   <div class='ocr_carea' id='block_1_1' title="bbox 452 369 1278 438">
    <p class='ocr_par' dir='ltr' id='par_1_1' title="bbox 452 369 1278 438">
     <span class='ocr_line' id='line_1_1' title="bbox 452 369 1278 438; baseline 0.016 -13"><span class='ocrx_word' id='word_1_1' title='bbox 452 379 561 426; x_wconf 80' lang='lat' dir='ltr'>omrro</span> <span class='ocrx_word' id='word_1_2' title='bbox 576 381 597 426; x_wconf 89' lang='lat'>1.</span> <span class='ocrx_word' id='word_1_3' title='bbox 615 371 730 426; x_wconf 80' lang='lat' dir='ltr'>coarat</span> <span class='ocrx_word' id='word_1_4' title='bbox 745 381 881 428; x_wconf 78' lang='lat' dir='ltr'>munna.</span> <span class='ocrx_word' id='word_1_5' title='bbox 1212 369 1278 438; x_wconf 74' lang='lat'>227</span> 
     </span>
    </p>
   </div>
   <div class='ocr_carea' id='block_1_2' title="bbox 64 529 1387 3760">
    <p class='ocr_par' dir='ltr' id='par_1_2' title="bbox 79 529 1363 1428">
     <span class='ocr_line' id='line_1_2' title="bbox 84 529 1363 622; baseline 0 -26"><span class='ocrx_word' id='word_1_6' title='bbox 84 529 164 596; x_wconf 76' lang='lat' dir='ltr'>oseti</span> <span class='ocrx_word' id='word_1_7' title='bbox 200 531 329 607; x_wconf 80' lang='lat' dir='ltr'>Quodsi</span> <span class='ocrx_word' id='word_1_8' title='bbox 350 549 449 606; x_wconf 79' lang='lat' dir='ltr'>nune.</span> <span class='ocrx_word' id='word_1_9' title='bbox 471 539 505 594; x_wconf 94' lang='lat' dir='ltr'>ut</span> <span class='ocrx_word' id='word_1_10' title='bbox 525 539 640 613; x_wconf 76' lang='lat' dir='ltr'>putant,</span> <span class='ocrx_word' id='word_1_11' title='bbox 664 531 807 597; x_wconf 79' lang='lat' dir='ltr'>exaltatus</span> <span class='ocrx_word' id='word_1_12' title='bbox 829 543 886 609; x_wconf 82' lang='grc' dir='ltr'><strong>εει,</strong></span> <span class='ocrx_word' id='word_1_13' title='bbox 907 535 1058 616; x_wconf 89' lang='lat' dir='ltr'>quomodo</span> <span class='ocrx_word' id='word_1_14' title='bbox 1080 543 1166 600; x_wconf 86' lang='lat' dir='ltr'>autea</span> <span class='ocrx_word' id='word_1_15' title='bbox 1185 537 1363 622; x_wconf 62' lang='lat' dir='ltr'>laeli-rau.</span> 
     </span>
     <span class='ocr_line' id='line_1_3' title="bbox 81 629 1277 712; baseline 0.003 -14"><span class='ocrx_word' id='word_1_16' title='bbox 81 639 151 699; x_wconf 75' lang='lat' dir='ltr'>aaut</span> <span class='ocrx_word' id='word_1_17' title='bbox 173 635 262 698; x_wconf 79' lang='lat' dir='ltr'>coeloe</span> <span class='ocrx_word' id='word_1_18' title='bbox 290 643 320 697; x_wconf 86' lang='grc' dir='ltr'><strong>ει</strong></span> <span class='ocrx_word' id='word_1_19' title='bbox 341 635 508 712; x_wconf 73' lang='lat' dir='ltr'>doarendd,</span> <span class='ocrx_word' id='word_1_20' title='bbox 536 636 711 698; x_wconf 74' lang='lat' dir='ltr'>etiterum:</span> <span class='ocrx_word' id='word_1_21' title='bbox 745 635 825 698; x_wconf 78' lang='lat' dir='ltr'>dedit</span> <span class='ocrx_word' id='word_1_22' title='bbox 853 629 1024 700; x_wconf 67' lang='lat' dir='ltr'>dmum</span> <span class='ocrx_word' id='word_1_23' title='bbox 1042 655 1145 701; x_wconf 74' lang='lat' dir='ltr'>oroma</span> <span class='ocrx_word' id='word_1_24' title='bbox 1165 637 1277 704; x_wconf 71' lang='lat' dir='ltr'>atomi</span> 
     </span>
     <span class='ocr_line' id='line_1_4' title="bbox 82 729 1277 818; baseline 0.005 -20"><span class='ocrx_word' id='word_1_25' title='bbox 82 736 202 809; x_wconf 80' lang='lat' dir='ltr'>Quodroa</span> <span class='ocrx_word' id='word_1_26' title='bbox 222 735 246 797; x_wconf 83' lang='lat' dir='ltr'>ei</span> <span class='ocrx_word' id='word_1_27' title='bbox 267 735 353 798; x_wconf 83' lang='lat' dir='ltr'>eliam</span> <span class='ocrx_word' id='word_1_28' title='bbox 376 735 548 816; x_wconf 75' lang='lat' dir='ltr'><strong>priusquam</strong></span> <span class='ocrx_word' id='word_1_29' title='bbox 570 737 656 799; x_wconf 84' lang='lat' dir='ltr'>lieret</span> <span class='ocrx_word' id='word_1_30' title='bbox 677 737 823 810; x_wconf 80' lang='lat' dir='ltr'>mundns,</span> <span class='ocrx_word' id='word_1_31' title='bbox 851 736 944 816; x_wconf 78' lang='lat' dir='ltr'>gloria</span> <span class='ocrx_word' id='word_1_32' title='bbox 970 738 1083 818; x_wconf 83' lang='lat' dir='ltr'>potitus</span> <span class='ocrx_word' id='word_1_33' title='bbox 1106 747 1153 802; x_wconf 86' lang='lat' dir='ltr'>eat</span> <span class='ocrx_word' id='word_1_34' title='bbox 1172 729 1277 815; x_wconf 81' lang='lat' dir='ltr'>Filiua,</span> 
     </span>
     <span class='ocr_line' id='line_1_5' title="bbox 81 831 1276 918; baseline 0.004 -20"><span class='ocrx_word' id='word_1_35' title='bbox 81 837 245 900; x_wconf 75' lang='lat' dir='ltr'>nilominus</span> <span class='ocrx_word' id='word_1_36' title='bbox 266 836 376 916; x_wconf 76' lang='lat' dir='ltr'>gloriae</span> <span class='ocrx_word' id='word_1_37' title='bbox 398 845 429 899; x_wconf 91' lang='lat' dir='ltr'>et</span> <span class='ocrx_word' id='word_1_38' title='bbox 450 837 612 900; x_wconf 81' lang='lat' dir='ltr'>altiaaimua</span> <span class='ocrx_word' id='word_1_39' title='bbox 633 837 704 913; x_wconf 86' lang='lat' dir='ltr'>init,</span> <span class='ocrx_word' id='word_1_40' title='bbox 734 847 821 918; x_wconf 87' lang='lat' dir='ltr'>atquo</span> <span class='ocrx_word' id='word_1_41' title='bbox 845 855 862 900; x_wconf 88' lang='grc' dir='ltr'><strong>ε</strong></span> <span class='ocrx_word' id='word_1_42' title='bbox 884 831 971 902; x_wconf 81' lang='lat' dir='ltr'>caelia</span> <span class='ocrx_word' id='word_1_43' title='bbox 995 840 1163 917; x_wconf 76' lang='lat' dir='ltr'>deseendit,</span> <span class='ocrx_word' id='word_1_44' title='bbox 1193 860 1276 903; x_wconf 86' lang='lat' dir='ltr'>aem-</span> 
     </span>
     <span class='ocr_line' id='line_1_6' title="bbox 82 939 1276 1022; baseline 0.003 -22"><span class='ocrx_word' id='word_1_45' title='bbox 82 957 170 1018; x_wconf 82' lang='lat' dir='ltr'>perque</span> <span class='ocrx_word' id='word_1_46' title='bbox 188 940 352 1004; x_wconf 79' lang='lat' dir='ltr'>adorandus</span> <span class='ocrx_word' id='word_1_47' title='bbox 374 947 431 1016; x_wconf 83' lang='grc' dir='ltr'><strong>εει,</strong></span> <span class='ocrx_word' id='word_1_48' title='bbox 454 957 515 1002; x_wconf 89' lang='lat' dir='ltr'>uon</span> <span class='ocrx_word' id='word_1_49' title='bbox 530 957 603 1020; x_wconf 81' lang='lat' dir='ltr'>ergo</span> <span class='ocrx_word' id='word_1_50' title='bbox 618 947 777 1022; x_wconf 76' lang='lat' dir='ltr'>postquam</span> <span class='ocrx_word' id='word_1_51' title='bbox 792 939 947 1002; x_wconf 83' lang='lat' dir='ltr'>deseendit</span> <span class='ocrx_word' id='word_1_52' title='bbox 959 939 1066 1004; x_wconf 87' lang='lat' dir='ltr'>melior</span> <span class='ocrx_word' id='word_1_53' title='bbox 1080 949 1128 1004; x_wconf 83' lang='lat' dir='ltr'>est</span> <span class='ocrx_word' id='word_1_54' title='bbox 1141 942 1276 1017; x_wconf 75' lang='lat' dir='ltr'>edoctus,</span> 
     </span>
     <span class='ocr_line' id='line_1_7' title="bbox 81 1040 1276 1123; baseline 0.006 -23"><span class='ocrx_word' id='word_1_55' title='bbox 81 1040 122 1101; x_wconf 84' lang='lat' dir='ltr'>aed</span> <span class='ocrx_word' id='word_1_56' title='bbox 137 1041 226 1121; x_wconf 81' lang='lat' dir='ltr'>potius</span> <span class='ocrx_word' id='word_1_57' title='bbox 244 1041 297 1118; x_wconf 71' lang='lat' dir='ltr'>lea,</span> <span class='ocrx_word' id='word_1_58' title='bbox 326 1061 401 1123; x_wconf 88' lang='lat' dir='ltr'>quae</span> <span class='ocrx_word' id='word_1_59' title='bbox 429 1042 601 1122; x_wconf 79' lang='lat' dir='ltr'>indigebant</span> <span class='ocrx_word' id='word_1_60' title='bbox 627 1052 661 1104; x_wconf 95' lang='lat' dir='ltr'>ut</span> <span class='ocrx_word' id='word_1_61' title='bbox 690 1041 958 1115; x_wconf 78' lang='lat' dir='ltr'>melioraliereut,</span> <span class='ocrx_word' id='word_1_62' title='bbox 986 1043 1115 1106; x_wconf 77' lang='lat' dir='ltr'>reddidit</span> <span class='ocrx_word' id='word_1_63' title='bbox 1142 1044 1276 1108; x_wconf 88' lang='lat' dir='ltr'>meliora.</span> 
     </span>
     <span class='ocr_line' id='line_1_8' title="bbox 81 1141 1278 1224; baseline 0.006 -23"><span class='ocrx_word' id='word_1_64' title='bbox 81 1141 149 1214; x_wconf 81' lang='lat' dir='ltr'>Quod</span> <span class='ocrx_word' id='word_1_65' title='bbox 168 1143 191 1206; x_wconf 85' lang='lat' dir='ltr'>si</span> <span class='ocrx_word' id='word_1_66' title='bbox 210 1152 241 1206; x_wconf 95' lang='lat' dir='ltr'>ut</span> <span class='ocrx_word' id='word_1_67' title='bbox 260 1161 319 1206; x_wconf 84' lang='lat' dir='ltr'>uos</span> <span class='ocrx_word' id='word_1_68' title='bbox 340 1143 481 1206; x_wconf 80' lang='lat' dir='ltr'>meliores</span> <span class='ocrx_word' id='word_1_69' title='bbox 504 1143 642 1206; x_wconf 84' lang='lat' dir='ltr'>redderet</span> <span class='ocrx_word' id='word_1_70' title='bbox 662 1143 831 1219; x_wconf 80' lang='lat' dir='ltr'>descendit3</span> <span class='ocrx_word' id='word_1_71' title='bbox 853 1161 916 1205; x_wconf 91' lang='lat' dir='ltr'>non</span> <span class='ocrx_word' id='word_1_72' title='bbox 937 1143 1028 1223; x_wconf 75' lang='lat' dir='ltr'>igilur</span> <span class='ocrx_word' id='word_1_73' title='bbox 1044 1144 1169 1224; x_wconf 84' lang='lat' dir='ltr'>praemii</span> <span class='ocrx_word' id='word_1_74' title='bbox 1184 1145 1278 1208; x_wconf 74' lang='lat' dir='ltr'>instar</span> 
     </span>
     <span class='ocr_line' id='line_1_9' title="bbox 79 1227 1277 1326; baseline 0.003 -23"><span class='ocrx_word' id='word_1_75' title='bbox 79 1243 168 1323; x_wconf 87' lang='lat' dir='ltr'>aeoepit</span> <span class='ocrx_word' id='word_1_76' title='bbox 186 1263 292 1308; x_wconf 85' lang='lat' dir='ltr'>nomen</span> <span class='ocrx_word' id='word_1_77' title='bbox 313 1243 380 1308; x_wconf 82' lang='lat' dir='ltr'>lilii</span> <span class='ocrx_word' id='word_1_78' title='bbox 401 1253 432 1306; x_wconf 91' lang='lat' dir='ltr'>et</span> <span class='ocrx_word' id='word_1_79' title='bbox 452 1237 521 1319; x_wconf 75' lang='lat' dir='ltr'>uu,</span> <span class='ocrx_word' id='word_1_80' title='bbox 545 1245 599 1308; x_wconf 83' lang='lat' dir='ltr'>aed</span> <span class='ocrx_word' id='word_1_81' title='bbox 621 1245 686 1326; x_wconf 86' lang='lat' dir='ltr'>ipso</span> <span class='ocrx_word' id='word_1_82' title='bbox 707 1245 808 1326; x_wconf 87' lang='lat' dir='ltr'>potius</span> <span class='ocrx_word' id='word_1_83' title='bbox 833 1243 947 1320; x_wconf 81' lang='lat' dir='ltr'>effecit,</span> <span class='ocrx_word' id='word_1_84' title='bbox 976 1252 1010 1307; x_wconf 93' lang='lat' dir='ltr'>ut</span> <span class='ocrx_word' id='word_1_85' title='bbox 1028 1227 1088 1306; x_wconf 68' lang='lat' dir='ltr'>¹noo</span> <span class='ocrx_word' id='word_1_86' title='bbox 1112 1245 1159 1308; x_wconf 85' lang='lat' dir='ltr'>sui</span> <span class='ocrx_word' id='word_1_87' title='bbox 1180 1243 1277 1307; x_wconf 81' lang='lat' dir='ltr'>Patris</span> 
     </span>
     <span class='ocr_line' id='line_1_10' title="bbox 80 1331 1061 1428; baseline 0.006 -26"><span class='ocrx_word' id='word_1_88' title='bbox 80 1345 119 1404; x_wconf 86' lang='lat' dir='ltr'>llil</span> <span class='ocrx_word' id='word_1_89' title='bbox 136 1363 269 1419; x_wconf 75' lang='lat' dir='ltr'>essemus,</span> <span class='ocrx_word' id='word_1_90' title='bbox 294 1355 324 1409; x_wconf 90' lang='grc' dir='ltr'><strong>ει</strong></span> <span class='ocrx_word' id='word_1_91' title='bbox 343 1347 482 1410; x_wconf 78' lang='lat' dir='ltr'>hominen</span> <span class='ocrx_word' id='word_1_92' title='bbox 503 1346 584 1409; x_wconf 83' lang='lat' dir='ltr'><strong>Deos</strong></span> <span class='ocrx_word' id='word_1_93' title='bbox 605 1331 736 1410; x_wconf 83' lang='lat' dir='ltr'>reddidit</span> <span class='ocrx_word' id='word_1_94' title='bbox 755 1349 850 1409; x_wconf 83' lang='lat' dir='ltr'>laetus</span> <span class='ocrx_word' id='word_1_95' title='bbox 871 1346 938 1428; x_wconf 89' lang='lat' dir='ltr'>ipse</span> <span class='ocrx_word' id='word_1_96' title='bbox 958 1347 1061 1408; x_wconf 86' lang='lat' dir='ltr'>bomo.</span> 
     </span>
    </p>

    <p class='ocr_par' dir='ltr' id='par_1_3' title="bbox 64 1439 1387 3760">
     <span class='ocr_line' id='line_1_11' title="bbox 145 1439 1278 1528; baseline -0.002 -17"><span class='ocrx_word' id='word_1_97' title='bbox 145 1449 186 1511; x_wconf 80' lang='grc'>39.</span> <span class='ocrx_word' id='word_1_98' title='bbox 225 1447 293 1510; x_wconf 87' lang='lat' dir='ltr'>Nou</span> <span class='ocrx_word' id='word_1_99' title='bbox 323 1447 411 1528; x_wconf 78' lang='lat' dir='ltr'>igitur</span> <span class='ocrx_word' id='word_1_100' title='bbox 437 1467 504 1511; x_wconf 92' lang='lat' dir='ltr'>oum</span> <span class='ocrx_word' id='word_1_101' title='bbox 532 1449 623 1510; x_wconf 92' lang='lat' dir='ltr'>bomo</span> <span class='ocrx_word' id='word_1_102' title='bbox 638 1439 750 1522; x_wconf 78' lang='grc' dir='ltr'><strong>ἐεεει,</strong></span> <span class='ocrx_word' id='word_1_103' title='bbox 778 1449 872 1510; x_wconf 84' lang='lat' dir='ltr'>lactus</span> <span class='ocrx_word' id='word_1_104' title='bbox 895 1457 943 1510; x_wconf 86' lang='lat' dir='ltr'>eat</span> <span class='ocrx_word' id='word_1_105' title='bbox 963 1456 1069 1528; x_wconf 72' lang='lat' dir='ltr'>postea</span> <span class='ocrx_word' id='word_1_106' title='bbox 1090 1447 1188 1523; x_wconf 82' lang='lat' dir='ltr'>Deus,</span> <span class='ocrx_word' id='word_1_107' title='bbox 1223 1448 1278 1510; x_wconf 85' lang='lat' dir='ltr'>sed</span> 
     </span>
     <span class='ocr_line' id='line_1_12' title="bbox 78 1548 1276 1630; baseline 0.007 -24"><span class='ocrx_word' id='word_1_108' title='bbox 78 1555 168 1620; x_wconf 74' lang='lat' dir='ltr'>eontra</span> <span class='ocrx_word' id='word_1_109' title='bbox 270 1550 352 1612; x_wconf 76' lang='lat' dir='ltr'>neos</span> <span class='ocrx_word' id='word_1_110' title='bbox 374 1557 466 1625; x_wconf 81' lang='lat' dir='ltr'>esset,</span> <span class='ocrx_word' id='word_1_111' title='bbox 488 1559 594 1630; x_wconf 83' lang='lat' dir='ltr'>postea</span> <span class='ocrx_word' id='word_1_112' title='bbox 615 1549 707 1611; x_wconf 83' lang='lat' dir='ltr'>bomo</span> <span class='ocrx_word' id='word_1_113' title='bbox 729 1550 825 1612; x_wconf 82' lang='lat' dir='ltr'>laetus</span> <span class='ocrx_word' id='word_1_114' title='bbox 848 1557 903 1624; x_wconf 83' lang='lat' dir='ltr'>est,</span> <span class='ocrx_word' id='word_1_115' title='bbox 926 1567 986 1629; x_wconf 94' lang='lat' dir='ltr'>quo</span> <span class='ocrx_word' id='word_1_116' title='bbox 1009 1567 1066 1612; x_wconf 87' lang='lat' dir='ltr'>nos</span> <span class='ocrx_word' id='word_1_117' title='bbox 1088 1549 1155 1629; x_wconf 83' lang='lat' dir='ltr'>ipse</span> <span class='ocrx_word' id='word_1_118' title='bbox 1175 1548 1276 1629; x_wconf 82' lang='lat' dir='ltr'>potina</span> 
     </span>
     <span class='ocr_line' id='line_1_13' title="bbox 76 1647 1277 1731; baseline 0.003 -23"><span class='ocrx_word' id='word_1_119' title='bbox 76 1647 138 1710; x_wconf 81' lang='lat' dir='ltr'>lleoo</span> <span class='ocrx_word' id='word_1_120' title='bbox 156 1650 288 1714; x_wconf 77' lang='lat' dir='ltr'>ediceret</span> <span class='ocrx_word' id='word_1_121' title='bbox 331 1651 470 1731; x_wconf 74' lang='lat' dir='ltr'>Alioquin</span> <span class='ocrx_word' id='word_1_122' title='bbox 493 1651 519 1714; x_wconf 84' lang='lat' dir='ltr'>si</span> <span class='ocrx_word' id='word_1_123' title='bbox 542 1659 614 1713; x_wconf 90' lang='lat' dir='ltr'>tuno</span> <span class='ocrx_word' id='word_1_124' title='bbox 634 1660 757 1726; x_wconf 87' lang='lat' dir='ltr'>tautum,</span> <span class='ocrx_word' id='word_1_125' title='bbox 781 1653 964 1714; x_wconf 74' lang='lat' dir='ltr'>nominetur</span> <span class='ocrx_word' id='word_1_126' title='bbox 988 1652 1163 1725; x_wconf 81' lang='lat' dir='ltr'>esthemo,</span> <span class='ocrx_word' id='word_1_127' title='bbox 1185 1649 1277 1712; x_wconf 77' lang='lat' dir='ltr'>Filius</span> 
     </span>
     <span class='ocr_line' id='line_1_14' title="bbox 76 1749 1276 1833; baseline 0.003 -25"><span class='ocrx_word' id='word_1_128' title='bbox 76 1757 98 1808; x_wconf 88' lang='lat' dir='ltr'>et</span> <span class='ocrx_word' id='word_1_129' title='bbox 113 1749 182 1813; x_wconf 79' lang='lat' dir='ltr'>llam</span> <span class='ocrx_word' id='word_1_130' title='bbox 201 1760 247 1814; x_wconf 80' lang='lat' dir='ltr'>est</span> <span class='ocrx_word' id='word_1_131' title='bbox 269 1752 445 1833; x_wconf 84' lang='lat' dir='ltr'>appellatus,</span> <span class='ocrx_word' id='word_1_132' title='bbox 468 1752 597 1825; x_wconf 82' lang='lat' dir='ltr'>alitem,</span> <span class='ocrx_word' id='word_1_133' title='bbox 620 1761 777 1832; x_wconf 75' lang='lat' dir='ltr'>antequam</span> <span class='ocrx_word' id='word_1_134' title='bbox 792 1753 878 1814; x_wconf 87' lang='lat' dir='ltr'>fieret</span> <span class='ocrx_word' id='word_1_135' title='bbox 891 1754 993 1825; x_wconf 87' lang='lat' dir='ltr'>bomo,</span> <span class='ocrx_word' id='word_1_136' title='bbox 1015 1752 1132 1832; x_wconf 80' lang='lat' dir='ltr'>priscos</span> <span class='ocrx_word' id='word_1_137' title='bbox 1147 1751 1276 1833; x_wconf 84' lang='lat' dir='ltr'>populna</span> 
     </span>
     <span class='ocr_line' id='line_1_15' title="bbox 73 1848 1275 1934; baseline 0.002 -24"><span class='ocrx_word' id='word_1_138' title='bbox 73 1848 136 1912; x_wconf 83' lang='lat' dir='ltr'>beas</span> <span class='ocrx_word' id='word_1_139' title='bbox 154 1853 226 1915; x_wconf 79' lang='lat' dir='ltr'>lilios</span> <span class='ocrx_word' id='word_1_140' title='bbox 246 1855 379 1928; x_wconf 80' lang='lat' dir='ltr'>vocavit,</span> <span class='ocrx_word' id='word_1_141' title='bbox 402 1861 432 1916; x_wconf 91' lang='lat' dir='ltr'>et</span> <span class='ocrx_word' id='word_1_142' title='bbox 452 1854 585 1934; x_wconf 80' lang='lat' dir='ltr'>lloysom</span> <span class='ocrx_word' id='word_1_143' title='bbox 607 1853 700 1916; x_wconf 85' lang='lat' dir='ltr'>Deum</span> <span class='ocrx_word' id='word_1_144' title='bbox 723 1854 878 1915; x_wconf 81' lang='lat' dir='ltr'>coustituit</span> <span class='ocrx_word' id='word_1_145' title='bbox 897 1852 1083 1926; x_wconf 82' lang='lat' dir='ltr'>Pharaonis,</span> <span class='ocrx_word' id='word_1_146' title='bbox 1106 1852 1196 1932; x_wconf 87' lang='lat' dir='ltr'>idque</span> <span class='ocrx_word' id='word_1_147' title='bbox 1216 1869 1275 1920; x_wconf 85' lang='lat' dir='ltr'>uo·</span> 
     </span>
     <span class='ocr_line' id='line_1_16' title="bbox 73 1951 1277 2036; baseline 0.005 -26"><span class='ocrx_word' id='word_1_148' title='bbox 73 1951 143 2013; x_wconf 84' lang='lat' dir='ltr'>minis</span> <span class='ocrx_word' id='word_1_149' title='bbox 162 1956 256 2018; x_wconf 79' lang='lat' dir='ltr'>multia</span> <span class='ocrx_word' id='word_1_150' title='bbox 281 1955 435 2036; x_wconf 85' lang='lat' dir='ltr'>Scriptura</span> <span class='ocrx_word' id='word_1_151' title='bbox 456 1954 598 2031; x_wconf 72' lang='lat' dir='ltr'>attribuit,</span> <span class='ocrx_word' id='word_1_152' title='bbox 619 1973 685 2018; x_wconf 83' lang='lat' dir='ltr'>oum</span> <span class='ocrx_word' id='word_1_153' title='bbox 709 1956 764 2016; x_wconf 88' lang='lat' dir='ltr'>ait:</span> <span class='ocrx_word' id='word_1_154' title='bbox 787 1955 869 2016; x_wconf 75' lang='lat' dir='ltr'>Dran</span> <span class='ocrx_word' id='word_1_155' title='bbox 886 1958 969 2018; x_wconf 75' lang='lat' dir='ltr'>eterit</span> <span class='ocrx_word' id='word_1_156' title='bbox 983 1958 1016 2016; x_wconf 82' lang='lat' dir='ltr'>ia</span> <span class='ocrx_word' id='word_1_157' title='bbox 1031 1955 1277 2035; x_wconf 75' lang='lat' dir='ltr'>apaopopolleo-</span> 
     </span>
     <span class='ocr_line' id='line_1_17' title="bbox 71 2055 1367 2137; baseline 0 -22"><span class='ocrx_word' id='word_1_158' title='bbox 71 2067 140 2125; x_wconf 70' lang='lat' dir='ltr'>aaa,</span> <span class='ocrx_word' id='word_1_159' title='bbox 167 2065 260 2136; x_wconf 79' lang='lat' dir='ltr'>patet,</span> <span class='ocrx_word' id='word_1_160' title='bbox 293 2075 360 2120; x_wconf 89' lang='lat' dir='ltr'>eum</span> <span class='ocrx_word' id='word_1_161' title='bbox 377 2063 461 2137; x_wconf 79' lang='lat' dir='ltr'>,post</span> <span class='ocrx_word' id='word_1_162' title='bbox 487 2057 555 2120; x_wconf 79' lang='lat' dir='ltr'>illos</span> <span class='ocrx_word' id='word_1_163' title='bbox 585 2056 741 2118; x_wconf 77' lang='lat' dir='ltr'>etlilium</span> <span class='ocrx_word' id='word_1_164' title='bbox 764 2063 795 2117; x_wconf 86' lang='lat' dir='ltr'>et</span> <span class='ocrx_word' id='word_1_165' title='bbox 815 2055 909 2118; x_wconf 84' lang='lat' dir='ltr'>lleum</span> <span class='ocrx_word' id='word_1_166' title='bbox 932 2074 1002 2118; x_wconf 80' lang='lat' dir='ltr'>esse</span> <span class='ocrx_word' id='word_1_167' title='bbox 1023 2055 1145 2118; x_wconf 85' lang='lat' dir='ltr'>dictum.</span> <span class='ocrx_word' id='word_1_168' title='bbox 1189 2055 1274 2127; x_wconf 85' lang='lat' dir='ltr'>Quo-</span> <span class='ocrx_word' id='word_1_169' title='bbox 1358 2082 1367 2097; x_wconf 95' lang='lat'><strong>·</strong></span> 
     </span>
     <span class='ocr_line' id='line_1_18' title="bbox 72 2154 1277 2238; baseline 0.002 -24"><span class='ocrx_word' id='word_1_170' title='bbox 72 2155 143 2216; x_wconf 87' lang='lat' dir='ltr'>uodo</span> <span class='ocrx_word' id='word_1_171' title='bbox 168 2175 233 2237; x_wconf 73' lang='lat' dir='ltr'>ergo</span> <span class='ocrx_word' id='word_1_172' title='bbox 263 2159 364 2220; x_wconf 89' lang='lat' dir='ltr'>omnia</span> <span class='ocrx_word' id='word_1_173' title='bbox 393 2177 449 2238; x_wconf 89' lang='lat' dir='ltr'>per</span> <span class='ocrx_word' id='word_1_174' title='bbox 479 2157 579 2237; x_wconf 82' lang='lat' dir='ltr'>ipsum</span> <span class='ocrx_word' id='word_1_175' title='bbox 601 2164 698 2218; x_wconf 83' lang='lat' dir='ltr'>ereata</span> <span class='ocrx_word' id='word_1_176' title='bbox 726 2164 811 2230; x_wconf 86' lang='lat' dir='ltr'>eunt,</span> <span class='ocrx_word' id='word_1_177' title='bbox 836 2154 966 2236; x_wconf 87' lang='lat' dir='ltr'>ipsoque</span> <span class='ocrx_word' id='word_1_178' title='bbox 993 2165 1039 2218; x_wconf 89' lang='lat' dir='ltr'>eat</span> <span class='ocrx_word' id='word_1_179' title='bbox 1070 2163 1139 2218; x_wconf 83' lang='lat' dir='ltr'>auto</span> <span class='ocrx_word' id='word_1_180' title='bbox 1166 2155 1277 2228; x_wconf 83' lang='lat' dir='ltr'>omnia,</span> 
     </span>
     <span class='ocr_line' id='line_1_19' title="bbox 71 2256 1276 2337; baseline 0.002 -21"><span class='ocrx_word' id='word_1_181' title='bbox 71 2265 109 2316; x_wconf 87' lang='lat' dir='ltr'>aut</span> <span class='ocrx_word' id='word_1_182' title='bbox 127 2261 269 2337; x_wconf 89' lang='lat' dir='ltr'>quomodo</span> <span class='ocrx_word' id='word_1_183' title='bbox 293 2260 425 2322; x_wconf 89' lang='lat' dir='ltr'>omnium</span> <span class='ocrx_word' id='word_1_184' title='bbox 448 2275 547 2320; x_wconf 85' lang='lat' dir='ltr'>rerum</span> <span class='ocrx_word' id='word_1_185' title='bbox 570 2265 734 2320; x_wconf 87' lang='lat' dir='ltr'>creatarum</span> <span class='ocrx_word' id='word_1_186' title='bbox 756 2256 972 2336; x_wconf 79' lang='lat' dir='ltr'>primogenitus</span> <span class='ocrx_word' id='word_1_187' title='bbox 994 2264 1057 2330; x_wconf 87' lang='lat' dir='ltr'>est,</span> <span class='ocrx_word' id='word_1_188' title='bbox 1079 2257 1129 2336; x_wconf 89' lang='lat' dir='ltr'>qui</span> <span class='ocrx_word' id='word_1_189' title='bbox 1151 2265 1220 2318; x_wconf 86' lang='lat' dir='ltr'>anto</span> <span class='ocrx_word' id='word_1_190' title='bbox 1242 2273 1276 2318; x_wconf 83' lang='lat' dir='ltr'>ae</span> 
     </span>
     <span class='ocr_line' id='line_1_20' title="bbox 72 2355 1277 2441; baseline 0.004 -26"><span class='ocrx_word' id='word_1_191' title='bbox 72 2355 244 2436; x_wconf 77' lang='lat' dir='ltr'>adornabat,</span> <span class='ocrx_word' id='word_1_192' title='bbox 276 2361 327 2441; x_wconf 90' lang='lat' dir='ltr'>qui</span> <span class='ocrx_word' id='word_1_193' title='bbox 355 2367 386 2422; x_wconf 92' lang='grc' dir='ltr'><strong>ει</strong></span> <span class='ocrx_word' id='word_1_194' title='bbox 412 2359 463 2422; x_wconf 88' lang='lat' dir='ltr'>lilii</span> <span class='ocrx_word' id='word_1_195' title='bbox 486 2366 516 2421; x_wconf 91' lang='grc' dir='ltr'><strong>ει</strong></span> <span class='ocrx_word' id='word_1_196' title='bbox 537 2357 578 2420; x_wconf 89' lang='lat' dir='ltr'>dii</span> <span class='ocrx_word' id='word_1_197' title='bbox 600 2358 669 2420; x_wconf 77' lang='lat' dir='ltr'>diod</span> <span class='ocrx_word' id='word_1_198' title='bbox 693 2356 777 2420; x_wconf 77' lang='lat' dir='ltr'>siuti</span> <span class='ocrx_word' id='word_1_199' title='bbox 822 2357 980 2430; x_wconf 86' lang='lat' dir='ltr'>Quomodo</span> <span class='ocrx_word' id='word_1_200' title='bbox 1002 2375 1072 2419; x_wconf 83' lang='lat' dir='ltr'>vero</span> <span class='ocrx_word' id='word_1_201' title='bbox 1094 2358 1182 2437; x_wconf 86' lang='lat' dir='ltr'>primi</span> <span class='ocrx_word' id='word_1_202' title='bbox 1204 2375 1277 2438; x_wconf 85' lang='lat' dir='ltr'>par-</span> 
     </span>
     <span class='ocr_line' id='line_1_21' title="bbox 70 2455 1276 2540; baseline 0.002 -22"><span class='ocrx_word' id='word_1_203' title='bbox 70 2455 156 2538; x_wconf 81' lang='lat' dir='ltr'>tioipes</span> <span class='ocrx_word' id='word_1_204' title='bbox 174 2463 261 2525; x_wconf 81' lang='lat' dir='ltr'>Verbi</span> <span class='ocrx_word' id='word_1_205' title='bbox 285 2480 346 2524; x_wconf 92' lang='lat' dir='ltr'>non</span> <span class='ocrx_word' id='word_1_206' title='bbox 371 2469 441 2524; x_wconf 86' lang='lat' dir='ltr'>aunt</span> <span class='ocrx_word' id='word_1_207' title='bbox 461 2459 647 2540; x_wconf 75' lang='lat' dir='ltr'>participes?</span> <span class='ocrx_word' id='word_1_208' title='bbox 691 2459 764 2522; x_wconf 88' lang='lat' dir='ltr'>Vera</span> <span class='ocrx_word' id='word_1_209' title='bbox 792 2459 926 2540; x_wconf 83' lang='lat' dir='ltr'>proiecto</span> <span class='ocrx_word' id='word_1_210' title='bbox 954 2456 1018 2522; x_wconf 86' lang='lat' dir='ltr'>non</span> <span class='ocrx_word' id='word_1_211' title='bbox 1043 2465 1091 2520; x_wconf 85' lang='lat' dir='ltr'>eet</span> <span class='ocrx_word' id='word_1_212' title='bbox 1117 2465 1176 2521; x_wconf 89' lang='lat' dir='ltr'>tam</span> <span class='ocrx_word' id='word_1_213' title='bbox 1204 2475 1276 2540; x_wconf 62' lang='lat' dir='ltr'>pon</span> 
     </span>
     <span class='ocr_line' id='line_1_22' title="bbox 70 2559 1277 2644; baseline -0.002 -22"><span class='ocrx_word' id='word_1_214' title='bbox 70 2575 137 2623; x_wconf 78' lang='lat' dir='ltr'>reme</span> <span class='ocrx_word' id='word_1_215' title='bbox 157 2563 273 2644; x_wconf 91' lang='lat' dir='ltr'>opinio,</span> <span class='ocrx_word' id='word_1_216' title='bbox 304 2563 358 2626; x_wconf 80' lang='lat' dir='ltr'>aed</span> <span class='ocrx_word' id='word_1_217' title='bbox 380 2570 580 2626; x_wconf 79' lang='lat' dir='ltr'>commentum</span> <span class='ocrx_word' id='word_1_218' title='bbox 602 2577 707 2622; x_wconf 87' lang='lat' dir='ltr'>eorum</span> <span class='ocrx_word' id='word_1_219' title='bbox 730 2569 792 2634; x_wconf 85' lang='lat' dir='ltr'>est,</span> <span class='ocrx_word' id='word_1_220' title='bbox 821 2560 871 2640; x_wconf 92' lang='lat' dir='ltr'>qui</span> <span class='ocrx_word' id='word_1_221' title='bbox 899 2577 978 2622; x_wconf 90' lang='lat' dir='ltr'>nuno</span> <span class='ocrx_word' id='word_1_222' title='bbox 998 2559 1159 2622; x_wconf 84' lang='lat' dir='ltr'>ludelzant.</span> <span class='ocrx_word' id='word_1_223' title='bbox 1203 2560 1277 2621; x_wconf 86' lang='lat' dir='ltr'>Nam</span> 
     </span>
     <span class='ocr_line' id='line_1_23' title="bbox 68 2659 1279 2746; baseline 0.001 -27"><span class='ocrx_word' id='word_1_224' title='bbox 68 2659 217 2739; x_wconf 72' lang='lat' dir='ltr'>aliaest,</span> <span class='ocrx_word' id='word_1_225' title='bbox 247 2669 302 2746; x_wconf 89' lang='lat' dir='ltr'>qul</span> <span class='ocrx_word' id='word_1_226' title='bbox 324 2665 388 2726; x_wconf 80' lang='lat' dir='ltr'>fieri</span> <span class='ocrx_word' id='word_1_227' title='bbox 410 2671 525 2745; x_wconf 80' lang='lat' dir='ltr'>potent,</span> <span class='ocrx_word' id='word_1_228' title='bbox 554 2671 588 2725; x_wconf 93' lang='lat' dir='ltr'>ut</span> <span class='ocrx_word' id='word_1_229' title='bbox 608 2662 702 2724; x_wconf 84' lang='lat' dir='ltr'>Deum</span> <span class='ocrx_word' id='word_1_230' title='bbox 723 2662 840 2723; x_wconf 86' lang='lat' dir='ltr'>Patrem</span> <span class='ocrx_word' id='word_1_231' title='bbox 869 2659 959 2740; x_wconf 88' lang='lat' dir='ltr'>aliqui</span> <span class='ocrx_word' id='word_1_232' title='bbox 991 2659 1175 2740; x_wconf 72' lang='lat' dir='ltr'>agnoscant?</span> <span class='ocrx_word' id='word_1_233' title='bbox 1217 2659 1279 2721; x_wconf 85' lang='lat' dir='ltr'>Neo</span> 
     </span>
     <span class='ocr_line' id='line_1_24' title="bbox 67 2759 1278 2847; baseline 0.003 -28"><span class='ocrx_word' id='word_1_234' title='bbox 67 2761 132 2825; x_wconf 88' lang='lat' dir='ltr'>enim</span> <span class='ocrx_word' id='word_1_235' title='bbox 149 2765 267 2847; x_wconf 87' lang='lat' dir='ltr'>adoptio</span> <span class='ocrx_word' id='word_1_236' title='bbox 292 2767 358 2829; x_wconf 85' lang='lat' dir='ltr'>eine</span> <span class='ocrx_word' id='word_1_237' title='bbox 377 2784 448 2827; x_wconf 84' lang='lat' dir='ltr'>vero</span> <span class='ocrx_word' id='word_1_238' title='bbox 463 2765 538 2827; x_wconf 79' lang='lat' dir='ltr'>Filio</span> <span class='ocrx_word' id='word_1_239' title='bbox 561 2763 624 2825; x_wconf 86' lang='lat' dir='ltr'>fieri</span> <span class='ocrx_word' id='word_1_240' title='bbox 640 2771 748 2844; x_wconf 81' lang='lat' dir='ltr'>potest,</span> <span class='ocrx_word' id='word_1_241' title='bbox 771 2761 919 2840; x_wconf 85' lang='lat' dir='ltr'>cumipse</span> <span class='ocrx_word' id='word_1_242' title='bbox 941 2759 1034 2822; x_wconf 87' lang='lat' dir='ltr'>dicat:</span> <span class='ocrx_word' id='word_1_243' title='bbox 1057 2760 1149 2822; x_wconf 84' lang='lat' dir='ltr'>Nemo</span> <span class='ocrx_word' id='word_1_244' title='bbox 1167 2777 1278 2840; x_wconf 83' lang='lat' dir='ltr'>enpan-</span> 
     </span>
     <span class='ocr_line' id='line_1_25' title="bbox 67 2851 1338 2936; baseline -0.003 -11"><span class='ocrx_word' id='word_1_245' title='bbox 67 2868 113 2928; x_wconf 75' lang='grc' dir='ltr'><strong>εει</strong></span> <span class='ocrx_word' id='word_1_246' title='bbox 130 2866 246 2932; x_wconf 82' lang='lat' dir='ltr'>l&#39;otrem</span> <span class='ocrx_word' id='word_1_247' title='bbox 269 2867 451 2932; x_wconf 68' lang='lat' dir='ltr'>uiridibus</span> <span class='ocrx_word' id='word_1_248' title='bbox 474 2879 501 2931; x_wconf 84' lang='grc' dir='ltr'><strong>ει</strong></span> <span class='ocrx_word' id='word_1_249' title='bbox 524 2869 575 2928; x_wconf 81' lang='lat' dir='ltr'>eat</span> <span class='ocrx_word' id='word_1_250' title='bbox 594 2864 691 2927; x_wconf 77' lang='lat' dir='ltr'>Filius</span> <span class='ocrx_word' id='word_1_251' title='bbox 714 2863 907 2936; x_wconf 71' lang='lat' dir='ltr'>revelaverit.</span> <span class='ocrx_word' id='word_1_252' title='bbox 953 2861 1112 2934; x_wconf 86' lang='lat' dir='ltr'>Quomodo</span> <span class='ocrx_word' id='word_1_253' title='bbox 1126 2860 1198 2923; x_wconf 72' lang='lat' dir='ltr'>item</span> <span class='ocrx_word' id='word_1_254' title='bbox 1213 2862 1278 2924; x_wconf 85' lang='lat' dir='ltr'>aine</span> <span class='ocrx_word' id='word_1_255' title='bbox 1333 2851 1338 2864; x_wconf 60' lang='lat'><strong>⁴</strong></span> 
     </span>
     <span class='ocr_line' id='line_1_26' title="bbox 68 2949 1363 3047; baseline -0.004 -21"><span class='ocrx_word' id='word_1_256' title='bbox 68 2961 146 3028; x_wconf 81' lang='lat' dir='ltr'>i&#39;erbo</span> <span class='ocrx_word' id='word_1_257' title='bbox 172 2977 201 3030; x_wconf 89' lang='grc' dir='ltr'><strong>ει</strong></span> <span class='ocrx_word' id='word_1_258' title='bbox 229 2977 301 3032; x_wconf 83' lang='lat' dir='ltr'>ante</span> <span class='ocrx_word' id='word_1_259' title='bbox 322 2968 450 3032; x_wconf 78' lang='lat' dir='ltr'>Verbum</span> <span class='ocrx_word' id='word_1_260' title='bbox 472 2967 552 3030; x_wconf 82' lang='lat' dir='ltr'>Deua</span> <span class='ocrx_word' id='word_1_261' title='bbox 582 2965 648 3047; x_wconf 84' lang='lat' dir='ltr'>quis</span> <span class='ocrx_word' id='word_1_262' title='bbox 671 2963 747 3028; x_wconf 83' lang='lat' dir='ltr'>affici</span> <span class='ocrx_word' id='word_1_263' title='bbox 769 2971 873 3043; x_wconf 80' lang='lat' dir='ltr'>queat,</span> <span class='ocrx_word' id='word_1_264' title='bbox 907 2981 974 3024; x_wconf 92' lang='lat' dir='ltr'>oum</span> <span class='ocrx_word' id='word_1_265' title='bbox 1001 2962 1066 3042; x_wconf 86' lang='lat' dir='ltr'>lpso</span> <span class='ocrx_word' id='word_1_266' title='bbox 1093 2962 1130 3024; x_wconf 89' lang='lat' dir='ltr'>ad</span> <span class='ocrx_word' id='word_1_267' title='bbox 1151 2949 1363 3024; x_wconf 65' lang='lat' dir='ltr'>ludaeorum</span> 
     </span>
     <span class='ocr_line' id='line_1_27' title="bbox 65 3062 1281 3149; baseline -0.004 -18"><span class='ocrx_word' id='word_1_268' title='bbox 65 3063 175 3130; x_wconf 71' lang='lat' dir='ltr'>nomn</span> <span class='ocrx_word' id='word_1_269' title='bbox 196 3071 306 3132; x_wconf 81' lang='lat' dir='ltr'>naues</span> <span class='ocrx_word' id='word_1_270' title='bbox 328 3069 372 3132; x_wconf 82' lang='lat' dir='ltr'>aio</span> <span class='ocrx_word' id='word_1_271' title='bbox 393 3070 545 3149; x_wconf 86' lang='lat' dir='ltr'>loquatur:</span> <span class='ocrx_word' id='word_1_272' title='bbox 569 3067 607 3131; x_wconf 82' lang='lat' dir='ltr'>St</span> <span class='ocrx_word' id='word_1_273' title='bbox 625 3066 697 3130; x_wconf 79' lang='lat' dir='ltr'>iltoa</span> <span class='ocrx_word' id='word_1_274' title='bbox 712 3065 793 3129; x_wconf 74' lang='lat' dir='ltr'>Deos</span> <span class='ocrx_word' id='word_1_275' title='bbox 817 3066 903 3140; x_wconf 76' lang='lat' dir='ltr'>diuet,</span> <span class='ocrx_word' id='word_1_276' title='bbox 926 3065 966 3128; x_wconf 90' lang='lat' dir='ltr'>od</span> <span class='ocrx_word' id='word_1_277' title='bbox 988 3081 1061 3144; x_wconf 81' lang='lat' dir='ltr'>quoe</span> <span class='ocrx_word' id='word_1_278' title='bbox 1080 3063 1207 3126; x_wconf 78' lang='lat' dir='ltr'>Verbum</span> <span class='ocrx_word' id='word_1_279' title='bbox 1221 3062 1281 3126; x_wconf 78' lang='lat' dir='ltr'>Dea·</span> 
     </span>
     <span class='ocr_line' id='line_1_28' title="bbox 64 3163 1279 3247; baseline -0.003 -18"><span class='ocrx_word' id='word_1_280' title='bbox 64 3165 165 3242; x_wconf 78' lang='lat' dir='ltr'>(oetam</span> <span class='ocrx_word' id='word_1_281' title='bbox 185 3171 254 3236; x_wconf 75' lang='grc' dir='ltr'><strong>εειῖ</strong></span> <span class='ocrx_word' id='word_1_282' title='bbox 287 3171 396 3236; x_wconf 64' lang='lat' dir='ltr'>Romo</span> <span class='ocrx_word' id='word_1_283' title='bbox 426 3171 596 3244; x_wconf 79' lang='lat' dir='ltr'>atomum,</span> <span class='ocrx_word' id='word_1_284' title='bbox 629 3174 777 3247; x_wconf 89' lang='lat' dir='ltr'>quotquot</span> <span class='ocrx_word' id='word_1_285' title='bbox 804 3184 871 3229; x_wconf 88' lang='lat' dir='ltr'>eum</span> <span class='ocrx_word' id='word_1_286' title='bbox 900 3165 953 3228; x_wconf 87' lang='lat' dir='ltr'>lllii</span> <span class='ocrx_word' id='word_1_287' title='bbox 981 3172 1043 3228; x_wconf 89' lang='lat' dir='ltr'>tum</span> <span class='ocrx_word' id='word_1_288' title='bbox 1070 3163 1112 3226; x_wconf 89' lang='lat' dir='ltr'>dii</span> <span class='ocrx_word' id='word_1_289' title='bbox 1141 3163 1279 3245; x_wconf 89' lang='lat' dir='ltr'>appellati</span> 
     </span>
     <span class='ocr_line' id='line_1_29' title="bbox 65 3251 1387 3348; baseline 0.003 -23"><span class='ocrx_word' id='word_1_290' title='bbox 65 3275 124 3329; x_wconf 85' lang='lat' dir='ltr'>aunt</span> <span class='ocrx_word' id='word_1_291' title='bbox 142 3272 201 3334; x_wconf 79' lang='lat' dir='ltr'>sive</span> <span class='ocrx_word' id='word_1_292' title='bbox 223 3273 255 3335; x_wconf 92' lang='lat' dir='ltr'>iu</span> <span class='ocrx_word' id='word_1_293' title='bbox 275 3251 370 3335; x_wconf 77' lang='lat' dir='ltr'>&#39;terris</span> <span class='ocrx_word' id='word_1_294' title='bbox 391 3272 455 3335; x_wconf 84' lang='lat' dir='ltr'>sive</span> <span class='ocrx_word' id='word_1_295' title='bbox 476 3272 507 3332; x_wconf 93' lang='lat' dir='ltr'>iu</span> <span class='ocrx_word' id='word_1_296' title='bbox 530 3269 628 3344; x_wconf 78' lang='lat' dir='ltr'>caelis,</span> <span class='ocrx_word' id='word_1_297' title='bbox 651 3287 706 3348; x_wconf 91' lang='lat' dir='ltr'>per</span> <span class='ocrx_word' id='word_1_298' title='bbox 721 3269 848 3331; x_wconf 82' lang='lat' dir='ltr'>Verbum</span> <span class='ocrx_word' id='word_1_299' title='bbox 865 3275 894 3330; x_wconf 92' lang='grc' dir='ltr'><strong>ει</strong></span> <span class='ocrx_word' id='word_1_300' title='bbox 915 3266 967 3330; x_wconf 85' lang='lat' dir='ltr'>lilii</span> <span class='ocrx_word' id='word_1_301' title='bbox 984 3273 1014 3328; x_wconf 89' lang='grc' dir='ltr'><strong>ει</strong></span> <span class='ocrx_word' id='word_1_302' title='bbox 1028 3265 1069 3328; x_wconf 91' lang='lat' dir='ltr'>dii</span> <span class='ocrx_word' id='word_1_303' title='bbox 1084 3275 1154 3330; x_wconf 86' lang='lat' dir='ltr'>auut</span> <span class='ocrx_word' id='word_1_304' title='bbox 1169 3265 1278 3341; x_wconf 77' lang='lat' dir='ltr'>oreon,</span> <span class='ocrx_word' id='word_1_305' title='bbox 1378 3264 1387 3285; x_wconf 79' lang='grc'><em>“</em></span> 
     </span>
     <span class='ocr_line' id='line_1_30' title="bbox 65 3365 1278 3451; baseline -0.004 -16"><span class='ocrx_word' id='word_1_306' title='bbox 65 3365 171 3450; x_wconf 75' lang='lat' dir='ltr'>ipseque</span> <span class='ocrx_word' id='word_1_307' title='bbox 190 3374 288 3438; x_wconf 82' lang='lat' dir='ltr'>l’iliua</span> <span class='ocrx_word' id='word_1_308' title='bbox 312 3372 439 3435; x_wconf 84' lang='lat' dir='ltr'>Verbum</span> <span class='ocrx_word' id='word_1_309' title='bbox 462 3379 524 3447; x_wconf 82' lang='lat' dir='ltr'>eat;</span> <span class='ocrx_word' id='word_1_310' title='bbox 546 3371 736 3451; x_wconf 83' lang='lat' dir='ltr'>perspicuum</span> <span class='ocrx_word' id='word_1_311' title='bbox 759 3387 831 3432; x_wconf 87' lang='lat' dir='ltr'>sano</span> <span class='ocrx_word' id='word_1_312' title='bbox 853 3369 953 3442; x_wconf 76' lang='lat' dir='ltr'>morit,</span> <span class='ocrx_word' id='word_1_313' title='bbox 976 3385 1081 3442; x_wconf 79' lang='lat' dir='ltr'>omues</span> <span class='ocrx_word' id='word_1_314' title='bbox 1102 3385 1158 3447; x_wconf 88' lang='lat' dir='ltr'>per</span> <span class='ocrx_word' id='word_1_315' title='bbox 1179 3367 1278 3448; x_wconf 85' lang='lat' dir='ltr'>ipsum</span> 
     </span>
     <span class='ocr_line' id='line_1_31' title="bbox 65 3467 1279 3554; baseline -0.003 -22"><span class='ocrx_word' id='word_1_316' title='bbox 65 3467 128 3532; x_wconf 78' lang='lat' dir='ltr'>filios</span> <span class='ocrx_word' id='word_1_317' title='bbox 148 3475 243 3549; x_wconf 83' lang='lat' dir='ltr'>ellici,</span> <span class='ocrx_word' id='word_1_318' title='bbox 268 3475 369 3554; x_wconf 90' lang='lat' dir='ltr'>ipsum</span> <span class='ocrx_word' id='word_1_319' title='bbox 391 3492 462 3536; x_wconf 85' lang='lat' dir='ltr'>vero</span> <span class='ocrx_word' id='word_1_320' title='bbox 484 3481 553 3535; x_wconf 89' lang='lat' dir='ltr'>aute</span> <span class='ocrx_word' id='word_1_321' title='bbox 575 3477 696 3545; x_wconf 84' lang='lat' dir='ltr'>omues,</span> <span class='ocrx_word' id='word_1_322' title='bbox 719 3473 780 3533; x_wconf 91' lang='lat' dir='ltr'>imo</span> <span class='ocrx_word' id='word_1_323' title='bbox 802 3489 872 3532; x_wconf 83' lang='lat' dir='ltr'>vero</span> <span class='ocrx_word' id='word_1_324' title='bbox 895 3469 992 3532; x_wconf 80' lang='lat' dir='ltr'>nolum</span> <span class='ocrx_word' id='word_1_325' title='bbox 1014 3485 1081 3531; x_wconf 88' lang='lat' dir='ltr'>aum</span> <span class='ocrx_word' id='word_1_326' title='bbox 1103 3485 1205 3535; x_wconf 84' lang='lat' dir='ltr'>verum</span> <span class='ocrx_word' id='word_1_327' title='bbox 1226 3467 1279 3528; x_wconf 77' lang='lat' dir='ltr'>Pi-</span> 
     </span>
     <span class='ocr_line' id='line_1_32' title="bbox 65 3565 1278 3645; baseline -0.002 -13"><span class='ocrx_word' id='word_1_328' title='bbox 65 3565 124 3632; x_wconf 90' lang='lat' dir='ltr'>liun</span> <span class='ocrx_word' id='word_1_329' title='bbox 142 3581 171 3636; x_wconf 82' lang='lat' dir='ltr'>et</span> <span class='ocrx_word' id='word_1_330' title='bbox 191 3575 294 3638; x_wconf 79' lang='lat' dir='ltr'>nolum</span> <span class='ocrx_word' id='word_1_331' title='bbox 317 3593 352 3637; x_wconf 82' lang='lat' dir='ltr'>ex</span> <span class='ocrx_word' id='word_1_332' title='bbox 373 3575 436 3636; x_wconf 86' lang='lat' dir='ltr'>Deo</span> <span class='ocrx_word' id='word_1_333' title='bbox 458 3593 531 3637; x_wconf 84' lang='lat' dir='ltr'>vero</span> <span class='ocrx_word' id='word_1_334' title='bbox 553 3591 656 3636; x_wconf 86' lang='lat' dir='ltr'>verum</span> <span class='ocrx_word' id='word_1_335' title='bbox 678 3571 771 3636; x_wconf 86' lang='lat' dir='ltr'>Deum</span> <span class='ocrx_word' id='word_1_336' title='bbox 793 3589 873 3645; x_wconf 83' lang='lat' dir='ltr'>ease,</span> <span class='ocrx_word' id='word_1_337' title='bbox 898 3589 955 3634; x_wconf 87' lang='lat' dir='ltr'>neo</span> <span class='ocrx_word' id='word_1_338' title='bbox 975 3569 1141 3632; x_wconf 88' lang='lat' dir='ltr'>moroedom</span> <span class='ocrx_word' id='word_1_339' title='bbox 1163 3567 1278 3630; x_wconf 81' lang='lat' dir='ltr'>virtutis</span> 
     </span>
     <span class='ocr_line' id='line_1_33' title="bbox 67 3663 1279 3760; baseline -0.009 -23"><span class='ocrx_word' id='word_1_340' title='bbox 67 3667 127 3734; x_wconf 69' lang='lat' dir='ltr'>laec</span> <span class='ocrx_word' id='word_1_341' title='bbox 143 3678 296 3760; x_wconf 82' lang='lat' dir='ltr'>aooepisee</span> <span class='ocrx_word' id='word_1_342' title='bbox 317 3693 415 3756; x_wconf 86' lang='lat' dir='ltr'>noque</span> <span class='ocrx_word' id='word_1_343' title='bbox 436 3675 525 3738; x_wconf 90' lang='lat' dir='ltr'>alium</span> <span class='ocrx_word' id='word_1_344' title='bbox 546 3674 584 3738; x_wconf 87' lang='lat' dir='ltr'>ab</span> <span class='ocrx_word' id='word_1_345' title='bbox 606 3673 664 3738; x_wconf 83' lang='lat' dir='ltr'>illis</span> <span class='ocrx_word' id='word_1_346' title='bbox 686 3692 764 3750; x_wconf 83' lang='lat' dir='ltr'>ease,</span> <span class='ocrx_word' id='word_1_347' title='bbox 788 3674 843 3735; x_wconf 83' lang='lat' dir='ltr'>aed</span> <span class='ocrx_word' id='word_1_348' title='bbox 863 3673 969 3734; x_wconf 75' lang='lat' dir='ltr'>natura</span> <span class='ocrx_word' id='word_1_349' title='bbox 991 3678 1022 3732; x_wconf 88' lang='lat' dir='ltr'>el</span> <span class='ocrx_word' id='word_1_350' title='bbox 1042 3669 1215 3734; x_wconf 80' lang='lat' dir='ltr'>aubetantit</span> <span class='ocrx_word' id='word_1_351' title='bbox 1229 3663 1279 3730; x_wconf 81' lang='lat' dir='ltr'>iba</span> 
     </span>
    </p>
   </div>
   <div class='ocr_carea' id='block_1_3' title="bbox 58 3889 1281 4121">
    <p class='ocr_par' dir='ltr' id='par_1_4' title="bbox 58 3889 1281 4121">
     <span class='ocr_line' id='line_1_34' title="bbox 87 3889 1281 3994; baseline -0.009 -18"><span class='ocrx_word' id='word_1_352' title='bbox 87 3939 106 3984; x_wconf 74' lang='lat' dir='ltr'>a.</span> <span class='ocrx_word' id='word_1_353' title='bbox 123 3927 282 3994; x_wconf 75' lang='lat' dir='ltr'>SieSeguar.</span> <span class='ocrx_word' id='word_1_354' title='bbox 320 3931 349 3979; x_wconf 79' lang='lat' dir='ltr'>At</span> <span class='ocrx_word' id='word_1_355' title='bbox 372 3928 413 3980; x_wconf 88' lang='lat' dir='ltr'>alii</span> <span class='ocrx_word' id='word_1_356' title='bbox 439 3935 463 3978; x_wconf 83' lang='lat' dir='ltr'>et</span> <span class='ocrx_word' id='word_1_357' title='bbox 480 3927 536 3978; x_wconf 82' lang='lat' dir='ltr'>editi</span> <span class='ocrx_word' id='word_1_358' title='bbox 554 3919 643 3986; x_wconf 77' lang='grc' dir='ltr'><strong><em>πάσης</em></strong></span> <span class='ocrx_word' id='word_1_359' title='bbox 692 3919 717 3976; x_wconf 73' lang='grc' dir='ltr'><strong>εἰ</strong></span> <span class='ocrx_word' id='word_1_360' title='bbox 734 3917 749 3973; x_wconf 77' lang='grc' dir='ltr'><strong><em>ὅ</em></strong></span> <span class='ocrx_word' id='word_1_361' title='bbox 767 3917 833 3978; x_wconf 74' lang='lat' dir='ltr'>uide.</span> <span class='ocrx_word' id='word_1_362' title='bbox 874 3923 935 3973; x_wconf 90' lang='lat' dir='ltr'>lbid.</span> <span class='ocrx_word' id='word_1_363' title='bbox 958 3922 1065 3973; x_wconf 81' lang='lat' dir='ltr'>Felolm.</span> <span class='ocrx_word' id='word_1_364' title='bbox 1083 3921 1107 3973; x_wconf 82' lang='lat'>5.</span> <span class='ocrx_word' id='word_1_365' title='bbox 1129 3913 1176 3968; x_wconf 73' lang='lat' dir='ltr'>eat</span> <span class='ocrx_word' id='word_1_366' title='bbox 1199 3889 1281 3982; x_wconf 68' lang='lat' dir='ltr'>qidr</span> 
     </span>
     <span class='ocr_line' id='line_1_35' title="bbox 58 3983 1280 4064; baseline -0.001 -29"><span class='ocrx_word' id='word_1_367' title='bbox 58 3987 172 4052; x_wconf 73' lang='lat' dir='ltr'>nicene,</span> <span class='ocrx_word' id='word_1_368' title='bbox 197 3990 274 4064; x_wconf 75' lang='grc' dir='ltr'>ἔχων</span> <span class='ocrx_word' id='word_1_369' title='bbox 297 3990 361 4049; x_wconf 78' lang='lat' dir='ltr'>robe</span> <span class='ocrx_word' id='word_1_370' title='bbox 377 3990 431 4063; x_wconf 78' lang='lat' dir='ltr'>apd</span> <span class='ocrx_word' id='word_1_371' title='bbox 450 3988 542 4044; x_wconf 71' lang='lat' dir='ltr'>«deod.</span> <span class='ocrx_word' id='word_1_372' title='bbox 580 3995 640 4044; x_wconf 89' lang='lat' dir='ltr'>lbid.</span> <span class='ocrx_word' id='word_1_373' title='bbox 693 3983 776 4047; x_wconf 73' lang='lat' dir='ltr'>adroic</span> <span class='ocrx_word' id='word_1_374' title='bbox 793 3983 963 4056; x_wconf 61' lang='lat' dir='ltr'>&amp;roxolrbpp</span> <span class='ocrx_word' id='word_1_375' title='bbox 1148 4053 1153 4064; x_wconf 34' lang='lat'><strong>¹</strong></span> <span class='ocrx_word' id='word_1_376' title='bbox 1256 4051 1280 4063; x_wconf 90' lang='lat'>..</span> 
     </span>
     <span class='ocr_line' id='line_1_36' title="bbox 61 4051 1281 4121; baseline -0.003 -16"><span class='ocrx_word' id='word_1_377' title='bbox 61 4071 133 4110; x_wconf 74' lang='lat' dir='ltr'>onon</span> <span class='ocrx_word' id='word_1_378' title='bbox 150 4079 209 4116; x_wconf 70' lang='lat' dir='ltr'>msa</span> <span class='ocrx_word' id='word_1_379' title='bbox 227 4057 307 4118; x_wconf 74' lang='lat' dir='ltr'>niobe</span> <span class='ocrx_word' id='word_1_380' title='bbox 323 4054 468 4116; x_wconf 61' lang='lat' dir='ltr'>atteroda.</span> <span class='ocrx_word' id='word_1_381' title='bbox 493 4054 643 4115; x_wconf 74' lang='lat' dir='ltr'>Editioioaic</span> <span class='ocrx_word' id='word_1_382' title='bbox 727 4061 749 4110; x_wconf 81' lang='lat' dir='ltr'>l.</span> <span class='ocrx_word' id='word_1_383' title='bbox 768 4061 808 4110; x_wconf 87' lang='lat' dir='ltr'>Sic</span> <span class='ocrx_word' id='word_1_384' title='bbox 825 4059 965 4121; x_wconf 73' lang='lat' dir='ltr'>Sequeriao.</span> <span class='ocrx_word' id='word_1_385' title='bbox 985 4062 1008 4106; x_wconf 83' lang='grc' dir='ltr'><strong>ει</strong></span> <span class='ocrx_word' id='word_1_386' title='bbox 1026 4055 1083 4117; x_wconf 67' lang='lat' dir='ltr'>Rea.</span> <span class='ocrx_word' id='word_1_387' title='bbox 1118 4053 1163 4103; x_wconf 82' lang='lat' dir='ltr'>llri</span> <span class='ocrx_word' id='word_1_388' title='bbox 1182 4059 1206 4102; x_wconf 85' lang='lat' dir='ltr'>et</span> <span class='ocrx_word' id='word_1_389' title='bbox 1223 4051 1281 4102; x_wconf 85' lang='lat' dir='ltr'>edrtr</span> 
     </span>
    </p>
   </div>
   <div class='ocr_carea' id='block_1_4' title="bbox 58 4118 1282 4262">
    <p class='ocr_par' dir='ltr' id='par_1_5' title="bbox 58 4118 1282 4262">
     <span class='ocr_line' id='line_1_37' title="bbox 58 4118 1257 4199; baseline -0.005 -29"><span class='ocrx_word' id='word_1_390' title='bbox 58 4119 96 4172; x_wconf 73' lang='lat' dir='ltr'>eoi</span> <span class='ocrx_word' id='word_1_391' title='bbox 111 4123 183 4182; x_wconf 73' lang='lat' dir='ltr'>retr.</span> <span class='ocrx_word' id='word_1_392' title='bbox 220 4133 283 4182; x_wconf 81' lang='lat' dir='ltr'>ltem</span> <span class='ocrx_word' id='word_1_393' title='bbox 301 4132 359 4182; x_wconf 85' lang='lat' dir='ltr'>ibid.</span> <span class='ocrx_word' id='word_1_394' title='bbox 376 4131 476 4193; x_wconf 75' lang='lat' dir='ltr'>Sequer.</span> <span class='ocrx_word' id='word_1_395' title='bbox 495 4121 524 4178; x_wconf 71' lang='grc' dir='ltr'>οἱ</span> <span class='ocrx_word' id='word_1_396' title='bbox 537 4127 642 4196; x_wconf 70' lang='grc' dir='ltr'><strong>μετοχῇ</strong></span> <span class='ocrx_word' id='word_1_397' title='bbox 692 4125 751 4182; x_wconf 70' lang='grc' dir='ltr'>πῶς</span> <span class='ocrx_word' id='word_1_398' title='bbox 768 4119 796 4174; x_wconf 86' lang='lat' dir='ltr'>d&#39;</span> <span class='ocrx_word' id='word_1_399' title='bbox 815 4118 852 4174; x_wconf 77' lang='lat' dir='ltr'>dr</span> <span class='ocrx_word' id='word_1_400' title='bbox 866 4120 920 4175; x_wconf 79' lang='lat' dir='ltr'>aot.</span> <span class='ocrx_word' id='word_1_401' title='bbox 1119 4187 1142 4199; x_wconf 91' lang='lat'>..</span> <span class='ocrx_word' id='word_1_402' title='bbox 1251 4185 1257 4197; x_wconf 92' lang='lat'><strong>.</strong></span> 
     </span>
     <span class='ocr_line' id='line_1_38' title="bbox 58 4179 1282 4262; baseline -0.022 1"><span class='ocrx_word' id='word_1_403' title='bbox 58 4195 160 4262; x_wconf 53' lang='lat' dir='ltr'>”05¹⁰ss</span> <span class='ocrx_word' id='word_1_404' title='bbox 726 4195 743 4245; x_wconf 92' lang='lat' dir='ltr'>l.</span> <span class='ocrx_word' id='word_1_405' title='bbox 762 4197 912 4256; x_wconf 78' lang='lat' dir='ltr'>SleSegner.</span> <span class='ocrx_word' id='word_1_406' title='bbox 940 4194 969 4240; x_wconf 85' lang='grc' dir='ltr'>Αι</span> <span class='ocrx_word' id='word_1_407' title='bbox 987 4189 1027 4239; x_wconf 82' lang='lat' dir='ltr'>alii</span> <span class='ocrx_word' id='word_1_408' title='bbox 1046 4193 1069 4236; x_wconf 86' lang='lat' dir='ltr'>et</span> <span class='ocrx_word' id='word_1_409' title='bbox 1086 4185 1143 4236; x_wconf 76' lang='lat' dir='ltr'>edito</span> <span class='ocrx_word' id='word_1_410' title='bbox 1161 4179 1192 4235; x_wconf 71' lang='grc' dir='ltr'>δέ</span> <span class='ocrx_word' id='word_1_411' title='bbox 1209 4193 1282 4236; x_wconf 85' lang='lat' dir='ltr'>omrt·</span> 
     </span>
    </p>
   </div>
   <div class='ocr_carea' id='block_1_5' title="bbox 86 4245 1282 4382">
    <p class='ocr_par' dir='ltr' id='par_1_6' title="bbox 86 4245 1282 4382">
     <span class='ocr_line' id='line_1_39' title="bbox 86 4245 1282 4382; baseline 0.013 -39"><span class='ocrx_word' id='word_1_412' title='bbox 86 4295 107 4344; x_wconf 84' lang='lat' dir='ltr'>l.</span> <span class='ocrx_word' id='word_1_413' title='bbox 129 4301 169 4350; x_wconf 83' lang='lat' dir='ltr'>Sic</span> <span class='ocrx_word' id='word_1_414' title='bbox 187 4301 292 4363; x_wconf 74' lang='lat' dir='ltr'>Sequor.</span> <span class='ocrx_word' id='word_1_415' title='bbox 319 4299 348 4350; x_wconf 79' lang='lat' dir='ltr'>lt</span> <span class='ocrx_word' id='word_1_416' title='bbox 363 4299 404 4350; x_wconf 79' lang='lat' dir='ltr'>alii</span> <span class='ocrx_word' id='word_1_417' title='bbox 422 4312 476 4350; x_wconf 82' lang='lat' dir='ltr'>rom</span> <span class='ocrx_word' id='word_1_418' title='bbox 490 4297 560 4350; x_wconf 81' lang='lat' dir='ltr'>editio</span> <span class='ocrx_word' id='word_1_419' title='bbox 573 4289 640 4358; x_wconf 75' lang='grc' dir='ltr'>αὕτη</span> <span class='ocrx_word' id='word_1_420' title='bbox 691 4245 1282 4382; x_wconf 42' lang='grc' dir='ltr'>ἔπ’ὅτῗίᾱ”ῃειῖ,ᾞ’ῑῑὲῃῃὲξχὲμυτῒςεἰῇ,</span> 
     </span>
    </p>
   </div>
   <div class='ocr_carea' id='block_1_6' title="bbox 60 4351 1282 4458">
    <p class='ocr_par' dir='ltr' id='par_1_7' title="bbox 60 4351 1282 4458">
     <span class='ocr_line' id='line_1_40' title="bbox 60 4351 1282 4458; baseline 0.008 -28"><span class='ocrx_word' id='word_1_421' title='bbox 60 4351 159 4424; x_wconf 69' lang='lat' dir='ltr'>late«,</span> <span class='ocrx_word' id='word_1_422' title='bbox 176 4363 379 4434; x_wconf 64' lang='lat' dir='ltr'>naoeeeooeoo·</span> <span class='ocrx_word' id='word_1_423' title='bbox 691 4397 784 4458; x_wconf 71' lang='lat' dir='ltr'>anglio.</span> <span class='ocrx_word' id='word_1_424' title='bbox 803 4401 827 4444; x_wconf 69' lang='lat' dir='ltr'>a</span> <span class='ocrx_word' id='word_1_425' title='bbox 843 4393 949 4443; x_wconf 63' lang='lat' dir='ltr'>nattam.</span> <span class='ocrx_word' id='word_1_426' title='bbox 959 4393 997 4444; x_wconf 79' lang='lat' dir='ltr'>a·</span> <span class='ocrx_word' id='word_1_427' title='bbox 1009 4394 1038 4440; x_wconf 82' lang='lat' dir='ltr'>n</span> <span class='ocrx_word' id='word_1_428' title='bbox 1055 4389 1095 4440; x_wconf 79' lang='lat' dir='ltr'>uo</span> <span class='ocrx_word' id='word_1_429' title='bbox 1108 4391 1197 4440; x_wconf 63' lang='lat' dir='ltr'>eroon</span> <span class='ocrx_word' id='word_1_430' title='bbox 1208 4390 1282 4439; x_wconf 76' lang='lat' dir='ltr'>cam-</span> 
     </span>
    </p>
   </div>
   <div class='ocr_carea' id='block_1_7' title="bbox 825 4453 834 4474">
    <p class='ocr_par' dir='ltr' id='par_1_8' title="bbox 825 4453 834 4474">
     <span class='ocr_line' id='line_1_41' title="bbox 825 4453 834 4474; baseline 0 0"><span class='ocrx_word' id='word_1_431' title='bbox 825 4453 834 4474; x_wconf 78' lang='grc' dir='ltr'><strong><em>Ι</em></strong></span> 
     </span>
    </p>
   </div>
   <div class='ocr_carea' id='block_1_8' title="bbox 59 4449 1274 4729">
    <p class='ocr_par' dir='ltr' id='par_1_9' title="bbox 59 4449 1274 4729">
     <span class='ocr_line' id='line_1_42' title="bbox 87 4449 1274 4576; baseline -0.01 -60"><span class='ocrx_word' id='word_1_432' title='bbox 87 4465 100 4510; x_wconf 81' lang='lat' dir='ltr'>i.</span> <span class='ocrx_word' id='word_1_433' title='bbox 126 4467 228 4529; x_wconf 73' lang='lat' dir='ltr'>Sequor.</span> <span class='ocrx_word' id='word_1_434' title='bbox 257 4459 342 4522; x_wconf 74' lang='grc' dir='ltr'><strong><em>οὕτως</em></strong></span> <span class='ocrx_word' id='word_1_435' title='bbox 359 4459 375 4528; x_wconf 79' lang='grc' dir='ltr'><em>ἧ</em></span> <span class='ocrx_word' id='word_1_436' title='bbox 392 4461 526 4518; x_wconf 72' lang='lat' dir='ltr'>otoaeota.</span> <span class='ocrx_word' id='word_1_437' title='bbox 567 4465 642 4516; x_wconf 81' lang='lat' dir='ltr'>l’aulo</span> <span class='ocrx_word' id='word_1_438' title='bbox 693 4461 750 4514; x_wconf 85' lang='lat' dir='ltr'>mel.</span> <span class='ocrx_word' id='word_1_439' title='bbox 770 4456 785 4510; x_wconf 74' lang='grc' dir='ltr'><strong>ὁ</strong></span> <span class='ocrx_word' id='word_1_440' title='bbox 802 4457 883 4576; x_wconf 61' lang='lat'>27⁰5</span> <span class='ocrx_word' id='word_1_441' title='bbox 898 4454 945 4539; x_wconf 60' lang='lat' dir='ltr'>fui</span> <span class='ocrx_word' id='word_1_442' title='bbox 962 4449 1095 4540; x_wconf 54' lang='lat' dir='ltr'>dqpqtu.</span> <span class='ocrx_word' id='word_1_443' title='bbox 1121 4454 1274 4537; x_wconf 62' lang='lat' dir='ltr'>nopsem·</span> 
     </span>
     <span class='ocr_line' id='line_1_43' title="bbox 60 4526 1173 4609; baseline -0.004 -30"><span class='ocrx_word' id='word_1_444' title='bbox 60 4538 105 4606; x_wconf 79' lang='lat' dir='ltr'>ppet</span> <span class='ocrx_word' id='word_1_445' title='bbox 120 4533 200 4590; x_wconf 83' lang='lat' dir='ltr'>idem.</span> <span class='ocrx_word' id='word_1_446' title='bbox 222 4536 281 4598; x_wconf 70' lang='lat' dir='ltr'>neg.</span> <span class='ocrx_word' id='word_1_447' title='bbox 299 4537 398 4590; x_wconf 80' lang='lat' dir='ltr'>Gobler.</span> <span class='ocrx_word' id='word_1_448' title='bbox 418 4534 601 4588; x_wconf 58' lang='lat' dir='ltr'>destimulor</span> <span class='ocrx_word' id='word_1_449' title='bbox 618 4533 642 4584; x_wconf 82' lang='lat' dir='ltr'>d.</span> <span class='ocrx_word' id='word_1_450' title='bbox 692 4526 797 4598; x_wconf 76' lang='grc' dir='ltr'><strong><em>μᾶλλον</em></strong></span> <span class='ocrx_word' id='word_1_451' title='bbox 871 4541 961 4609; x_wconf 62' lang='lat' dir='ltr'>ppoapr</span> <span class='ocrx_word' id='word_1_452' title='bbox 983 4539 1073 4581; x_wconf 74' lang='lat' dir='ltr'>orror·</span> <span class='ocrx_word' id='word_1_453' title='bbox 1109 4527 1173 4578; x_wconf 80' lang='lat' dir='ltr'>Eduo</span> 
     </span>
     <span class='ocr_line' id='line_1_44' title="bbox 59 4592 1079 4729; baseline -0.014 -66"><span class='ocrx_word' id='word_1_454' title='bbox 59 4607 78 4642; x_wconf 67' lang='lat'>‘⁸</span> <span class='ocrx_word' id='word_1_455' title='bbox 96 4595 130 4662; x_wconf 66' lang='lat' dir='ltr'>pl</span> <span class='ocrx_word' id='word_1_456' title='bbox 148 4595 171 4712; x_wconf 34' lang='grc' dir='ltr'>,ὅ</span> <span class='ocrx_word' id='word_1_457' title='bbox 189 4595 260 4655; x_wconf 74' lang='grc' dir='ltr'><strong>εἷός.</strong></span> <span class='ocrx_word' id='word_1_458' title='bbox 292 4605 338 4656; x_wconf 83' lang='lat' dir='ltr'>llil</span> <span class='ocrx_word' id='word_1_459' title='bbox 361 4611 386 4655; x_wconf 85' lang='lat' dir='ltr'>et</span> <span class='ocrx_word' id='word_1_460' title='bbox 408 4605 482 4658; x_wconf 84' lang='lat' dir='ltr'>editio</span> <span class='ocrx_word' id='word_1_461' title='bbox 500 4600 644 4654; x_wconf 73' lang='lat' dir='ltr'>domnallo.</span> <span class='ocrx_word' id='word_1_462' title='bbox 691 4592 949 4666; x_wconf 63' lang='lat' dir='ltr'>potaverimus.</span> <span class='ocrx_word' id='word_1_463' title='bbox 1025 4676 1079 4729; x_wconf 66' lang='lat' dir='ltr'><em>w</em></span> 
     </span>
    </p>
   </div>
   <div class='ocr_carea' id='block_1_9' title="bbox 0 0 1528 5052">
    <p class='ocr_par' dir='ltr' id='par_1_10' title="bbox 0 0 1528 5052">
     <span class='ocr_line' id='line_1_45' title="bbox 0 0 1528 5052; baseline 0 3"><span class='ocrx_word' id='word_1_464' title='bbox 0 0 1528 5052; x_wconf 95' lang='lat' dir='ltr'> </span> 
     </span>
    </p>
   </div>
  </div>
 </body>
</html>
