3110 5064
163 383 166 394 .
255 327 296 392 ³8
526 381 530 396 .
778 345 949 390 murrata.

254 495 298 558 lbi
321 495 399 558 enim
422 446 448 558 is
470 496 584 559 duabus
606 506 724 560 constat
744 495 893 578 partibus,
917 514 974 559 una
996 499 1032 561 de
1052 498 1125 579 fide,
1147 496 1236 560 altera
1260 499 1294 560 de
1314 498 1463 562 mortino:

255 617 377 679 quarum
410 599 458 661 illa
489 599 525 662 ab
554 599 688 680 exemplo
716 607 800 660 antea
830 599 908 661 edito
941 599 1040 672 abeat,
1073 599 1146 662 haec
1167 599 1288 660 multum
1310 599 1465 678 discrepat.

254 701 312 762 Sed
334 700 390 764 hac
410 719 528 780 quoque
548 703 641 762 torma
663 700 778 763 libellus
801 719 861 763 nnn
883 701 998 764 ridetur
1018 701 1144 780 dignior,
1167 701 1217 781 qni
1239 701 1311 763 tanti
1334 701 1465 763 doctoris

255 819 362 866 noman
391 821 460 882 prae
489 821 522 864 se
544 803 626 864 ierat.
669 803 846 866 Athanasius
869 803 959 882 igitur
980 803 1184 866 institutiones
1206 802 1385 881 dogmaticus
1407 821 1468 864 noo
1541 833 1542 848 a

256 904 437 984 composuit,
471 923 526 966 nec
554 903 578 964 si
607 904 636 966 id
665 905 786 966 iecisset
814 915 970 985 propterea
991 923 1099 986 parens
1121 905 1281 966 hodiernae
1303 905 1468 984 theologiae

255 1006 320 1092 iure
347 1007 444 1068 vocari
471 1013 590 1086 posset:
621 1024 711 1086 quum
740 1015 824 1068 antea
854 1006 911 1068 iam
935 1007 1097 1086 Origenes,
1129 1005 1277 1068 Clemente
1300 1007 1358 1108 ¹hac
1382 1007 1413 1068 in
1434 1026 1467 1068 ra

253 1110 394 1187 magistro
417 1126 500 1180 usus,
523 1108 650 1188 primum
674 1108 838 1188 theologiae
860 1109 1040 1188 dogmaticae
1062 1109 1210 1188 specimen
1233 1109 1367 1170 dedisset
1383 1107 1466 1170 libris

253 1219 379 1291 quatuor
407 1210 484 1294 περὶ
513 1201 620 1292 ἀρχῶν
653 1221 682 1272 et
709 1211 739 1272 in
768 1211 890 1273 exordio
920 1212 1018 1290 operis
1047 1211 1134 1274 etiam
1163 1211 1312 1272 notionem
1335 1210 1466 1272 eiusdem
1542 1229 1543 1232 ¹

256 1312 453 1393 explicuisset.
497 1312 704 1374 Verumtamen
734 1315 763 1376 in
793 1313 911 1392 scriptia
938 1313 1089 1375 Athanasii
1117 1311 1283 1374 universam
1314 1312 1467 1391 religionis

140 1457 144 1466 ·
253 1415 431 1477 christianae
453 1417 577 1476 t'ormnm
601 1423 630 1476 et
651 1417 805 1488 rationem,
829 1433 916 1495 quam
938 1415 1115 1494 cogitatione
1137 1414 1390 1494 complexueerat,
1414 1433 1468 1476 ex·

190 1503 193 1516 ’
255 1518 383 1598 positam
406 1516 560 1586 babemus,
585 1525 669 1597 atque
690 1518 729 1579 ita
751 1518 954 1580 demonstrare
976 1535 1137 1596 possumus
1160 1515 1240 1578 illum
1264 1518 1293 1577 in
1310 1516 1469 1578 tractandis

253 1618 418 1696 praecipuis
451 1617 518 1679 tidei
551 1618 736 1698 dogmatibus
765 1636 829 1680 eam
857 1618 1020 1698 praeivisse
1047 1618 1138 1692 viam,
1170 1636 1256 1698 quam
1286 1617 1469 1680 clarissimos

252 1719 393 1782 ecclesiae
414 1720 552 1782 doctores
575 1739 652 1782 saec.
668 1720 715 1782 lV.
737 1720 890 1800 ingressos
912 1739 978 1782 esse
1000 1728 1125 1782 constat.
1154 1719 1284 1781 Primum
1306 1719 1336 1780 in
1351 1718 1469 1780 duobus

153 1836 172 1886 ¹.
253 1821 336 1884 libris*
358 1822 560 1901 apologeticis,
584 1823 612 1883 in
634 1823 779 1885 Oratione
801 1833 910 1885 contro
930 1833 1032 1902 genter
1054 1831 1084 1883 et
1105 1821 1134 1882 in
1153 1822 1298 1884 Oratione
1314 1823 1348 1884 de
1363 1825 1465 1884 incor-

254 1930 376 1987 natione
397 1925 483 1986 verbi
502 1923 715 2002 (inscribuntur
741 1941 845 2002 graece
860 1919 956 2006 λόγος
969 1919 1052 1986 κατὰ
1063 1916 1220 2006 Ἑλλήνων
1235 1931 1265 1984 et
1279 1918 1375 2006 λόγος
1389 1923 1472 2006 περὶ

254 2025 325 2108 mig
339 2021 623 2110 ἒνανθρωπήσεως
651 2025 709 2088 τοῦ
738 2023 835 2108 λόγου
862 2025 917 2089 καὶ
945 2024 1003 2109 τῆς
1025 2021 1081 2089 διὰ
1102 2021 1256 2107 σώματος
1276 2020 1363 2107 πρὸς
1383 2017 1472 2108 ἡμᾶς

256 2125 453 2213 ἐπιφανείας
474 2119 597 2203 αὐτοῦ).
634 2127 666 2190 ln
689 2128 735 2188 his
759 2128 849 2206 igitur
869 2127 965 2199 libris,
988 2147 1062 2207 quoa
1086 2128 1241 2190 admodum
1265 2127 1378 2188 iuvenis
1402 2137 1472 2189 ante
1544 2111 1545 2154 t

252 2231 483 2292 controversiam
507 2231 640 2290 ananam
665 2230 851 2308 conscripsit,
872 2230 909 2291 de
929 2230 1105 2309 praestantia
1121 2229 1275 2308 religionis
1291 2229 1473 2290 christianae

254 2353 318 2394 cum
347 2331 538 2410 religionibus
561 2332 690 2410 gentiam
712 2341 897 2411 comparatae
920 2332 959 2393 itu
981 2331 1136 2406 disseruit,
1164 2341 1197 2392 ut
1218 2351 1281 2392 eant
1304 2349 1471 2411 propemo-

253 2435 321 2496 dom
349 2443 439 2494 tutam
468 2432 615 2495 evolveret
642 2442 671 2494 et
698 2451 801 2495 omnes
830 2442 930 2513 partes
957 2432 1001 2494 vel
1024 2433 1117 2512 capita
1140 2434 1237 2494 omnia
1259 2434 1473 2512 persequendo

254 2536 464 2616 perlectamet
486 2535 649 2598 absolutam
673 2553 740 2597 esse
761 2536 890 2598 doceret.
936 2533 999 2608 Qua
1022 2535 1151 2605 ratione,
1174 2534 1299 2596 maxime
1322 2534 1350 2595 ia
1375 2535 1473 2597 altero
1545 2526 1546 2606 l

253 2645 386 2706 tractatu,
409 2657 481 2699 non·
493 2647 603 2700 tanturn
626 2640 720 2718 ipsam
743 2638 911 2700 doctrinam
925 2637 1115 2719 principalem
1131 2637 1167 2697 de
1182 2637 1385 2698 incarnatione
1400 2655 1474 2699 rer-

250 2741 280 2804 bi
302 2761 336 2802 ac
358 2741 394 2802 de
416 2741 512 2802 causis
536 2751 565 2802 et
586 2742 681 2803 fructu
703 2740 846 2803 adrentus
870 2740 919 2802 uttt
942 2741 988 2802 dei
1012 2740 1046 2801 ad
1070 2740 1207 2802 homines
1229 2738 1353 2817 eiusque
1373 2739 1476 2801 actio-

254 2857 324 2904 num
347 2854 376 2904 et
397 2844 623 2922 perpessionum
646 2843 810 2914 illustravit,
834 2843 886 2904 sed
910 2843 996 2904 etiam
1019 2840 1219 2920 antecedentia
1241 2839 1286 2900 vel
1301 2841 1476 2920 supposita,

253 2943 409 3023 praecipue
436 2963 534 3004 veram
564 2944 611 3004 dei
639 2946 791 3004 notionem
814 2953 843 3003 et
867 2952 976 3004 rectam
999 2942 1035 3002 de
1058 2941 1187 3004 hominis
1209 2941 1358 3002 creatione
1380 2951 1478 3023 atque

250 3044 335 3122 lapsu
357 3045 544 3116 sententiam,
568 3053 598 3106 et
619 3045 841 3124 consequentia,
863 3061 937 3122 quae
958 3043 995 3103 de
1017 3042 1110 3104 salute
1132 3061 1185 3122 per
1206 3043 1354 3105 Christum
1379 3062 1477 3107 recu-

255 3144 384 3224 peranda
407 3147 572 3219 traduntur,
596 3154 683 3224 prout
704 3146 821 3207 occasio
844 3143 967 3214 terebat,
991 3144 1093 3222 attigit.
1138 3143 1221 3206 Conl.
1237 3144 1441 3208 hloehlcrual.
1456 3149 1478 3208 l.

250 3266 281 3327 p.
300 3249 475 3312 tan-184.
499 3257 527 3305 rt
549 3246 701 3308 homerus
724 3245 753 3307 in
776 3245 846 3308 bist.
869 3245 1015 3323 dogmatis
1038 3247 1074 3307 de
1095 3265 1222 3326 persona
1246 3246 1354 3308 Christi
1378 3247 1480 3320 (Βητ-

253 3349 602 3430 nichelungsgeechichte
624 3349 679 3409 der
700 3347 795 3410 habre
824 3365 884 3410 non
913 3348 967 3410 der
988 3347 1106 3410 Person
1129 3348 1253 3423 Christi)
1275 3347 1338 3410 Vol.
1356 3347 1377 3409 Ι.
1401 3367 1480 3431 pag.

254 3453 431 3517 tut-848.
477 3451 551 3512 Tum
579 3467 651 3512 nero
680 3451 709 3511 in
738 3446 988 3529 disputationibus
1017 3459 1118 3510 annua
1138 3449 1264 3511 Arianos
1285 3449 1418 3528 itemque
1445 3454 1482 3514 in

222 3607 227 3622 ‚
251 3553 298 3628 iis,
321 3553 427 3632 quibua
441 3551 667 3614 Macedonianos
690 3550 954 3631 ethpoliinaristas
976 3550 1087 3612 aliosve
1110 3549 1147 3612 dc
1169 3551 1371 3612 incarnatione
1387 3555 1484 3620 verbi

253 3674 312 3716 non
335 3662 415 3716 recte
437 3653 597 3717 sentientes
620 3653 791 3726 constiterit,
814 3671 873 3714 nnn
897 3653 969 3714 satis
991 3652 1093 3714 habuit
1114 3651 1177 3714 sola
1192 3652 1327 3731 dogmata
1342 3663 1484 3718 contro-

252 3757 395 3820 verende
419 3755 513 3818 tribus
536 3755 566 3842 in
590 3754 645 3816 deo
667 3755 805 3835 personis
828 3754 915 3817 etde
938 3754 1051 3818 duabus
1074 3755 1103 3816 in
1127 3753 1244 3816 Christo
1266 3754 1379 3816 naturis
1403 3765 1485 3820 tra-

252 3861 394 3922 ctavisse:
423 3857 476 3921 sed
498 3857 743 3936 quemadmodum
769 3857 799 3917 in
822 3855 985 3935 theologica
1006 3855 1170 3934 scripturae
1192 3873 1294 3918 sacrae
1309 3857 1486 3936 interpre-

252 3963 362 4024 tatione
385 3959 498 4040 singula
520 3959 595 4020 dicta
618 3977 653 4020 ex
676 3960 831 4020 universae
854 3958 1017 4037 scripturae
1032 3957 1230 4020 consensione
1245 3966 1331 4037 etque
1347 3975 1383 4019 ex
1399 3961 1490 4026 fidei

193 4087 195 4095 ¹
250 4065 351 4142 regula
372 4063 521 4126 aestimari
543 4059 635 4121 voluit
655 4069 684 4122 et
705 4060 837 4139 intelligi,
860 4059 905 4120 sic
926 4059 956 4119 in
971 4057 1094 4136 singulis
1109 4059 1330 4138 quaestionibus
1341 4059 1489 4140 dogma.

252 4163 318 4225 ticis
341 4165 436 4226 ubivis
459 4163 601 4244 principia
624 4171 654 4225 et
675 4163 762 4226 finem
784 4159 935 4241 religionis
957 4159 1131 4222 christianae
1153 4160 1379 4241 universamque
1401 4166 1489 4231 eius

252 4267 378 4328 tonnam
407 4264 666 4347 circumspicienda
697 4283 765 4326 esse
793 4261 905 4345 putarit
934 4272 1020 4341 atque
1041 4261 1096 4324 hac
1116 4263 1160 4324 rei
1182 4263 1347 4324 tractandae
1369 4265 1490 4330 subti-

252 4365 333 4428 litate
355 4367 497 4428 adductus
520 4377 575 4441 est,
598 4376 631 4430 ut
651 4368 707 4434 alia
728 4385 846 4446 quoque
868 4364 926 4426 illis
948 4363 1146 4426 controversis
1168 4382 1297 4426 connexa
1314 4365 1493 4438 doctrinae

253 4467 479 4548 sacrae-capita
511 4469 572 4532 sats
601 4469 675 4532 locis
703 4475 853 4530 excuteret
881 4477 910 4528 et
936 4465 1005 4544 quid
1034 4466 1070 4526 de
1098 4465 1135 4526 iis
1166 4466 1351 4528 sentiendum
1374 4485 1494 4550 esset,

254 4569 423 4634 declararet.
466 4569 621 4632 Praeterea
643 4571 707 4651 ipsa
729 4568 948 4632 controversiae
969 4569 1090 4686 materia
1113 4566 1140 4628 ei
1161 4585 1222 4631 oon
1241 4568 1330 4630 modo
1345 4585 1495 4642 causam
