3072 5056
359 375 503 421 erassem
519 378 558 424 us
574 374 717 422 uscasrrs
733 378 876 422 arcessas
893 379 1010 422 arsum.
1174 447 1177 455 Ι
1260 366 1300 428 87

142 548 172 590 ex
194 529 253 590 Deo
274 547 361 600 rero,
391 529 539 608 genitum,
569 547 630 590 non
660 529 784 602 lactum,
817 529 1098 591 consubstantialem
1122 530 1217 603 Patri,
1247 545 1386 610 pernaso.

142 649 223 710 quern
245 630 343 691 omnia
365 630 440 691 iacta
462 615 542 704 subt,
566 631 628 692 sive
651 649 725 710 quae
748 630 778 691 in
802 631 881 690 caelo
904 631 966 693 sire
990 631 1109 710 quaein
1127 639 1203 694 terra
1219 619 1299 709 suut]

140 731 185 810 qui
206 739 328 811 propter
349 749 406 793 nos
428 731 564 794 bomines
595 741 625 793 et
645 739 770 811 propter
792 738 926 792 nostram
949 733 1072 794 salutem
1096 733 1250 796 descendit
1271 742 1386 796 etrele.

139 833 302 894 incarnatus
325 842 381 904 est,
404 832 493 894 lromo
515 835 611 894 lactus
635 841 691 906 est,
713 851 820 913 passus
841 843 890 893 est
911 840 940 893 et
962 835 1125 897 resurrexit
1139 837 1224 897 tertia
1240 836 1298 910 die,

139 933 266 994 aseendit
295 933 325 994 in
353 933 452 995 caelos
482 943 510 994 et
543 935 643 996 veniet
664 933 843 995 iudicaturus
865 934 947 996 viros
969 943 999 995 et
1021 945 1165 998 mortuos.
1211 937 1248 998 bt
1269 938 1299 1000 in

139 1032 276 1113 Spiritum
300 1043 444 1096 sanctum.
488 1034 559 1096 lllos
582 1053 653 1096 reru
677 1036 726 1114 qui
750 1035 860 1109 dicunt,
885 1033 961 1110 „luit
982 1036 1138 1116 aliquando
1156 1056 1223 1100 cum
1238 1057 1299 1101 uon

139 1142 273 1208 „esset,“
297 1144 342 1197 et:
373 1143 551 1215 „antequam
573 1135 690 1216 genitus
713 1145 760 1198 est
782 1125 843 1197 non
867 1145 967 1211 erat,“
991 1147 1035 1198 et:
1061 1157 1118 1211 „ex
1140 1141 1298 1202 non-exi-

138 1237 308 1310 „stentibus
331 1239 394 1298 sire
416 1256 452 1298 ex
474 1237 568 1299 nihilo
591 1239 684 1300 lactus
708 1244 792 1310 est,“
822 1238 867 1299 rel
897 1239 947 1318 qui
970 1238 1022 1300 Dei
1045 1239 1150 1302 Filium
1180 1260 1215 1300 ex
1244 1239 1300 1302 alia

136 1337 284 1417 hypostasi
306 1338 351 1399 rel
374 1338 537 1400 substantia
560 1358 626 1400 esse
648 1347 698 1400 aut
719 1340 848 1401 dreatum
872 1359 939 1401 esse
961 1349 1012 1402 aut
1033 1341 1140 1402 mutari
1156 1341 1201 1402 vel
1224 1358 1298 1402 con-

134 1439 205 1500 serti
227 1457 321 1519 posse
344 1439 486 1514 sentiunt,
510 1441 694 1502 anathemate
716 1439 785 1502 lerit
807 1441 948 1503 catholica
971 1441 1112 1504 Ecclesia.

154 1646 183 1706 5.
226 1641 290 1702 Hac
322 1641 421 1721 itaque
454 1641 490 1702 ab
518 1642 574 1704 illis
603 1642 680 1702 edita
709 1643 834 1704 lormula
867 1643 1017 1704 noluimus
1051 1644 1208 1718 assentiri,
1241 1643 1300 1705 uisi

82 1751 224 1821 postquam
248 1742 407 1821 diligenter
428 1743 464 1804 ab
486 1743 561 1824 ipsis
584 1743 802 1822 inquisivimus,
825 1763 954 1824 quonam
976 1745 1067 1806 modo
1088 1745 1233 1807 dixissent
1247 1745 1298 1806 Fi-

81 1842 141 1904 lium
162 1863 196 1906 ex
217 1843 384 1906 substantia
406 1844 503 1906 Patris
533 1852 563 1905 et
583 1845 660 1906 Patri
693 1845 973 1908 consubstantialem
1006 1865 1085 1907 esse.
1129 1847 1207 1908 llinc
1228 1863 1299 1924 ergo

80 1955 166 2007 motae
192 1954 264 2008 sunt
294 1945 483 2025 quaestiones
513 1956 542 2008 et
570 1947 802 2024 responsiones,
836 1948 962 2027 quisque
990 1946 1109 2009 illorum
1138 1947 1298 2010 verborum

82 2065 175 2110 sensus
197 2057 298 2121 esset,
326 2047 443 2109 ratione
466 2056 511 2108 est
533 2047 740 2109 examinatum.
784 2048 884 2128 ltaque
905 2049 984 2110 inter
1007 2067 1059 2110 eos
1082 2047 1220 2111 convenit
1241 2049 1299 2110 ista

81 2147 195 2210 dictione
217 2167 257 2212 em
280 2149 453 2212 substantia
476 2148 650 2228 significari,
683 2147 789 2212 Filium
818 2169 886 2210 esse
909 2149 1026 2230 quidem
1050 2168 1085 2210 ex
1107 2149 1213 2223 Patre,
1236 2167 1297 2211 non

82 2255 165 2310 tamen
185 2249 268 2312 velut
290 2260 404 2329 partem
427 2249 522 2311 Patris
545 2249 683 2312 existere.
728 2251 823 2322 Quam
846 2235 918 2312 sane
940 2249 1118 2312 sententiam
1141 2251 1229 2312 nobis
1247 2269 1297 2311 re·

82 2357 146 2410 dum
167 2351 261 2414 visum
287 2359 334 2412 est
355 2350 493 2433 amplecti
517 2359 619 2431 utpote
641 2359 870 2413 consentaneam
892 2352 958 2433 piae
980 2351 1142 2425 doctrinae,
1169 2371 1226 2432 qua
1248 2352 1297 2414 ni-

82 2451 173 2514 mimm
194 2453 378 2526 declaratur,
407 2452 512 2514 Filium
541 2471 574 2514 ex
598 2447 685 2514 Patre
712 2451 830 2531 quidem
853 2471 939 2526 esse,
968 2471 1029 2514 non
1056 2461 1154 2514 tamen
1182 2459 1297 2533 partem

83 2550 136 2612 eius
162 2553 346 2615 substantiae
376 2553 513 2615 existere.
565 2553 710 2626 Quocirca
744 2553 831 2615 nobis
859 2572 978 2634 quoque
1006 2553 1144 2634 placitum
1172 2561 1235 2626 est,
1264 2561 1298 2614 ut

84 2655 243 2717 sententiam
266 2656 356 2716 istam
379 2654 621 2734 approbaremus.
665 2655 767 2732 Neque
790 2653 877 2716 etiam
905 2654 1173 2716 comobstontiolia
1194 2671 1296 2714 vocem

82 2753 296 2832 repudiarimus,
320 2774 386 2817 cum
408 2764 532 2835 propter
551 2756 633 2835 pacis
655 2755 788 2828 bouum,
811 2755 890 2832 quod
913 2753 1001 2816 nobie
1023 2763 1092 2814 ante
1114 2753 1216 2814 oculos
1238 2771 1296 2831 po-

82 2855 214 2918 tissimum
237 2857 425 2930 versabatur,
448 2865 510 2918 lum
532 2876 570 2918 ne
592 2875 608 2918 a
631 2864 710 2917 recta
733 2855 878 2917 sententia
900 2855 1116 2916 decideremus.

153 2960 180 3020 6.
226 2957 371 3020 Similiter
398 2957 571 3019 admisimus
594 2975 683 3018 voces
704 2961 839 3036 penitam
860 2967 889 3019 et
909 2975 973 3018 aon
1000 2956 1132 3033 sactum,
1163 2954 1298 3034 quando·

82 3057 183 3132 quidem
205 3061 284 3122 bane
305 3077 408 3122 rocem
435 3061 552 3138 suctum
573 3075 760 3120 communem
789 3075 856 3118 esse
883 3056 979 3118 aiebat
1006 3065 1170 3118 ceterarum
1198 3075 1298 3118 rorum

82 3167 239 3232 erraneum,
265 3178 341 3238 quae
363 3177 418 3238 per
438 3159 543 3222 Filium
566 3161 657 3220 laetae
682 3167 761 3231 sunt,
783 3176 907 3237 quarum
929 3158 1001 3220 nibil
1018 3157 1115 3219 simile
1129 3157 1221 3218 Filius
1242 3157 1297 3218 ba-

81 3255 166 3332 beret,
199 3279 234 3322 ac
261 3259 389 3339 proinde
418 3259 516 3339 ipsum
545 3278 605 3320 non
634 3277 702 3320 esse
730 3278 793 3320 rem
821 3261 925 3320 iactam
955 3259 1044 3320 rebus
1073 3259 1131 3320 illis
1159 3257 1297 3332 similem,

82 3375 143 3433 quae
162 3379 216 3439 per
237 3381 307 3422 euru
330 3363 422 3422 sactae
444 3370 530 3434 sunt,
564 3361 617 3422 sed
646 3359 868 3439 praestantioris
898 3379 985 3439 quam
1008 3378 1057 3420 res
1080 3378 1183 3422 omnes
1205 3361 1296 3420 lactas

82 3457 249 3523 substantiae
273 3480 358 3534 esse,
387 3479 473 3540 quam
503 3481 539 3522 ex
561 3461 647 3522 Patre
676 3479 743 3523 esse
771 3461 898 3540 genitam
921 3459 1018 3522 divina
1040 3461 1148 3522 docent
1169 3459 1296 3534 oracula,

82 3559 186 3622 nodum
209 3569 308 3624 autem
331 3561 532 3640 generationis
554 3551 787 3641 inexplicabilem
810 3580 893 3634 esse,
922 3581 978 3622 nee
1005 3561 1041 3622 ab
1064 3561 1123 3622 ulla
1144 3562 1218 3622 lacta
1240 3577 1295 3620 ua-

83 3665 136 3718 tura
155 3681 246 3740 posse
268 3661 380 3742 percipi
403 3671 453 3724 aut
475 3663 607 3742 cogitari.

155 3765 182 3823 l.
227 3763 271 3824 lle
294 3764 365 3824 item
388 3763 551 3824 examinata
575 3763 778 3824 confirmatum
802 3770 858 3835 est,
881 3761 986 3823 Filium
1001 3761 1081 3822 Patri
1097 3760 1295 3822 consubstan-

84 3857 167 3921 tialem
195 3882 263 3925 esse
292 3883 352 3924 non
381 3883 540 3944 corporum
569 3865 619 3922 aut
647 3861 813 3924 mortalium
848 3862 1038 3923 animantium
1067 3879 1167 3932 meree
1200 3874 1297 3936 neque

83 3959 148 4022 enim
174 3962 203 4023 id
230 3963 295 4025 beri
324 3965 469 4026 divisione
500 3963 683 4026 substantiae
706 3972 756 4025 aut
777 3963 963 4042 praecisione
985 3979 1081 4039 neque
1104 3959 1200 4036 aliqua
1222 3957 1296 4017 alle-

112 4126 131 4172 t·
148 4115 225 4166 Gelos.
251 4107 347 4168 morae
369 4113 420 4166 soti
446 4110 560 4182 πατρός.
597 4116 657 4164 lbid.
743 4118 765 4164 k.
790 4117 830 4165 Sic
855 4116 911 4176 Rea.
938 4113 1012 4163 codex
1037 4118 1061 4158 et
1086 4109 1159 4158 editio
1178 4107 1296 4158 Commel.

84 4177 182 4231 Slffllts
198 4175 370 4248 ὦμολόνηῐο.
520 4223 528 4228 -
707 4185 736 4234 dt
753 4183 884 4240 Theodec,
902 4181 971 4230 socr.
990 4188 1012 4228 et
1032 4177 1111 4228 Gelae.
1130 4167 1262 4242 ἔφασκον.

111 4245 259 4301 bsecrans
278 4250 371 4300 ταῦτα.
742 4251 758 4298 l.
777 4249 898 4298 Theodec.
915 4239 993 4324 pprdd.

113 4313 125 4360 ἰ.
142 4315 260 4367 Tbeodor.
271 4320 371 4368 etSoer.
392 4313 586 4384 συντιθέμεθα.
604 4317 657 4367 llos
743 4331 775 4366 m.
793 4319 907 4365 Socrates
926 4324 1032 4378 apator.

84 4377 190 4432 lbeodoc.
218 4393 242 4434 et
260 4387 342 4436 Gelas.
361 4388 474 4436 omittunt
490 4384 540 4434 τοῦ
558 4377 657 4451 ὃμοου-
743 4399 765 4432 n.
785 4383 825 4432 Sic
843 4381 916 4430 editio
935 4379 1053 4430 Commal.
1073 4393 1118 4429 nec
1132 4393 1185 4455 pon
1203 4376 1295 4426 Tbeod.

85 4445 142 4494 alas.
165 4450 192 4498 bt
215 4463 340 4515 praeterea
360 4454 481 4504 Theodec.
500 4455 571 4502 babet
588 4465 627 4500 na
651 4477 658 4487 ·
709 4459 732 4500 et
750 4449 830 4500 Gelos.
867 4449 894 4497 dt
912 4449 969 4508 lies.
988 4461 1034 4496 ms.
1051 4457 1189 4512 τυγχανει.

87 4508 232 4580 παυόμεθα.
267 4521 293 4570 Et
312 4519 386 4584 paulo
405 4529 461 4585 post
477 4514 531 4588 πρὸ
551 4465 657 4585 ipsios·
744 4532 767 4565 o.
786 4517 899 4564 Socrates
916 4513 1041 4580 γεννηιῇ.

88 4579 137 4636 μῡῖν
153 4577 236 4650 ἡμῶν.
744 4600 767 4648 p.
787 4583 908 4633 Tbeodos.
927 4591 951 4634 st
968 4585 1048 4634 Gelas.
1067 4575 1188 4636 συνίστη.
