2960 5026
376 261 493 306 eoum
507 261 725 306 trouuuuutmr
741 263 828 308 urum
844 263 876 308 u.
1173 253 1236 319 ata

31 419 68 477 ie
87 419 197 504 ‚erat
242 411 404 493 Postquam
427 419 524 476 autem
547 411 600 476 liei
622 412 793 476 mandatum
814 423 1021 496 uansgmesue
1044 426 1104 492 eet,
1137 421 1167 482 in
1189 423 1322 484 ri-reu.

0 537 71 579 as
101 516 229 596 lapsus
253 525 301 577 eet
322 516 528 596 cogitationes,
550 534 611 577 uon
635 516 714 596 quod
737 515 817 578 Deus
839 515 903 578 illas
925 517 1139 596 cogitationes,
1162 541 1237 604 quae

0 663 11 674 ,
49 618 92 680 in
122 615 336 698 captivitatem
358 617 505 698 redigunt,
529 617 705 690 condiderit,
728 617 781 678 sed
804 617 883 696 quod
905 615 1039 682 diabolus
1055 623 1157 686 lraude
1172 623 1237 688 illas

14 718 195 782 rationali
225 717 379 782 bominum
407 727 511 780 natura
540 720 571 782 iu
599 717 853 799 praevaricatione
881 709 1042 782 eonstituta
1071 733 1100 785 et
1128 743 1144 786 a
1172 726 1235 789 lieo

3 821 108 884 ·ulsa
136 819 234 900 quasi
257 819 385 882 alienum
408 839 511 882 semen
534 819 693 888 induxerit.
716 820 757 882 ita
778 830 811 882 ut
832 819 969 882 diabolus
997 820 1093 902 legem
1122 827 1235 905 peceati

19 931 154 986 natura
181 921 315 984 bomiuie
338 921 525 986 constituerit
547 941 664 1003 unaque
687 929 827 996 mortem,
853 941 928 1002 quae
949 941 1004 1004 per
1025 941 1101 1004 opus
1123 929 1235 1006 peccati

23 1024 85 1086 illa
113 1023 312 1086 dominatum
336 1031 480 1088 erereeat.
524 1023 671 1099 Quocirca
692 1024 772 1088 venit
785 1024 878 1088 Filius
894 1024 958 1096 bet,
980 1031 1014 1086 ut
1036 1025 1132 1088 solvat
1146 1047 1236 1108 opera

0 1125 109 1188 2eti.
163 1125 228 1188 Sed
252 1125 384 1188 instatis:
413 1125 497 1200 „lam
519 1127 623 1200 solvit,
647 1145 719 1198 eum
736 1143 797 1188 nou
819 1127 1018 1206 peemrerit.“
1062 1129 1100 1188 ttt
1120 1146 1236 1210 nequa·

10 1247 70 1288 am
99 1223 156 1290 e'et
180 1225 255 1288 illud
277 1234 430 1308 peecatum
452 1228 579 1290 toliere.
624 1229 726 1308 Neque
748 1229 827 1290 enim
850 1228 887 1290 ab
908 1228 994 1290 initio
1023 1238 1175 1308 peecatum
1203 1232 1235 1296 iu

8 1354 17 1381 ·
55 1335 218 1408 operatus
241 1338 287 1390 est
308 1327 455 1403 diabotus,
478 1336 511 1392 ut
531 1329 669 1392 veniente
692 1328 789 1391 Verbo
811 1331 842 1391 in
864 1331 1007 1394 muudum
1030 1339 1060 1392 et
1080 1349 1141 1394 nou
1163 1352 1234 1414 pee-

1 1438 70 1492 mte
96 1430 278 1492 solveretur
298 1438 469 1510 peceatum,
499 1430 553 1492 sed
574 1430 605 1491 in
628 1429 765 1494 rationali
788 1437 818 1492 et
838 1431 1027 1495 intellectuali
1049 1439 1155 1496 natura
1175 1434 1234 1496 bo-

4 1531 78 1592 inis
104 1549 169 1610 per
191 1531 345 1594 inductum
368 1549 471 1594 semen
493 1531 630 1594 diabolus
652 1539 805 1612 peceatum
832 1543 878 1594 est
899 1543 1050 1612 operatus.
1095 1534 1234 1616 Quapro·
1315 1557 1320 1565 ·

9 1651 52 1692 er
78 1631 278 1713 impossibile
300 1632 357 1694 luit
376 1639 500 1696 naturae
521 1633 673 1708 rationali,
706 1651 782 1714 queo
804 1651 857 1696 sua
880 1643 988 1716 sponte
1009 1645 1181 1715 peceaverat
1201 1655 1237 1700 ae

10 1733 101 1796 ortis
127 1733 316 1796 damnationi
345 1733 476 1796 subiecta
498 1741 578 1807 erat,
608 1753 677 1796 rese
705 1734 735 1797 iu
763 1733 929 1798 libertatem
958 1754 1113 1810 remeare,
1142 1745 1175 1800 ut
1195 1737 1238 1802 ait

2 1834 179 1915 postolue:
205 1834 283 1898 Nom
304 1837 384 1918 geori
404 1835 590 1916 impossibile
612 1846 679 1900 erut
703 1835 773 1918 legi,
803 1841 836 1899 iu
862 1856 920 1917 quo
943 1837 1160 1917 infirmabatur
1178 1857 1236 1920 per

1 1954 132 1998 ruem.
181 1937 372 2018 Quapropter
392 1937 473 2000 veuit
494 1937 560 2016 ipse
582 1936 635 2000 llei
657 1935 760 2012 Filius,
783 1945 817 1998 ut
838 1955 902 1999 eam
924 1937 955 2000 in
978 1944 1083 2000 natura
1106 1956 1236 2022 suaper

5 2055 103 2099 ovam
128 2037 277 2116 originem
301 2046 331 2100 et
352 2037 515 2102 mirabilem
539 2039 761 2119 generationem
783 2046 974 2102 restauraret.
1011 2039 1078 2102 Non
1093 2057 1152 2119 quo
1169 2059 1319 2107 eemnru.

5 2157 69 2201 uae
94 2137 132 2199 ab
155 2137 243 2201 initio
266 2141 339 2202 taeta
361 2147 425 2202 eret
446 2127 691 2204 constitutionem
714 2139 878 2214 divideret,
901 2139 955 2202 aed
977 2157 1036 2219 quo
1059 2159 1233 2220 super-se-

21 2240 139 2302 inatam
163 2239 387 2318 abrogationem
410 2240 577 2321 abrogaret,
599 2249 632 2304 ut
652 2249 777 2304 testatur
797 2241 947 2322 Propheta
971 2240 1089 2304 diceus:
1122 2241 1235 2307 Priar-

5 2360 87 2404 uum
111 2351 273 2421 eognoscat
298 2343 454 2422 parvulus
482 2342 592 2406 bonum
614 2341 664 2405 vei
683 2340 812 2416 molam,
844 2343 993 2422 reprobet
1022 2341 1169 2406 malitiam
1196 2343 1236 2406 etl

1 2442 171 2522 :legentium
193 2442 315 2504 bouum.
360 2442 447 2515 Quod
470 2443 496 2504 si
519 2442 550 2504 in
572 2450 687 2514 natura,
709 2461 785 2523 quae
799 2449 982 2522 peceaverat,
1004 2441 1234 2522 importabiliter

0 2561 62 2605 tou
85 2541 289 2622 appemtisset,
319 2561 373 2604 cur
394 2550 547 2623 peecatum
568 2543 599 2606 iu
622 2561 710 2606 eame
732 2543 902 2606 damnatum
924 2554 1020 2632 eeeet,
1050 2562 1116 2606 eum
1139 2563 1235 2624 neque

1 2663 72 2709 aro
94 2643 206 2724 peceati
228 2651 324 2706 actum
340 2643 457 2717 babeat,
479 2662 576 2724 neque
590 2644 621 2706 iu
637 2643 821 2706 divinitatem
836 2652 988 2723 peecatum
1004 2642 1111 2707 eadat?
1134 2644 1234 2719 Quare
1348 2645 1354 2658 '

1 2744 165 2826 tpostolue
187 2744 274 2806 dieit:
300 2745 357 2810 Uli
368 2746 533 2810 abundauit
551 2755 718 2828 peecatum,
740 2746 785 2808 tbi
804 2745 1066 2826 superabundavit
1080 2754 1110 2808 et
1122 2750 1233 2827 gratio,

2 2865 67 2912 uon
88 2845 185 2908 locum
206 2845 356 2922 iudicans,
379 2847 433 2910 sed
454 2853 591 2910 naturam
613 2843 808 2926 significans?
856 2845 894 2910 Ut
915 2849 1010 2918 timet,
1044 2845 1154 2926 iuquit,
1173 2863 1235 2926 per

2 2967 102 3014 unum
124 2948 268 3010 iomrbem
288 2959 444 3031 peecatum
463 2953 498 3012 iu
519 2949 599 3012 lunt:
619 2950 766 3012 mutium
786 2950 926 3024 introvit,
952 2956 981 3010 et
999 2965 1058 3030 per
1075 2956 1235 3028 peecatum

4 3067 102 3119 mora,
124 3053 166 3111 ito
184 3067 242 3132 per
262 3067 359 3112 uuum
380 3050 527 3114 bominem
548 3049 650 3114 lerum
673 3049 828 3113 Uiriatum
853 3052 957 3130 probb
978 3057 1085 3129 regnet
1102 3067 1162 3130 per
1182 3052 1233 3112 iu·

5 3153 122 3216 atilium
141 3155 174 3213 iu
193 3152 288 3213 vitum
309 3159 481 3227 aeternnm,
502 3158 537 3212 ut
557 3169 612 3232 per
633 3168 720 3231 quam
743 3157 877 3212 naturam
899 3157 1052 3231 peecatum
1074 3149 1233 3229 promsit,

5 3269 66 3334 per
87 3251 203 3314 eandem
224 3251 354 3314 iustitiae
375 3251 528 3334 specimen
550 3253 688 3326 daretur,
716 3262 746 3315 et
773 3253 817 3316 eie
843 3253 971 3316 bumana
994 3259 1136 3314 naturae
1158 3271 1231 3334 peo-

10 3359 78 3416 eato
98 3351 212 3414 liberata
233 3352 342 3416 diaboli
365 3372 455 3436 opera
477 3355 665 3420 solverentur
685 3355 807 3436 lieoque
830 3354 924 3436 gloria
945 3355 1075 3418 daretur.

102 3654 128 3714 l.
167 3651 201 3712 tt
220 3669 339 3714 rursum
362 3651 475 3716 dicitis:
505 3653 561 3727 „Si
583 3655 675 3716 homo
698 3660 743 3715 eet
765 3651 919 3726 Christus,
941 3669 1011 3732 pars
1035 3651 1092 3714 erit
1112 3651 1231 3730 munli3

22 3769 113 3836 „pars
132 3759 221 3816 autem
243 3753 346 3816 muudi
367 3753 512 3818 muudum
534 3754 657 3818 salvum·
669 3757 768 3818 taoere
788 3753 921 3832 nequiu‘
960 3751 1131 3816 Otallaoiae
1146 3771 1230 3816 oom-

57 3940 79 3989 d‚
99 3939 135 3990 Sie
155 3939 244 4002 Segoer.
270 3938 367 3991 Gobler.
396 3948 420 3990 et
436 3941 543 3992 tetetm.
568 3941 589 3990 t.
641 3931 907 4008 ὑπερεπερίσσευσεν.
961 3939 1024 3990 litliti
1055 3953 1111 3990 vero
1141 3946 1165 3989 et
1189 3937 1230 3989 alii

24 4008 83 4062 Editi
93 4015 159 4057 autem
170 3999 211 4056 διὰ
223 4001 330 4074 σαρκὸς,
346 4001 392 4057 διὰ
400 4007 482 4057 τοῦτο
500 3993 588 4069 ἦλθεν.
640 4000 876 4074 incaeptam.
926 4007 988 4086 lior,
1008 4005 1231 4088 sfiiflil·,ss⁰l³¹²s·

26 4077 92 4158 lutra
103 4076 186 4127 tlobler.
208 4083 231 4126 et
249 4077 353 4128 tetetn.
366 4075 387 4126 l.
407 4083 431 4128 et
448 4076 472 4128 b.
490 4075 590 4144 νεαρᾶς
640 4075 732 4160 buglio
751 4085 775 4127 et
792 4076 897 4128 lelelm.
917 4075 940 4126 l.
958 4087 1095 4125 aaronem
1111 4087 1231 4142 onoype·

28 4162 44 4195 α
79 4157 112 4202 ης.
641 4156 714 4210 porr.

46 4157 126 4294 ρῖι·
141 4243 387 4324 serenatur·
406 4252 430 4296 ι
447 4245 545 4298 utu
565 4247 587 4296 ¹·
640 4212 806 4332 ebullit·
825 4210 1226 4330 tumultuatur·

29 4313 88 4364 mm
102 4328 148 4363 '²¹⁰
163 4308 245 4369 ’ἀπ’
265 4329 280 4373 '¹
298 4307 388 4361 ’‘⁰⁰¹6''
640 4347 715 4397 Paulo
734 4295 791 4412 posl
806 4314 907 4412 ¹Seguer.
931 4339 1156 4414 ἕλευθερσσμένης
1178 4315 1229 4408 vlt:

65 4415 79 4461 t.
96 4413 228 4478 SieSegoer.
262 4413 324 4464 Editi
343 4421 367 4466 et
383 4406 585 4482 etttipepriac.
639 4405 799 4482 trapetum.
837 4415 934 4466 Gobler.
954 4423 978 4465 et
995 4415 1098 4466 l'elcltm.
1119 4415 1141 4469 l.
1158 4408 1229 4467 litu·

34 4480 100 4534 Paule
114 4489 161 4546 port
174 4485 264 4546 segem.
284 4483 392 4546 ῦοῑιΙσε.Ι
406 4493 431 4534 ει
447 4483 553 4538 lelelm.
565 4484 586 4535 l.
638 4479 808 4551 θερωθείσης
824 4481 873 4544 τῆς
890 4473 1073 4551 ivtpoubqe.

67 4567 170 4612 tumultu
179 4579 223 4614 err.
232 4581 303 4615 noer.
316 4581 365 4614 ιιι.
990 4567 1022 4620 58
