3072 5056
339 361 484 407 merom
499 361 537 405 uu
552 361 696 406 necandus
711 361 987 405 munumentum.
1236 346 1276 408 77

71 513 115 586 nit,
135 513 242 591 summit
262 523 294 576 et
314 513 443 576 Patrem.
487 511 619 592 Namque
640 511 737 592 primo
760 511 876 574 etiamsi
889 511 982 574 [ioum
998 511 1038 572 ita
1056 511 1276 591 appellaverint,
1284 527 1362 572 ruso
1484 554 1487 563 ·

71 632 120 674 oon
148 615 213 676 inde
239 623 337 676 temen
370 613 525 676 conficitur
546 612 674 676 Verbum
704 632 740 675 ex
766 613 850 674 lactis
878 611 968 674 rebus
1002 631 1080 674 esse.
1129 612 1166 674 Ut
1198 611 1277 676 enim

70 715 125 793 ipse
142 715 214 776 letos
237 725 285 778 εει
306 715 490 778 substantiae
510 713 619 784 Patris,
642 715 687 778 sic
708 714 785 796 apud
807 713 888 776 illum
910 721 1055 792 perpetuo
1077 711 1186 776 existit
1216 713 1278 776 Nec

70 813 136 876 enim
154 815 209 878 boc
230 835 340 879 nomen
362 824 495 878 naturam
517 815 584 877 Filii
605 815 749 890 destruit,
771 833 866 894 neque
887 831 943 874 vox
966 813 1023 876 ista
1044 813 1203 877 nou-lacti
1224 833 1276 878 re-

71 917 149 978 tertur
166 917 202 978 ad
223 917 347 992 Filium,
372 917 424 979 sed
449 917 485 978 ad
508 935 556 991 ea,
586 935 662 996 quae
683 935 738 998 per
758 915 864 978 Filium
887 915 961 976 lacta
985 923 1063 976 sunt
1107 915 1148 977 dc
1169 933 1276 996 quem-

70 1017 206 1080 admodum
229 1019 279 1098 qui
302 1017 495 1080 architectum
516 1017 623 1079 domus
644 1018 692 1080 rel
713 1017 798 1080 urbis
824 1015 1041 1078 oedificatorem
1056 1015 1192 1096 appellat,
1214 1035 1275 1080 nou
1376 1015 1380 1022 '

70 1117 219 1180 huiusmodi
242 1118 385 1180 vocabulo
407 1119 500 1182 tilium
522 1137 556 1181 er
578 1120 645 1198 ipso
668 1117 797 1198 genitum
820 1117 1053 1197 comprehendit,
1076 1117 1130 1180 sed
1146 1117 1204 1178 boc
1219 1135 1276 1179 oo-

71 1218 148 1292 nioe,
173 1220 253 1300 quod
282 1215 400 1300 quidem
429 1219 471 1281 illi
498 1218 536 1282 ob
566 1238 649 1282 suam
678 1219 709 1280 in
736 1218 878 1281 aedificiis
901 1217 1110 1280 construendis
1132 1225 1225 1280 ortem
1247 1224 1278 1280 ot
1355 1247 1365 1268 ·

70 1319 202 1382 scientiar'n
224 1321 374 1395 tribuitur,
396 1321 543 1400 significat
562 1339 630 1382 eum
653 1319 779 1382 similem
801 1337 861 1381 oon
884 1338 952 1382 esse
973 1319 1032 1394 bis,
1055 1337 1130 1398 quae
1152 1318 1188 1380 ab
1210 1319 1278 1398 ipso

70 1421 130 1481 lacta
156 1430 239 1495 stunt,
272 1441 338 1484 cum
368 1431 466 1484 actem
495 1421 647 1484 architecti
673 1430 807 1484 naturam
836 1420 913 1483 idern
941 1437 1002 1482 non
1030 1420 1163 1499 ignoret,
1196 1419 1280 1482 norit

71 1539 167 1600 quoquc
187 1541 268 1597 enm,
288 1523 338 1601 qui
361 1541 397 1584 er
418 1521 469 1586 illo
491 1523 607 1602 genitus
628 1531 684 1596 est,
707 1521 797 1585 elium
819 1523 942 1586 omuino
964 1541 1033 1585 esse
1055 1522 1091 1584 ab
1113 1521 1171 1583 illis
1193 1501 1277 1583 abui-

14 1687 16 1692 ,
70 1622 140 1696 uois,
159 1643 192 1686 ae
213 1623 339 1702 proinde
361 1631 484 1704 propter
505 1623 597 1686 lilium
619 1624 717 1705 ipsum
739 1631 852 1705 patrem
875 1633 968 1698 vocat,
992 1633 1022 1687 et
1042 1633 1166 1705 propter
1187 1642 1278 1703 opera

70 1733 215 1786 creatorem
238 1733 269 1786 et
290 1725 478 1798 effectorem
507 1725 614 1787 eodem
642 1715 729 1806 plane
750 1726 855 1798 modo,
885 1725 933 1805 qui
954 1726 1048 1787 Deum
1076 1725 1278 1787 non-lactum

70 1823 134 1898 dicit,
155 1845 190 1888 er
213 1825 289 1906 ipsis
312 1825 454 1906 operibus
477 1845 545 1888 eum
567 1825 607 1887 ita
623 1826 758 1888 nominat
772 1825 984 1907 significatque,
1007 1826 1089 1888 illurn
1105 1843 1166 1888 non
1180 1825 1277 1888 sotum

70 1929 343 2000 encomiasten,
369 1927 422 1988 sed
444 1927 545 2006 potius
567 1945 668 1988 rerum
689 1928 832 1990 semron
854 1935 1004 1990 auctorem
1027 1946 1106 1990 esse.
1149 1926 1278 1990 Verbum

70 2035 151 2090 auum
171 2027 251 2089 aliud
274 2047 290 2090 a
312 2028 396 2090 lacus
419 2028 510 2090 rebus
533 2047 601 2090 esse
623 2028 701 2091 idem
723 2029 814 2103 norit,
837 2029 993 2109 solumque
1010 2029 1165 2110 proprium
1180 2027 1276 2092 Petris

70 2127 144 2190 letum
164 2148 242 2204 csse,
268 2147 323 2209 per
344 2147 432 2208 quem
454 2127 543 2192 etiam
565 2130 665 2192 omnia
686 2132 762 2194 lacto
783 2139 854 2193 sunt
873 2150 908 2193 ac
929 2130 1106 2194 consistunt

141 2535 190 2598 30.
232 2533 295 2596 Nec
316 2535 394 2596 eninr
417 2533 476 2613 ipsi
498 2551 615 2615 quoque
637 2533 816 2613 prophetae,
845 2533 895 2613 qui
921 2533 1015 2594 ileum
1043 2533 1280 2612 omnipotentem

72 2632 247 2710 appetebant,
270 2653 338 2698 eum
360 2636 418 2698 boc
439 2635 620 2698 exornabant
640 2633 772 2708 nomine,
795 2642 828 2696 ut
847 2633 1020 2708 indicarent,
1044 2633 1171 2696 Verbum
1187 2651 1280 2696 unum

72 2747 129 2793 esse
148 2753 180 2796 ex
202 2735 362 2811 omnihus,
394 2737 505 2815 quippe
531 2753 597 2798 curn
623 2735 682 2798 iliis
710 2743 899 2815 perspectum
927 2743 1025 2808 esset,
1055 2735 1160 2798 Vitium
1189 2734 1365 2800 aliumnrae.

73 2850 128 2894 esce
147 2853 162 2895 a
182 2837 265 2899 lactis
288 2837 394 2911 rebus,
424 2855 551 2916 eumque
580 2836 618 2899 cb
648 2853 732 2898 suam
761 2853 827 2897 cuno
849 2834 935 2897 Patre
964 2834 1186 2898 similitudinem
1210 2853 1277 2896 cm-

73 2933 141 2996 niom
161 2955 276 3018 quoqne
298 2956 367 3000 esse
389 2937 557 3010 dominum
580 2939 635 3002 sed
657 2937 724 3017 quia
747 2936 889 3010 omninno,
913 2954 988 3016 quae
1008 2953 1064 3018 per
1077 2935 1185 2998 Filium
1201 2937 1280 3011 lecit,

75 3033 126 3111 ipse
146 3037 279 3101 dominus
303 3046 351 3101 est
372 3057 533 3119 eorumque
554 3047 733 3118 potestatem
748 3037 824 3100 Filio
847 3036 936 3110 dedit,
959 3056 1016 3116 qua
1039 3037 1105 3100 data
1126 3039 1192 3118 ipse
1210 3055 1280 3102 rnr-

75 3151 117 3196 sus
137 3140 269 3202 omnibus
292 3159 348 3219 per
369 3139 496 3202 Verbum
524 3140 703 3202 dominatur.
747 3138 888 3201 Similiter
914 3138 1008 3200 Deum
1036 3139 1190 3202 dominum
1218 3139 1280 3201 vir-

76 3241 156 3299 tutum
174 3241 289 3314 dixere,
323 3258 385 3302 non
413 3242 480 3319 quia
502 3241 632 3304 Verbum
659 3260 716 3304 una
746 3241 833 3304 etiarn
862 3249 943 3303 esset
970 3260 1006 3302 ex
1034 3241 1092 3303 illis
1114 3240 1281 3316 virtutibus,

77 3337 120 3396 sed
138 3341 200 3417 quia
221 3350 252 3404 et
271 3340 338 3403 Filii
359 3349 445 3420 pater
466 3351 496 3402 et
515 3343 656 3404 virtutium
684 3361 739 3423 per
759 3341 864 3404 Filium
894 3343 1034 3404 laetarum
1061 3342 1201 3404 dominos
1224 3351 1281 3404 est.

77 3435 136 3499 liam
155 3449 183 3502 et
201 3443 300 3522 ipsunt
322 3443 410 3504 etiarn
432 3442 571 3517 Verbum,
594 3444 673 3522 quod
696 3451 744 3505 est
764 3444 795 3504 in
815 3441 914 3518 Patre,
940 3441 1046 3506 borum
1069 3445 1201 3506 omnium
1224 3444 1281 3505 do·

76 3537 158 3603 uinus
182 3551 227 3604 est
248 3542 408 3621 omniaque
428 3543 518 3606 babet
538 3545 568 3606 in
590 3553 754 3623 potestate,
776 3543 1012 3624 quandoquidem
1035 3545 1100 3606 Filii
1123 3553 1192 3606 sunt
1213 3563 1280 3606 cm-

78 3639 453 3722 oia,qose1³ateruabet
497 3645 542 3706 Ut
563 3645 653 3724 igitur
679 3645 728 3708 hic
754 3654 801 3707 est
827 3645 941 3708 illarum
975 3647 1136 3708 dictionum
1160 3663 1280 3719 sensus,

80 3737 117 3797 sic
133 3745 173 3820 qui
192 3745 289 3808 licum
308 3747 497 3808 non-lactum
521 3747 602 3826 cupit
623 3747 736 3820 dicere,
760 3746 838 3810 dicat
858 3765 940 3821 sane,
963 3748 990 3809 si
1012 3766 1138 3827 prorsus
1160 3745 1200 3808 ita
1222 3745 1280 3824 ipsi

79 3839 189 3920 videtum
209 3865 310 3909 verum
333 3867 394 3910 non
417 3866 454 3908 eo
469 3855 567 3910 utatur
581 3848 712 3921 nomine,
734 3857 768 3909 ut
789 3848 935 3927 significet
949 3849 1076 3911 Verbum
1093 3845 1182 3909 rebus
1196 3844 1281 3906 lactis

80 3949 309 4011 annumerandum
331 3968 414 4022 osse,
449 3949 502 4010 sed
524 3948 591 4028 quia
611 3947 710 4023 Dens,
739 3957 772 4010 ut
794 3967 883 4030 supra
906 3951 981 4016 diri.
1011 3969 1071 4010 non
1100 3947 1198 4008 solum
1221 3963 1282 4006 non

81 4045 232 4124 collectus,
261 4050 315 4112 sed
344 4057 374 4111 et
394 4065 494 4112 rerum
516 4050 658 4111 factarum
679 4069 734 4129 per
754 4051 907 4131 proprium
930 4050 1058 4111 Verbum
1080 4049 1203 4109 effector
1226 4054 1281 4110 est.

80 4137 189 4226 Namque
209 4151 295 4213 ctiam
325 4170 392 4214 cum
419 4151 485 4213 talis
509 4151 615 4214 dicitnr
634 4151 738 4226 Pater,
767 4151 961 4214 nihilominus
983 4149 1110 4210 Verbum
1134 4156 1165 4210 et
1184 4147 1281 4227 imago

82 4237 159 4308 Patris
179 4258 208 4312 et
226 4251 322 4314 eidem
345 4251 598 4316 consubstantiale
620 4262 681 4328 est,
709 4273 744 4316 ac
770 4251 895 4333 proinde
924 4267 990 4312 cum
1019 4248 1083 4311 eius
1113 4248 1154 4312 sit
1173 4249 1281 4328 imago,

88 4496 179 4618 &esic
194 4505 248 4569 lter.
283 4505 312 4557 lt
335 4506 375 4558 elil
400 4515 424 4558 et
448 4507 504 4596 editi
527 4501 573 4556 zat
589 4501 644 4574 γὰρ
731 4523 752 4558 e.
771 4507 828 4568 lter.
847 4498 879 4554 ri
898 4501 1025 4554 τοιοῦτον
1040 4497 1096 4572 ἔχει
1113 4503 1187 4554 νοῦν.
