3128 5052
509 320 656 364 sarsroce
671 321 692 363 r.
715 322 751 364 en
774 319 970 366 suessionen.
1278 311 1339 375 729

87 473 157 536 nei
184 473 236 536 sit
283 471 369 546 Quod
396 471 468 533 item
496 471 659 534 centesimo
688 457 777 534 teitio
800 471 918 534 Psalmo
942 472 1081 550 hahetur,
1111 476 1218 540 clarius
1247 477 1430 542 adauctam.

92 583 316 656 argumentum
339 573 376 636 ad
397 573 508 634 hancce
529 573 676 636 haeresim
699 573 887 638 evertendam
909 575 1206 656 nohisasuppeditan
1229 588 1262 641 ut
1283 581 1345 642 iam·
1384 593 1386 600 ’
1448 599 1453 606 ·

92 678 298 740 monuimus:
321 665 451 754 dusares
474 679 618 754 spiritum
640 694 746 738 eorum
767 688 797 740 et
818 677 964 757 deficient,
988 688 1017 740 et
1035 680 1068 740 ia
1079 680 1239 759 puluerem
1253 682 1343 746 suum

97 790 319 843 reuertentur.
364 775 488 840 Emittes
511 763 666 856 Sptrueai
684 788 769 839 tuum
792 787 821 839 et
843 778 1040 850 creabuntur,
1064 789 1093 841 et
1114 785 1275 846 renovabis
1289 785 1343 864 fa-

102 886 182 942 ciem
207 890 318 942 terrae.
364 877 401 938 Et
421 876 532 939 Paulus
554 877 629 940 haec
643 877 711 939 'lito
735 876 854 940 scribit:
877 877 937 940 Per
955 878 1113 942 lavacrum
1136 890 1342 963 regeneratio-

102 987 158 1044 nis
182 993 213 1045 et
235 983 444 1060 renovationis
467 977 602 1060 Spiritus
626 983 739 1050 saneti,
774 998 859 1060 quem
887 980 993 1061 effudit
1013 985 1047 1043 in
1068 1001 1125 1044 nos
1147 985 1264 1048 abunde
1282 1005 1343 1068 per

107 1082 215 1146 Iesum
239 1082 403 1144 Christum.
447 1080 479 1143 Si
501 1080 591 1160 igitur
611 1079 701 1142 Pater
723 1079 823 1142 omnia
849 1080 1055 1160 perverbum
1077 1082 1107 1144 in
1130 1084 1241 1166 Spiritu
1264 1095 1344 1152 creat

105 1194 140 1246 ct
162 1191 303 1258 retineat,
337 1201 412 1262 quae
441 1182 604 1246 similitudo
626 1190 678 1245 aut
699 1181 836 1262 cognatio
859 1183 986 1245 meantis
1009 1203 1075 1246 cum
1097 1185 1190 1248 rebus
1212 1187 1342 1252 aeuus?

106 1286 163 1346 Vel
186 1289 236 1364 qul
259 1283 381 1346 omnino
403 1283 467 1346 lieri
489 1293 577 1364 queat
599 1291 631 1346 ut
651 1284 700 1346 ille
722 1303 772 1346 res
796 1285 837 1357 sit
858 1293 972 1360 creata,
1004 1285 1034 1348 in
1063 1306 1122 1366 qum
1152 1289 1251 1351 omnia
1274 1308 1342 1352 cre·

4 1450 6 1454 .
107 1385 221 1450 antur?
265 1386 343 1448 Sanc
371 1405 437 1448 cum
465 1385 556 1466 impia
584 1387 640 1449 hac
669 1385 817 1448 sententia
843 1385 895 1468 illa*
914 1386 968 1448 alia
992 1387 1147 1462 cohaeret,
1181 1409 1254 1469 quas
1276 1390 1343 1454 Filii

109 1489 293 1550 divinitatem
315 1488 478 1568 impugnat,
500 1487 540 1550 ita
564 1496 596 1550 ut
617 1486 666 1567 qiu
690 1487 835 1567 Spiritum
856 1507 920 1550 rem
944 1496 1072 1552 meatem
1095 1509 1162 1552 esse
1178 1493 1342 1554 contende-

110 1591 181 1664 rint,
204 1589 326 1652 eosdem
349 1588 434 1650 lateri
457 1606 582 1650 necesse
604 1588 644 1650 sit
659 1587 798 1662 Verbum,
821 1608 876 1670 per
891 1589 970 1670 quod
987 1591 1086 1653 omnia
1108 1602 1256 1667 creantur,
1278 1611 1344 1658 rem

4 1735 8 1741 ·
110 1709 231 1772 quoque
254 1699 382 1754 creatam
405 1709 483 1754 esse.
527 1690 638 1752 Addam
662 1690 804 1771 Spiritum
827 1691 985 1770 imaginem
1000 1692 1066 1754 Filii
1089 1703 1118 1756 et
1140 1694 1197 1756 dici
1220 1703 1249 1756 et
1264 1707 1341 1760 esse:

112 1794 186 1856 Nem
211 1794 296 1867 Quae
315 1797 491 1875 praescivit,
514 1803 543 1856 et
561 1793 812 1873 praedestinavit
826 1795 1094 1877 conformesfieri
1112 1800 1250 1878 a'aeage'nis
1273 1797 1346 1864 Filii

113 1900 172 1958 sui.
215 1895 317 1974 ltaque
345 1913 413 1956 curn
441 1893 499 1974 ipsi
527 1895 674 1956 fateantur
695 1893 801 1956 Filium
832 1913 895 1956 rem
923 1905 1052 1958 creatam
1080 1915 1142 1958 non
1170 1917 1254 1974 esse,
1288 1919 1344 1964 nec

114 1997 201 2060 etiam
224 1997 287 2058 eius
309 1996 406 2075 imago
429 2013 479 2058 res
503 2004 599 2058 creata
621 1995 770 2058 censenda
792 2005 846 2058 est.
892 1997 995 2070 Qualis
1024 1997 1104 2060 enim
1124 1999 1213 2062 inerit
1234 2000 1342 2080 imago,

114 2097 200 2160 talem
222 2115 347 2160 necesse
369 2105 506 2159 osteum
529 2115 608 2171 esse,
631 2097 716 2160 cuius
739 2098 836 2178 imago
853 2098 950 2160 inerit.
995 2099 1080 2162 Unde
1095 2102 1343 2178 quemadmodum

115 2202 177 2261 iure
198 2198 309 2260 merito
329 2217 363 2260 ae
384 2198 595 2262 convenienter
617 2197 752 2266 Verbum,
766 2217 817 2261 res
841 2209 938 2262 creata
960 2218 1029 2262 csse
1052 2209 1185 2280 negatur,
1208 2204 1276 2284 quia
1298 2213 1345 2268 est

6 2385 7 2388 Ἴ
115 2300 209 2380 imago
231 2300 338 2376 Patris,
361 2302 399 2362 ita
423 2303 474 2381 qni
496 2301 640 2380 Spiritum
662 2302 740 2364 inter
760 2311 948 2366 rescreatas
971 2302 1116 2366 collocare
1139 2323 1200 2366 non
1222 2306 1342 2390 dubita-
1452 2373 1457 2384 ⁸

116 2403 204 2475 verit,
232 2421 294 2464 non
315 2390 416 2482 potest
437 2403 508 2483 quia
530 2403 637 2464 Filium
660 2421 727 2466 cum
749 2403 853 2466 iisdem
875 2414 1066 2476 annumerare
1096 2423 1130 2466 ec
1157 2407 1283 2484 proinde
1305 2407 1343 2470 ad

6 2566 10 2577 ‚
116 2504 211 2582 ipsum
232 2503 348 2566 Patrem
371 2506 500 2567 retertur
522 2503 664 2584 quidquid
687 2504 777 2583 impie
806 2504 842 2566 de
870 2505 960 2567 huius
993 2505 1120 2588 imagine
1143 2509 1272 2570 senserit
1294 2507 1342 2570 di·
1414 2497 1418 2512 ’

89 2605 234 2686 ιιειιιιιι.

199 2708 250 2772 25.
294 2707 397 2786 ltaque
417 2706 607 2770 manifestum
631 2714 683 2768 est
700 2705 841 2785 Spiritum
865 2705 954 2766 alium
977 2707 1099 2767 omnino
1123 2723 1191 2768 esso
1213 2726 1229 2770 a
1250 2707 1342 2770 rebus

3 2801 4 2888 j
118 2808 236 2880 creatis,
269 2795 395 2888 eumque
424 2807 607 2870 ostendimus
634 2807 789 2887 proprium
817 2805 884 2868 Filii
912 2825 996 2880 esse,
1025 2827 1085 2869 non
1115 2817 1212 2870 autem
1242 2809 1342 2872 aDeo

4 2981 8 2988 ⁴
118 2909 253 2972 mianum.
306 2910 439 2989 Namque
469 2909 549 2988 quod
577 2909 614 2970 ad
639 2908 750 2972 hancce
783 2917 897 2970 acuum
928 2909 1046 2970 illorum
1079 2909 1344 2990 interrogationem

2 3086 3 3091 γ
120 3019 244 3090 spumat:
267 3011 299 3072 Si
322 3012 450 3092 Spiritus
473 3031 507 3074 cs
526 3011 588 3074 lleo
611 3020 666 3086 est,
690 3029 781 3092 quare
803 3029 864 3072 non
886 3011 951 3090 ipse
973 3011 1190 3090 quoque'filius
1213 3011 1344 3078 dicitur?

118 3112 192 3174 haara
217 3112 336 3193 inquam
366 3112 618 3192 quaestiunculam
641 3112 780 3177 audacem
804 3123 834 3174 et
857 3112 1043 3174 temerariam
1071 3131 1140 3176 esse
1168 3133 1258 3194 supra
1285 3115 1344 3181 iam

2 3290 5 3299 Ι
121 3223 350 3288 ostentamen,
374 3214 427 3278 sed
452 3214 529 3276 idem
550 3214 744 3278 nihilominus
767 3231 872 3277 rursus
897 3214 1056 3276 ostendere
1071 3233 1132 3278 non
1146 3217 1344 3296 merebimur.

2 3309 6 3406 J
120 3315 247 3378 Tametsi
275 3315 354 3378 enim
383 3315 514 3395 Spiritus
540 3315 570 3378 in
593 3316 755 3397 Scripturis
783 3317 862 3379 lilius
891 3335 952 3378 non
980 3316 1104 3392 dicitnr,
1137 3318 1190 3380 sed
1220 3321 1344 3400 spiritus
1421 3306 1428 3316 ’

3 3421 4 3425 ’
119 3418 185 3492 Dei,
213 3426 310 3480 tamen
340 3417 371 3479 in
393 3417 459 3496 ipso
481 3417 544 3480 lieo
567 3427 597 3480 et
618 3437 654 3480 ex
676 3419 743 3498 ipso
766 3419 829 3482 Deo
852 3437 920 3482 esse
941 3418 1038 3480 dietus
1061 3428 1123 3494 est,
1155 3420 1198 3480 uti
1222 3419 1344 3500 scripsit

120 3519 287 3598 Apostolus.
332 3519 427 3582 Porro
450 3518 476 3580 si
499 3517 602 3595 Filius,
625 3520 693 3600 quia
716 3529 761 3583 est
783 3540 819 3582 ex
840 3521 938 3594 Patre,
961 3520 1100 3600 proprius
1127 3519 1237 3582 idcirco
1260 3519 1342 3582 eius-

122 3620 187 3680 dem
215 3618 397 3682 substantiae
420 3629 477 3694 est,
499 3635 626 3684 necesse
649 3630 695 3683 est
717 3621 853 3684 similiter
875 3621 1035 3701 Spiritum,
1063 3620 1113 3702 qui
1136 3639 1173 3682 ex
1192 3620 1255 3682 Deo
1278 3639 1344 3682 esse

121 3719 240 3794 dicitur,
273 3719 425 3800 proprium
454 3740 572 3802 quoque
600 3721 666 3782 Filii
695 3740 765 3783 csse
799 3723 962 3783 secundum
996 3721 1204 3784 substantiam.
1259 3719 1345 3782 Certe
1408 3719 1413 3730 “

120 3820 364 3903 quemadmodum
386 3821 531 3886 Dominus
554 3832 602 3885 est
623 3822 718 3896 lilius?
733 3823 772 3886 ita
794 3824 859 3903 ipss
878 3823 1006 3904 Spiritus
1029 3823 1151 3902 spiritus
1173 3821 1344 3902 adoptionis

153 4000 438 4075 lineamentum
461 4009 550 4062 habeat
573 4009 662 4073 Regius
681 4007 704 4059 2.
792 4009 807 4058 i.
826 4007 866 4058 Sic
884 4011 939 4070 lleg.
961 4009 983 4058 l.
1010 4017 1034 4059 et
1052 4011 1152 4072 Seguer.
1188 3996 1214 4058 l'n
1242 4007 1297 4059 eliis
1321 4014 1345 4058 et

120 4075 220 4128 Felclm.
241 4077 263 4127 l.
282 4086 307 4128 et
324 4079 361 4128 ed.
382 4079 499 4129 Commel.
757 4077 828 4126 edilis
848 4075 894 4125 τοῦ
913 4078 989 4127 deest.

153 4159 173 4206 g.
192 4145 245 4206 lleg.
266 4145 287 4194 l.
306 4147 446 4208 Segaerian.
466 4153 490 4196 et
507 4145 577 4196 Basil.
597 4137 704 4195 vedrae.
791 4145 813 4193 l.
832 4145 871 4193 Sic
890 4146 945 4206 lleg.
970 4145 989 4193 1.
1009 4143 1107 4204 Segusa.
1128 4143 1225 4196 Gobler.
1238 4143 1346 4196 nereum.

121 4211 163 4261 lllii
185 4227 239 4262 vero
259 4221 281 4263 et
300 4215 357 4264 editi
376 4205 469 4262 adeat.
506 4213 555 4264 llos
576 4215 663 4276 Regius
682 4214 705 4263 l.
759 4211 781 4263 l.
800 4212 914 4260 etllesil.
949 4215 977 4261 tt
994 4212 1085 4274 elogiis.
1105 4203 1132 4260 ἔκ
1147 4210 1196 4260 τοῦ
1213 4209 1280 4262 θεοῦ
1298 4205 1345 4260 καὶ

4 4305 7 4314 ν
120 4282 214 4340 Soguer.
239 4281 365 4330 Basilicus.
391 4282 488 4332 Galles.
514 4283 660 4332 etl'olclrn.
680 4282 703 4330 1.
755 4271 960 4344 πατρόςέστιν.
997 4279 1076 4328 ΟιῑοΙι.
1097 4271 1111 4328 ὃ
1130 4272 1342 4340 diuidcinetdir

122 4339 180 4394 ἄλλο
207 4337 261 4412 ἄρα
285 4346 343 4395 reio
369 4339 536 4414 κτισμάτων.
578 4351 657 4402 Ceteri
681 4357 705 4400 et
756 4340 785 4396 te
803 4345 851 4395 τοῦ
869 4345 935 4396 θεοῦ
953 4339 1035 4395 ἔστιν.
1075 4347 1152 4400 Cereri
1169 4356 1192 4399 et
1202 4349 1238 4400 ed.
1250 4349 1343 4400 comm.

123 4416 175 4464 editi
192 4405 245 4480 ἄρα
263 4400 313 4464 οὖν
330 4410 362 4465 οὐ
380 4415 437 4464 τῶν
453 4409 619 4483 κτισμάτων.
756 4407 784 4464 ἐκ
802 4413 852 4464 τοῦ
869 4414 936 4470 deaei
954 4407 1037 4464 iuter.
1358 4477 1364 4488 „

144 4481 231 4558 1ὴ.,8ι“ι
249 4485 306 4546 lieg.
320 4485 341 4536 l.
366 4493 390 4536 et
407 4485 507 4548 Seguer.
543 4486 588 4536 Alii
607 4493 630 4536 et
648 4485 704 4536 editi
791 4484 806 4533 l.
826 4486 866 4534 Sic
885 4485 941 4548 lteg.
954 4485 975 4534 i.
994 4487 1092 4546 Seguer.
1112 4483 1182 4534 cont.
1200 4491 1224 4534 et
1239 4483 1344 4536 Fslclm.

4 4566 9 4588 =
123 4561 205 4602 ausas.
759 4552 781 4601 l.
817 4553 896 4604 cereri
915 4543 1063 4604 et‘edulri
1081 4553 1203 4604 alticinae.
