3110 5064
383 365 528 408 xrrsroua
542 365 580 408 ne
594 349 739 408 ereneus
754 363 897 408 urcreure
914 364 1032 408 sruom.
1280 351 1321 414 45

107 513 206 578 ambitu
236 515 399 579 diminutus
433 524 492 592 est,
527 515 581 577 sed
613 516 714 596 potius
744 535 852 596 corpus
881 516 1011 578 divinum
1039 519 1069 577 et
1090 516 1255 579 immortale
1278 525 1406 580 astraea.
1507 511 1515 528 ’

106 615 251 680 redditum.
645 641 646 648 ¹

183 825 229 884 15.
275 819 311 881 Et
339 820 413 882 baee
440 819 560 898 quidem
588 817 661 880 satis
691 835 760 880 esse
775 789 924 881 'videntur
950 819 987 880 ad
1002 820 1144 881 drianam
1174 819 1321 882 baeresim

105 921 354 1000 proscribendam3
377 919 523 1000 siquidem
545 919 664 983 illorum
687 921 868 999 impietatem
890 919 1078 999 exipsorum
1103 921 1209 993 verbis,
1233 929 1321 1000 prout

106 1022 182 1084 uobis
207 1022 407 1104 suppeditavit
430 1021 590 1093 Dominus,
621 1021 778 1082 manifeste
807 1021 1001 1084 ostendimus.
1045 1023 1152 1084 Verum
1183 1043 1235 1102 age
1262 1023 1320 1084 iam

105 1143 154 1186 uos
178 1143 295 1205 quoque
321 1140 523 1204 proponamus
553 1141 588 1184 ae
614 1139 794 1201 responsum
829 1121 865 1184 ab
902 1123 960 1184 iliis
996 1123 1127 1185 vicissim
1160 1124 1320 1203 exigamus.

105 1227 168 1289 Cum
188 1226 266 1288 enim
290 1225 350 1306 ipsi
372 1223 556 1306 inpropriis
578 1224 721 1286 haeream
742 1223 941 1302 argumentis,
972 1243 1044 1286 sane
1066 1235 1184 1304 tempus
1207 1234 1267 1298 est,
1290 1233 1321 1288 ut

105 1329 225 1392 anobis
253 1329 494 1408 interrogentur;
523 1327 599 1388 sorte
628 1343 735 1406 nempe
764 1325 822 1387 boc
842 1334 929 1405 pacto
952 1327 1084 1390 sutorum
1108 1335 1167 1400 est,
1197 1335 1231 1388 ut
1251 1345 1320 1388 eru·

104 1431 213 1493 baseaot
233 1449 269 1492 ac
291 1427 481 1510 perspiciant,
504 1427 583 1488 uude
606 1426 686 1489 stulti
709 1426 770 1489 sint
791 1427 916 1507 delapsi.
959 1428 1066 1490 Filium
1087 1427 1151 1501 llei,
1175 1436 1208 1490 ut
1229 1447 1321 1508 supe-

105 1533 157 1594 rius
184 1531 331 1605 diximus,
362 1549 397 1591 ex
425 1528 533 1591 divinis
555 1529 716 1609 Scripturis
746 1527 902 1614 didicimus
931 1530 1029 1609 ipsum
1052 1549 1120 1593 esse
1143 1531 1269 1592 Verbum
1292 1537 1322 1592 et

103 1635 273 1714 Sapientiam
295 1631 411 1706 Patris;
443 1649 512 1692 nam
540 1631 614 1694 baec
646 1639 716 1694 sunt
744 1630 862 1710 quidem
884 1632 1019 1711 Apostoli
1043 1633 1146 1694 verba:
1182 1633 1322 1696 Christus

102 1733 154 1795 llei
170 1739 271 1797 uirtus
295 1745 323 1796 et
338 1733 397 1795 llei
416 1735 575 1812 supientia.
606 1733 731 1794 loannes
753 1751 825 1794 acro
847 1742 1004 1812 postquam
1028 1733 1168 1796 dixisset:
1191 1734 1230 1796 lte
1249 1733 1322 1795 Ver-

102 1839 162 1899 bum
184 1853 258 1900 coro
281 1836 398 1915 [ortem
420 1844 479 1904 eat,
512 1851 582 1894 mox
611 1832 757 1896 subdidit:
786 1833 827 1898 m
849 1837 976 1897 vidimata
997 1835 1127 1914 gloriam
1149 1840 1226 1906 mira,
1254 1835 1405 1915 plo-rear.

103 1943 170 2000 n'rm
193 1942 287 2020 quusi
312 1939 461 2016 eaiqeer'tr'
487 1953 505 1996 a
527 1934 634 2005 Patre,
661 1933 788 2014 plenem
814 1940 932 2014 qrotme
960 1947 990 1998 et
1010 1941 1160 2000 ueritatis.
1206 1936 1323 1998 Scilicet

103 2057 159 2099 cum
180 2038 310 2100 Verbum
344 2037 384 2098 sit
416 2035 587 2117 unigenitus
610 2035 718 2110 Filius,
751 2036 782 2096 in
810 2037 867 2098 boc
897 2037 992 2100 Verbo
1021 2047 1051 2099 et
1073 2039 1221 2118 Sapientia
1255 2037 1322 2102 lacti

103 2149 164 2202 suut
184 2140 260 2204 caeli
285 2148 313 2202 et
335 2149 413 2202 terra
435 2157 469 2200 ac
491 2137 606 2210 omnia,
630 2155 704 2217 quae
727 2138 758 2199 in
781 2138 823 2199 eis
847 2149 925 2200 suut.
969 2140 1064 2202 Huius
1085 2159 1177 2220 porro
1201 2139 1321 2220 sapien-

101 2242 150 2303 tiae
177 2244 292 2304 iontem
315 2259 383 2303 esse
404 2239 514 2315 Deum,
547 2257 604 2302 uos
634 2240 722 2300 docet
742 2239 874 2314 Baruch,
905 2242 954 2303 ubi
982 2242 1118 2304 videlicet
1138 2240 1323 2320 redarguitur

102 2343 182 2406 lsrael
203 2346 322 2425 senten
344 2346 512 2424 supientiae
535 2342 740 2424 dereliquisse.
788 2342 818 2402 Si
842 2342 931 2420 igitur
954 2363 997 2418 ea,
1021 2361 1096 2423 quae
1118 2344 1227 2424 scripta
1243 2349 1321 2414 sunt,

103 2463 199 2524 negare
219 2445 389 2518 voluerint3
411 2445 545 2524 proiecto
569 2443 710 2516 nominis,
733 2461 792 2524 quo
815 2425 1027 2524 insigniuntur,
1050 2445 1162 2524 indigni
1185 2453 1215 2506 et
1236 2443 1322 2506 alieni

103 2546 181 2622 fiunt,
208 2546 394 2628 proprieque
422 2545 458 2606 ab
473 2544 624 2610 ,omnibus
653 2545 777 2607 vocandi
806 2555 876 2608 sunt
904 2547 987 2627 impii
1017 2555 1047 2608 et
1068 2547 1176 2608 Christi
1205 2546 1321 2619 hostes,

104 2649 198 2728 quippe
229 2647 283 2727 qui
304 2648 344 2708 ita
366 2665 399 2708 se
422 2647 478 2726 ipsi
501 2647 727 2708 nominaverint.
773 2647 826 2708 Sin
850 2657 949 2710 autem
972 2649 1061 2710 verba
1083 2649 1253 2728 Scripturas
1276 2648 1321 2706 al-

102 2749 162 2812 llatu
182 2751 285 2812 divino
309 2750 417 2828 scripta
441 2767 509 2810 esse
531 2748 688 2810 uobiscum
711 2749 917 2824 consentiunt,
940 2749 1036 2828 palam
1059 2749 1197 2810 audacter
1218 2749 1321 2826 prole-

101 2859 168 2924 rant,
190 2851 272 2931 quod
294 2850 393 2912 abdite
415 2849 556 2924 sentiunt,
579 2867 688 2928 nempe
709 2847 803 2910 Deum
826 2849 982 2929 aliquando
1004 2849 1130 2910 rationis
1153 2857 1183 2910 et
1201 2847 1322 2927 sapien-

103 2951 151 3014 tiae
172 2955 267 3016 luisse
290 2939 457 3031 expertem,
481 2953 671 3031 furentesque
701 2951 813 3012 dicant:
846 2951 941 3024 „Fuit
974 2951 1129 3031 aliquando
1162 2969 1228 3012 cmn
1260 2965 1322 3010 nou

102 3064 211 3128 ..esset
235 3073 292 3115 nec
313 3053 369 3114 tuit
382 3051 519 3114 Christus
541 3053 715 3132 priusquam
731 3061 777 3114 est
791 3053 942 3134 genitus.“
976 3053 1151 3115 Praedicent
1165 3053 1236 3116 item
1251 3054 1340 3113 lon-‘

102 3163 153 3216 tem
172 3175 234 3218 non
257 3173 293 3216 ex
316 3156 418 3236 seipso
441 3155 615 3234 sapientiam
638 3155 786 3233 genuisse,
810 3155 863 3216 sed
886 3155 1070 3218 extrinsecus
1090 3175 1155 3218 eam
1170 3154 1320 3226 babuisse,

103 3265 128 3315 ut
155 3267 183 3318 et
210 3257 311 3319 dicere
338 3258 479 3318 audeant:
510 3255 574 3330 „Ex
601 3255 694 3318 nihilo
718 3257 812 3318 iaetus
835 3265 883 3318 est
902 3257 1027 3319 Filius.“
1072 3257 1137 3320 lloc
1159 3257 1237 3318 enim
1259 3275 1320 3316 non

101 3345 203 3419 ldntem
226 3375 295 3420 eum
318 3375 388 3418 esse
410 3357 605 3432 demonstrat,
629 3358 683 3420 sed
705 3359 852 3437 quendam
874 3359 973 3438 potius
996 3359 1110 3433 lacum,
1145 3377 1248 3438 aquam
1272 3377 1319 3418 ve-

101 3455 147 3518 luti
167 3459 351 3530 extrinsecus
374 3459 567 3539 excipientem
589 3458 740 3538 lentisque
762 3479 870 3522 nomen
892 3465 1093 3540 usurpantem.

178 3665 227 3727 to.
272 3663 380 3724 Verum
403 3681 490 3741 quam
511 3663 673 3724 execranda
695 3663 767 3724 haec
790 3663 829 3724 sit
850 3663 998 3742 impietas,
1021 3663 1169 3744 ambigere
1191 3661 1321 3722 arbitror

104 3761 256 3838 nemiuem,
285 3764 336 3842 qui
364 3763 411 3824 rel
439 3763 552 3826 tantillo
582 3783 672 3827 seusu
693 3765 798 3844 vigeat.
844 3766 920 3838 Quia
941 3771 1040 3828 tamen
1062 3765 1190 3827 Verbum
1212 3769 1241 3822 et
1264 3761 1319 3818 Sa-

101 3861 233 3938 pientiam
259 3883 342 3926 mera
370 3883 439 3926 esse
461 3864 526 3926 Filii
555 3866 677 3928 nomina
698 3866 847 3940 dictitant,
876 3867 950 3928 baec
972 3865 1007 3928 ad
1030 3865 1099 3928 illos
1122 3865 1219 3926 dicere
1242 3857 1319 3918 haud

101 3961 133 4021 ab
152 3981 184 4024 re
204 3965 306 4028 luerit:
330 3965 362 4026 Si
384 3965 440 4028 ista
462 3975 531 4029 suut
544 3967 611 4029 l'ilii
633 3968 773 4029 duntaxat
797 3967 928 4040 nomina,
951 3967 1026 4028 alius
1043 3975 1121 4025 certe
1137 3961 1185 4022 ille
1202 3966 1321 4038 practer

103 4065 247 4128 caluerit.
290 4067 378 4148 Atqui
402 4068 428 4132 si
451 4069 508 4129 illis
531 4069 703 4131 nominibus
727 4071 767 4132 sit
786 4069 998 4152 praestantior,
1022 4067 1066 4126 las
1089 4081 1150 4124 nou
1172 4069 1220 4121 est
1241 4079 1317 4133 euru,

101 4166 146 4242 qui
173 4169 372 4247 praestantior
399 4170 454 4243 sit,
485 4189 519 4232 ex
549 4171 741 4234 inferioribus
770 4169 939 4252 significari.
986 4163 1122 4252 Quodsi
1146 4163 1318 4225 nominibus

103 4266 219 4331 inferior
240 4271 362 4346 dicatur,
385 4273 520 4352 prolecto
542 4292 603 4336 nou
626 4273 692 4336 sine
714 4293 802 4338 causa
824 4267 1025 4354 praestantius
1046 4283 1156 4328 nemen
1179 4263 1316 4338 obtinuit,

101 4367 183 4448 idque
210 4373 325 4453 signum
353 4374 443 4436 luerit
470 4375 533 4437 eius
563 4375 794 4456 progressionis.
839 4369 926 4448 Atqui
952 4369 1027 4431 baec
1053 4369 1188 4449 impietas
1217 4367 1319 4445 priora

132 4537 152 4569 a.
171 4523 226 4586 lieg.
242 4527 421 4594 προείπαμεν.
733 4539 788 4593 poc
815 4525 941 4585 omittunt,
969 4537 1038 4588 quarn
1071 4533 1150 4574 tamen
1175 4521 1319 4572 interpretes

131 4589 155 4640 b.
174 4589 216 4642 Sic
230 4593 285 4658 lteg.
306 4595 349 4647 .dt
367 4597 424 4647 editi
443 4595 515 4648 etalii
525 4609 607 4648 rocem
617 4587 680 4646 duo
732 4597 849 4658 legerant.
