3022 5056
456 327 565 374 omero
580 330 611 374 ιι.
629 329 746 377 corrue
759 331 893 376 muros.
907 310 922 324 “
1135 381 1137 386 ,
1212 317 1275 384 net

1317 415 1337 448 ἱ

62 478 87 556 Si
104 496 190 560 gorm
211 477 304 542 Filius
325 495 388 540 nou
410 486 471 548 est,
500 482 551 560 qut
572 477 667 542 Deum
689 485 852 542 creatorem
880 497 950 546 esse
972 479 1088 557 dicitis,
1117 484 1145 545 si
1173 483 1363 564 utiqueumu

60 599 105 662 pu
122 579 250 642 Verbum
272 585 304 642 et
323 579 356 642 iu
376 577 528 660 Sapientia
550 579 650 642 omnic
671 579 756 654 bunt,
778 598 980 662 quoecumque
1001 583 1086 658 bunt,
1108 596 1139 647 et
1157 585 1223 646 sine
1237 603 1274 648 eo

60 681 120 744 nibil
140 681 190 756 tit,
218 681 268 744 ‘nte
294 687 393 744 autem
416 679 580 742 secumdum
602 699 656 742 ros
679 679 754 742 nibil
774 681 880 757 babet,
908 685 939 746 in
966 702 1026 763 qno
1055 693 1085 747 et
1112 704 1167 766 uer
1194 687 1276 766 qood

61 782 147 846 omnis
169 781 301 846 efficiet?
345 782 433 856 Quod
456 783 483 844 si
504 783 569 862 ipse
590 781 689 844 divim
710 791 831 858 nature,
859 791 893 846 ιιι
913 793 1032 864 putent.
1062 787 1187 849 fecunde
1213 805 1277 850 non

61 883 322 958 ostenderemus,
344 891 378 946 ut
397 883 448 946 lux
469 901 531 946 non
553 883 722 946 illumineris
746 892 776 946 et
796 885 863 948 ione
886 886 995 960 siccus,
1017 905 1118 950 nonne
1141 907 1194 952 eos
1215 907 1275 969 pu-

62 985 119 1047 bere
139 984 229 1048 debet
249 985 407 1060 affirmare,
430 1002 500 1047 eum
521 984 549 1046 vi
571 985 718 1048 efficiendi
739 987 906 1064 praeditum
928 987 1021 1051 esse?
1063 989 1109 1050 An
1126 1007 1187 1052 neu
1204 1009 1275 1054 ere·

58 1085 185 1160 besreut,
213 1105 250 1150 eo
272 1085 406 1162 subluto,
436 1086 517 1166 quud
540 1094 588 1148 est
609 1105 646 1148 ex
666 1094 787 1162 ιιιιιιιι,
810 1086 841 1148 id
862 1087 936 1150 veile
957 1089 1085 1169 primum
1107 1091 1207 1154 locum
1227 1099 1276 1156 te·

58 1205 133 1260 uere,
165 1187 247 1268 quod
274 1197 322 1250 est
349 1197 386 1252 ex
412 1185 587 1252 voluntate?
631 1187 717 1250 Certe
746 1189 773 1250 si
801 1207 876 1269 quoe
904 1191 1089 1256 extrinsecus
1119 1200 1191 1254 sunt
1221 1209 1279 1256 ιιι

57 1287 131 1367 prim
151 1297 256 1362 erent,
284 1307 352 1352 eum
372 1308 406 1352 ee
429 1307 498 1352 esse
520 1288 595 1362 ruit,
625 1290 692 1370 ipse
714 1290 819 1368 efficit3
846 1291 940 1354 mutto
968 1293 1053 1374 prius
1081 1293 1161 1356 idem
1192 1301 1277 1374 peter

57 1390 138 1452 tuerit
156 1393 234 1454 reus
257 1411 294 1454 cr
314 1391 436 1472 proprie
458 1398 560 1454 nature
583 1391 715 1454 oriundi.
759 1392 792 1454 Si
813 1393 893 1456 enirn
912 1394 974 1458 Deo
997 1396 1176 1458 voluntatem
1199 1395 1279 1458 urm

57 1509 111 1564 res,
133 1511 207 1574 mue
228 1510 291 1554 nou
307 1501 406 1570 ‚erent
429 1492 604 1564 attribuunt,
627 1510 719 1572 quere
740 1493 821 1573 quod
841 1495 992 1558 rotuutnte
1006 1497 1145 1577 superios
1168 1504 1223 1571 est,
1245 1495 1278 1558 iu

56 1590 111 1654 Deo
131 1611 193 1656 nou
214 1593 404 1674 agnoscunt?
447 1593 603 1656 Voluutete
631 1605 731 1656 eutem
754 1595 978 1675 superiusest,
1011 1617 1079 1660 eum
1108 1617 1144 1660 ex
1173 1605 1280 1660 neture

54 1701 160 1772 orbem
182 1696 298 1776 proprii
320 1696 409 1759 Verbi
431 1714 517 1770 esse;
540 1695 566 1758 si
590 1695 680 1776 igitur
700 1695 747 1772 id,
769 1697 851 1776 qnod
872 1698 955 1778 orius
977 1707 1037 1775 est,
1067 1717 1174 1779 nempe
1195 1697 1278 1778 quod

54 1814 85 1858 er
104 1807 211 1860 nature
231 1805 288 1872 est,
310 1817 372 1860 uon
394 1797 505 1872 existit,
528 1805 561 1860 ιιι
582 1797 673 1860 stulte
694 1797 735 1860 iili
757 1799 869 1872 volunt,
892 1800 1043 1878 quomedo
1065 1801 1105 1874 id,
1129 1799 1208 1880 quod
1231 1805 1280 1864 est

53 1901 209 1976 posterius,
231 1901 311 1980 quod
333 1899 474 1962 nimirum
497 1909 601 1962 estex
622 1897 782 1974 relucere,
804 1899 916 1980 poterit
929 1921 1041 1981 quaeso
1065 1901 1154 1965 beri?
1188 1901 1278 1982 Atqui

50 2000 125 2077 orins
146 2011 201 2064 est
213 2000 353 2078 Verbum,
374 2002 528 2082 posterior
547 2019 598 2064 res
619 2009 726 2064 create.
764 2000 873 2064 Verum
888 2002 989 2065 existit
1001 2002 1139 2078 Verbum,
1162 2001 1279 2068 etiamsi

53 2103 156 2165 maiore
179 2111 286 2165 contre
307 2103 468 2166 moliantur
488 2103 588 2183 impii;
615 2121 683 2165 nem
712 2121 767 2184 per
795 2102 894 2183 ipsum
916 2105 1008 2166 tectae
1029 2112 1100 2168 sunt
1119 2123 1171 2167 res
1190 2121 1278 2168 cree-

51 2209 101 2266 tee.
142 2205 184 2268 Et
205 2214 287 2269 certe
308 2207 419 2270 olerum
441 2213 499 2280 est,
520 2205 615 2268 Deum
637 2214 671 2266 ut
692 2205 864 2268 effectorem
885 2205 1013 2268 Verbum
1036 2206 1124 2270 etiem
1146 2205 1278 2269 efficiens

51 2304 153 2368 babere
176 2325 242 2370 uon
264 2317 431 2382 externum,
452 2305 506 2369 sed
528 2304 608 2386 quod
631 2306 677 2368 sui
701 2307 741 2368 sit
756 2306 920 2386 proprium.
964 2305 1047 2370 idem
1069 2307 1149 2371 euim
1169 2325 1278 2370 rursus

49 2405 206 2472 dicendum
227 2417 283 2472 est.
326 2410 472 2472 Nimirum
494 2409 520 2470 si
544 2408 723 2470 voluntatem
744 2405 844 2481 hebet,
870 2406 995 2488 eiusque
1016 2408 1152 2472 voluntas
1174 2408 1279 2470 efficax

50 2517 91 2570 eet
110 2517 140 2572 et
161 2510 277 2574 suffieit
297 2511 456 2574 adrerum
478 2511 621 2572 sectarum
644 2509 900 2582 constitutionem,
922 2508 950 2572 si
971 2517 1126 2589 praetereo
1147 2509 1278 2572 Verbum

47 2607 106 2674 eius
128 2620 180 2676 eet
205 2613 305 2674 cibem
328 2620 358 2675 et
379 2612 495 2693 opifex3
523 2611 645 2674 dubium
668 2610 769 2690 utique
790 2629 852 2672 non
874 2617 935 2684 est,
964 2611 1036 2691 quin
1058 2609 1137 2672 idem
1159 2627 1279 2689 quoqne

47 2711 84 2772 sit
103 2713 206 2776 Putris
229 2713 330 2775 vivens
352 2712 507 2776 eonsilium
524 2713 587 2774 sive
609 2711 757 2782 roiuutus,
782 2710 986 2772 substantialis
1003 2711 1159 2774 efficientia
1175 2719 1205 2772 et
1225 2727 1278 2772 re·

46 2830 107 2876 rum
130 2814 277 2888 Verbum,
298 2814 330 2876 in
350 2833 411 2895 quo
433 2814 534 2876 umuie
556 2823 586 2876 et
607 2820 747 2876 consuet
761 2820 791 2876 et
805 2819 885 2876 recte
900 2811 1154 2876 administrentur.
1184 2811 1278 2874 Nemo

47 2933 112 2976 vero
134 2917 184 2980 rel
208 2915 358 2994 ambigere
379 2917 493 2997 possit,
523 2916 595 2997 quin
622 2915 808 2996 compositor
835 2923 866 2976 et
897 2915 1116 2996 compositione
1137 2923 1167 2977 et
1186 2912 1278 2976 rebus

43 3019 221 3097 compositis
243 3017 328 3098 prior
349 3019 399 3081 sit
442 3019 596 3090 Posterius
618 3019 689 3080 item
712 3025 776 3092 est,
810 3023 843 3080 ιιι
863 3017 921 3078 iem
943 3016 1020 3090 diri,
1049 3017 1144 3080 Deum
1166 3031 1278 3092 ereum,

44 3135 128 3194 quem
150 3120 286 3200 gignere.
329 3119 463 3201 Namque
483 3120 576 3182 Filius
596 3119 719 3200 proprie
741 3128 772 3182 et
800 3137 868 3182 vere
896 3138 930 3182 ex
962 3119 1047 3182 beate
1069 3117 1117 3182 itte
1140 3137 1277 3199 semper-

41 3237 96 3296 que
119 3221 273 3284 cristente
295 3229 400 3284 netum
422 3231 470 3284 est
490 3229 629 3298 exortus,
654 3240 731 3301 quse
758 3229 858 3284 eutem
887 3240 922 3284 ex
944 3221 1010 3286 eine
1031 3219 1182 3284 voluntate
1203 3229 1278 3302 pre-

43 3319 204 3396 ducuutur‚
227 3324 413 3388 extrinsecus
434 3324 510 3386 fiunt
530 3343 565 3386 eo
585 3343 640 3404 per
661 3323 816 3404 proprium
838 3331 869 3386 et
890 3341 925 3386 ex
942 3323 1009 3403 ipse
1023 3331 1127 3386 netum
1142 3332 1279 3386 exortum

42 3423 131 3486 tetum
154 3435 366 3506 procreentur.
1031 3476 1035 3484 ,

123 3529 156 3590 3.
207 3525 281 3588 Cum
303 3526 395 3607 igitur
414 3527 652 3602 ostenderimus,
680 3527 894 3608 perabsurdum
921 3545 991 3590 esse
1020 3545 1126 3590 eorum
1155 3535 1279 3590 seuten-

41 3625 121 3698 ιίιιιι,
142 3628 199 3708 qui
223 3627 383 3691 Dominum
405 3629 459 3692 bei
473 3630 581 3692 Filium
602 3647 670 3692 esse
692 3638 810 3710 negent,
833 3630 890 3692 eed'
903 3647 980 3710 opus
996 3647 1065 3692 esse
1080 3627 1281 3699 contendente

40 3723 97 3788 iem
117 3731 263 3810 proiecto
284 3748 410 3792 necesse
431 3731 529 3807 tuerit,
551 3731 711 3794 Dominum
725 3731 833 3795 Filium
856 3749 926 3794 esse
947 3731 1093 3794 confiteri.
1139 3725 1279 3801 Quodsi

38 3829 116 3890 titius
141 3840 207 3904 est,
231 3831 275 3894 uti
296 3851 399 3894 revere
421 3843 477 3909 est,
500 3852 738 3914 concessumque
760 3842 807 3896 eet
822 3833 927 3896 Vitium
941 3849 1003 3894 uon
1025 3830 1209 3896 extrinsecus
1224 3825 1281 3890 seri

37 3947 70 3991 er
91 3931 244 4014 gignente
267 3952 353 4010 esse;
382 3953 420 3996 ne
450 3953 521 4016 ergo
550 3935 676 4016 emptius
704 3936 741 3998 de
769 3935 885 4010 verbis,
915 3942 949 3996 ut
975 3951 1065 4014 supro
1097 3929 1279 4004 monuimus,

35 4143 118 4212 orion
136 4142 293 4219 πρότερον.
330 4153 393 4204 Ειιιιι
410 4145 435 4202 ri
458 4155 553 4202 τοίνυν
574 4146 641 4220 πρό·
726 4157 749 4206 Ιι.
769 4157 868 4216 Segoer.
886 4153 974 4203 omittit
990 4145 1036 4200 eei
1053 4141 1171 4208 ἀληθῶς.

35 4230 122 4282 Πρω*-
715 4224 866 4338 ιιδιξοιιΙιΕ.
884 4229 908 4270 ιιι
921 4221 1026 4271 Febrim.
1039 4219 1060 4268 i.
1074 4212 1283 4284 δημιουργεῖται

709 4305 728 4340 ιι
763 4303 792 4338 ια
811 4301 868 4338 ron.

727 4359 749 4407 Ιι.
769 4356 906 4408 Gobieriru.
933 4363 957 4406 et
974 4353 1078 4405 Veiebm.
1090 4353 1112 4404 1.
1129 4344 1283 4419 γεννιῖνῐός

691 4417 768 4478 ἔστιν
789 4417 836 4474 eri
860 4411 938 4473 ιῑνιιι.
982 4423 1074 4474 ibidem
1099 4423 1170 4472 iidem
1195 4431 1219 4471 et
1235 4421 1282 4472 Se·

691 4509 756 4555 guer.
777 4509 807 4544 rc
824 4494 919 4542 t'etrtm
943 4492 966 4543 t.
983 4485 1031 4540 arei
1047 4485 1282 4558 διαφιρισθωιαν

64 4573 86 4620 g.
106 4557 193 4610 berit.
216 4546 305 4612 morte
321 4552 353 4608 ot
370 4552 527 4618 διιιάξιιιν.
691 4569 716 4612 et
733 4577 787 4614 mer
804 4555 979 4628 προείπομεν.

66 4321 82 4368 ι.
108 4319 265 4378 semme.
291 4320 389 4372 comer.
414 4331 438 4372 e
462 4322 567 4374 rerstm.
583 4323 606 4373 ι.
626 4313 641 4371 ι
692 4305 708 4339 ¹

34 4381 191 4448 ποιητικός.
238 4389 297 4436 ibid.
320 4389 418 4452 Segner.
435 4384 638 4457 δημιουργικὰ.

35 4453 83 4504 itur
103 4460 176 4506 roem
200 4463 227 4504 et
244 4455 349 4506 Vetcbm.
366 4457 389 4508 t.
414 4447 459 4506 iu
483 4455 529 4507 καὶ
547 4451 637 4514 circio.
