3022 5056
447 367 554 412 onarru
571 367 591 410 r.
608 367 723 412 eonrna
738 367 873 412 soranos.
1032 409 1040 418 ,
1208 353 1270 416 aad

80 520 116 582 illu
134 518 279 580 seeundum
301 518 459 580 humanam
481 523 616 578 naturam
639 517 707 597 ungi
730 517 847 590 dieitur,
871 536 928 579 nos
951 537 1071 592 sumus,
1094 519 1143 598 qui
1166 519 1196 580 in
1219 501 1362 581 idonee.

78 619 287 699 augimentum
309 615 380 680 item
401 618 578 698 baptisatur,
601 637 658 680 nos
680 617 711 680 in
735 637 770 681 eo
786 619 977 699 baptizamur.
1021 621 1063 682 De
1079 620 1186 700 quibus
1202 639 1269 682 om-

77 721 148 782 nibus
167 721 225 800 ipso
246 720 379 782 Salvator
398 719 505 782 elarius
528 720 572 782 sie
592 719 673 782 Patri
694 721 840 800 loquitur:
873 715 913 785 Et
934 739 985 800 eqo
1007 722 1154 800 pierium,
1182 741 1272 804 quum
1297 731 1302 740 '

76 823 167 886 dedisti
183 823 263 894 nabi,
294 823 361 884 dedi
381 821 459 892 illis,
482 832 517 882 ut
535 839 632 883 unum
654 823 731 892 sint,
755 823 1001 902 quemadmodum
1023 841 1078 885 nos
1100 843 1195 885 uuum
1217 843 1273 886 su-

76 942 138 985 nno.
152 955 161 964 -
175 923 296 1003 Propter
315 940 372 984 nos
394 921 485 1002 igitur
506 923 596 1001 etiam
616 923 786 1002 postulabat
800 921 934 1001 gloriam,
956 922 1062 1002 illaque
1078 924 1164 985 verbo
1186 942 1274 988 uaer-

74 1029 122 1103 pit,
142 1027 269 1096 domna,
293 1023 441 1087 waleuelt
463 1023 539 1086 dieta
561 1031 646 1097 sunt,
670 1031 703 1085 ut
724 1023 838 1085 seilicet
858 1041 915 1084 nos
937 1025 1159 1103 acciperemus,
1184 1027 1270 1088 nobis

76 1123 185 1198 donaret,
206 1135 290 1204 etque
312 1125 341 1186 in
364 1125 414 1186 illu
436 1125 643 1198 exaltaremur,
665 1125 911 1205 quemadmodum
931 1145 965 1187 se
986 1127 1051 1206 ipse
1066 1145 1184 1206 quoque
1200 1145 1271 1190 san-

75 1225 167 1299 ctificat,
186 1235 218 1288 ut
237 1245 294 1288 nos
316 1226 347 1288 in
369 1246 405 1288 eo
427 1227 653 1289 sanctificemur.

144 1531 187 1593 ld.
228 1530 317 1605 Quod
339 1531 365 1592 si
387 1531 460 1594 haee
480 1529 591 1592 Psalmi
612 1528 717 1590 verba:
746 1529 866 1592 ideireo
888 1533 980 1592 uouit
1003 1543 1046 1609 te,
1068 1531 1166 1603 neos,
1192 1531 1273 1593 Deus

75 1640 140 1705 tuna,
160 1631 185 1692 in
206 1651 294 1696 auum
317 1651 439 1695 sensum
462 1632 639 1712 detorquere
662 1633 852 1704 contendant,
875 1631 1038 1712 intelligant
1055 1633 1274 1712 Scripturarum

74 1731 180 1810 imperiti
199 1724 432 1815 inventoresque
454 1735 632 1814 impietatis,
661 1751 767 1794 rursus
796 1751 869 1794 roee
898 1733 946 1794 ille
968 1733 1086 1797 ideireo
1109 1753 1169 1796 non
1192 1753 1274 1797 mer·
1374 1789 1377 1795 ,

72 1835 154 1897 eedem
174 1837 291 1899 drtutis
313 1837 360 1898 vel
380 1837 529 1899 aedanum
551 1835 639 1898 Verbi
663 1835 831 1915 significari,
859 1835 913 1896 sed
935 1853 1053 1897 eausam
1075 1835 1138 1898 eius
1160 1835 1196 1898 ad
1218 1855 1276 1898 nos

72 1935 191 2015 ampulas
215 1939 428 2018 unctionisque
458 1938 603 2018 Spiritus,
636 1955 710 2016 qnae
737 1955 792 2017 pro
820 1936 908 1998 nobis
938 1937 969 1997 in
997 1937 1048 1998 illo
1070 1939 1276 2018 peragebatur.

71 2037 118 2098 llee
137 2040 208 2100 euim
229 2039 323 2102 dixit:
347 2035 596 2114 „ideireo'unxit
617 2047 656 2112 te,
680 2047 713 2100 ut
734 2039 822 2100 fieres
845 2039 935 2112 ileos,
959 2039 1005 2101 vel
1027 2058 1089 2114 rex,
1112 2040 1159 2101 vel
1174 2040 1276 2114 Filius,

73 2139 131 2210 „rel
150 2141 321 2216 Verbum;“
350 2142 380 2203 id
410 2141 489 2203 enim
519 2151 604 2203 antea
626 2148 691 2202 erat
712 2149 742 2202 et
763 2159 882 2220 semper
904 2149 967 2210 est,
996 2141 1038 2203 uti
1069 2142 1277 2222 probavimus3

71 2241 113 2300 sed
130 2244 237 2321 potius:
266 2241 362 2317 „Quia
385 2252 415 2306 et
429 2243 508 2306 bens
526 2250 557 2304 et
576 2261 629 2304 rex
650 2261 694 2316 es,
716 2243 829 2305 ideireo
844 2251 950 2305 unctus
965 2261 1015 2313 ess
1039 2243 1277 2323 quandoquidem

73 2360 167 2412 ,nemo
188 2347 265 2409 alius
287 2345 576 2426 poterauhominem
599 2363 666 2406 oum
688 2344 798 2424 Spiritu
832 2353 934 2406 saneto
957 2345 1136 2423 coniungere
1158 2353 1278 2424 praeter

73 2453 125 2516 „te‚
144 2448 190 2526 qui
210 2449 311 2527 imago
334 2466 368 2510 es
389 2447 499 2522 Patris,
521 2447 557 2507 ad
579 2447 663 2508 euius
686 2445 908 2508 similitudinem
930 2463 987 2508 nus
1008 2465 1126 2525 quoque
1141 2445 1178 2506 ab
1192 2446 1278 2507 initio

72 2563 183 2616 „sumus
205 2549 308 2626 urenti.
352 2549 425 2611 Nam
448 2557 516 2610 tuus
538 2557 586 2609 est
607 2547 674 2628 ipse
694 2531 857 2627 Spiritus.“
900 2545 962 2608 Nea
975 2547 1055 2608 enim
1070 2564 1170 2608 rerum
1187 2549 1278 2608 laeu-

71 2663 123 2708 rum
142 2659 240 2714 natura
267 2652 301 2714 ad
323 2651 382 2712 hoe
403 2669 511 2712 munus
534 2659 597 2711 eret
618 2650 742 2722 idonea,
773 2667 840 2709 eum
868 2656 897 2709 et
918 2648 1020 2727 Angeli
1042 2649 1229 2728 praecaverint
1250 2655 1280 2709 et

70 2745 187 2814 homines
207 2753 273 2816 neo
294 2771 400 2832 parere
423 2751 583 2812 noluerint.
629 2749 900 2829 Quapropter-Deo
923 2766 1000 2826 opus
1023 2755 1085 2809 erat
1110 2747 1202 2820 (deus
1224 2767 1279 2808 au-

71 2857 118 2909 tom
138 2863 182 2914 est
200 2853 360 2932 Verbum),
384 2863 416 2916 ut
438 2871 491 2915 eos
513 2853 672 2924 liberaret,
696 2850 746 2930 qui
768 2851 837 2928 iugo
860 2848 1075 2911 maledictionis
1098 2847 1280 2927 premeban-

71 2957 116 3012 tur.
154 2953 254 3035 ltaque
277 2955 304 3016 si
326 2973 361 3016 ex
383 2955 477 3016 nihilo
500 2962 598 3028 esset,
627 2953 693 3032 ipse
714 2970 775 3013 non
805 2957 886 3013 esset
907 2950 1062 3023 Christus,
1091 2951 1201 3030 quippe
1230 2949 1279 3030 qui

69 3049 199 3116 interrae
221 3056 296 3119 alias
319 3065 432 3118 erentes
455 3063 485 3118 et
506 3056 572 3135 ipse
593 3056 690 3117 loeum
714 3054 837 3116 haberet
859 3061 889 3114 et
915 3061 998 3114 esset
1028 3052 1164 3114 similiter
1185 3051 1279 3132 parti·
1360 3134 1361 3137 Ἴ

69 3169 137 3231 erpa.
176 3155 304 3237 Atquin
327 3156 405 3218 bens
427 3158 498 3230 est,
514 3175 579 3218 eum
603 3157 642 3218 sit
663 3155 716 3217 Dei
737 3155 848 3228 Filius,
871 3154 940 3234 quia
962 3154 1031 3216 item
1054 3172 1108 3216 rer
1130 3162 1178 3216 est
1198 3173 1281 3216 sem-

69 3252 204 3332 pitemus,
232 3277 301 3320 eum
323 3259 363 3320 sit
384 3258 527 3339 splendor
549 3259 691 3337 elligere
713 3257 826 3330 Patris,
855 3255 965 3322 ideireo
995 3255 1205 3318 conuenienter
1227 3256 1281 3318 ad·
1353 3329 1356 3336 ,

68 3355 173 3420 modum
201 3359 269 3440 ipse
302 3367 349 3422 est
376 3360 426 3440 qui
453 3359 678 3438 exspectabatur
700 3358 853 3431 Christus,
887 3376 974 3438 quem
997 3357 1085 3418 Pater
1111 3357 1282 3418 bominibus

70 3463 380 3537 pronunciantem
403 3481 470 3522 eum
493 3460 604 3522 sanetis
628 3460 691 3521 suis
714 3459 872 3539 Prophetis
894 3458 1053 3531 revelaret,
1084 3465 1116 3519 ut
1138 3457 1281 3538 quemad·
1291 3472 1368 3516 ent.

69 3559 173 3624 modum
194 3583 251 3644 per
279 3564 378 3643 ipsum
400 3563 468 3624 lauti
490 3563 616 3636 luimus,
649 3563 689 3624 ita
716 3562 848 3624 omnium
875 3569 1064 3640 pennatorum
1086 3559 1229 3620 redemtio
1252 3558 1284 3618 in

73 3675 103 3718 uo
121 3663 206 3740 deret,
230 3666 390 3745 omniaque
413 3665 477 3728 eius
500 3663 699 3726 subderentur
720 3662 857 3744 imperio.
901 3661 980 3724 llaec
994 3679 1083 3724 eausa
1106 3669 1162 3734 est,
1186 3676 1239 3720 our
1253 3657 1284 3718 in

68 3837 349 3916 ἑαυτὸνᾶγιάζει,·ἵν’
370 3844 446 3917 ἡμεῖς
463 3845 644 3919 ἁγιασθῶμεν
729 3851 745 3899 l.
765 3848 1018 3912 snsquemrnq.
1055 3847 1082 3898 ln
1100 3845 1155 3896 eliis
1174 3852 1197 3893 et
1214 3841 1286 3892 editis

68 3905 92 3958 θ
115 3905 184 3982 “tirsi
209 3921 417 3980 liabentSeguer.
435 3919 527 3978 ungite.
546 3917 643 3969 Gobler.
694 3913 741 3966 καί
758 3919 834 3967 deest.
870 3918 944 3967 Paulo
963 3926 1020 3980 post
1037 3912 1175 3964 retenone.
1193 3922 1287 3975 γεννη·

66 3982 198 4036 etlelrlru.
220 3987 243 4038 1.
262 3980 539 4051 legeratquell'ennius3
559 3985 646 4038 desunt
696 3983 762 4035 reive
796 3985 856 4034 lbid.
881 3985 980 4048 Sequar.
1006 3977 1244 4043 dngliean..Goblsr.
1263 3983 1287 4026 et

66 4047 176 4103 irretetis
187 4063 210 4106 et
222 4055 302 4105 editis.
322 4047 493 4117 thiudemer.
505 4055 561 4116 lteq.
573 4055 645 4105 desit.
696 4054 802 4104 l'elelrm.
824 4053 845 4101 l.
865 4044 913 4100 οὐκ
930 4038 964 4110 ἢν
982 4043 1146 4105 ἀξιόπιστος,
1175 4045 1287 4095 Ceteriet

67 4113 146 4179 logne.
171 4131 193 4171 et
212 4123 319 4174 deletum.
334 4122 358 4172 t.
377 4122 562 4189 προςκεῖσθαι.
601 4124 645 4174 ttit
698 4122 755 4171 editi
773 4111 823 4168 odor
840 4113 916 4168 ἔστιν
933 4111 1100 4192 manseros.

66 4191 84 4230 et
99 4187 152 4238 editi
169 4180 342 4257 προκεῖσθαι.
376 4191 427 4240 tter
445 4191 646 4254 Sequenetlleq.
731 4172 1137 4262 q.Srguer.eIstf⁷13W⁰W·
1162 4179 1288 4260 ᾈΙΟΧΜΘΨ

66 4245 129 4323 dede,
148 4249 162 4302 ri
180 4250 248 4311 dede
265 4272 322 4308 roo.
347 4259 375 4309 ln
393 4259 447 4308 aliis
467 4267 490 4310 et
501 4257 649 4310 editisdeest
699 4248 764 4318 dede
778 4247 848 4309 dora,
867 4251 934 4302 θεοῦ
952 4245 1012 4304 υἷος
1028 4265 1074 4298 ων.
1109 4250 1173 4300 Εάὶῑι
1197 4256 1222 4299 et
1246 4247 1288 4302 abi

67 4314 155 4376 ⁰dro't·
172 4335 232 4374 σου.
699 4315 765 4376 detis
781 4316 850 4378 ἐστι,
868 4313 914 4370 καὶ
931 4317 998 4368 θεοῦ
1016 4327 1062 4370 ete.

91 4389 112 4438 d.
130 4389 231 4444 Goblu.
250 4401 274 4444 et
289 4393 396 4445 Felrlm.
418 4394 439 4443 l.
457 4383 607 4457 κᾷνταῦθα.
736 4393 757 4439 h.
777 4391 877 4452 Sequar.
895 4388 986 4450 duplic.
1004 4387 1103 4440 Gubler.
1116 4395 1140 4438 et
1148 4385 1253 4436 ratetm
1266 4385 1290 4438 l.

93 4469 114 4506 t.
136 4459 178 4511 Sie
201 4463 302 4524 seques.
327 4471 350 4512 et
368 4461 425 4526 deq.
461 4462 649 4514 detinuisset
696 4449 820 4526 χριστός.
855 4457 898 4506 dlii
925 4465 948 4506 et
966 4456 1022 4508 editi
1039 4447 1138 4522 eripior.
1173 4455 1226 4504 nox
1244 4455 1289 4503 Se·

67 4519 197 4580 deluiml.
218 4523 283 4583 θεὸς
299 4520 317 4589 ἢ
333 4517 510 4595 prodebat.
548 4527 651 4584 Editier
700 4529 808 4589 querire.
828 4516 998 4606 ἀπαγγέλλει,
1019 4533 1044 4576 ut
1062 4533 1086 4575 et
1098 4524 1177 4593 benni

68 4591 100 4642 dii
116 4581 279 4650 demittunt
431 4616 438 4637 ·
702 4596 780 4649 Ceteri
800 4601 823 4644 et
841 4593 897 4645 editi
916 4589 1063 4646 auterens.
