3022 5056
466 347 575 433 pnnrm
589 347 611 392 ι.
626 347 742 394 course
755 347 892 394 munos.
985 299 989 314 Ι
1187 377 1199 390 -
1226 331 1298 402 235*

86 495 198 572 duod,
220 495 271 558 sed
292 496 454 578 gloriosum
475 497 538 561 lico
559 497 639 561 Patri
662 517 747 572 csse,
776 498 856 581 quod
879 498 1005 564 Verbum
1027 519 1096 566 caro
1118 504 1226 566 tadum
1249 503 1377 566 sitnm.

82 607 107 660 ct
124 581 240 660 mortem
263 617 349 662 carne
371 599 506 662 subierit.
551 599 648 664 Patris
671 600 784 664 scilicet
804 601 896 681 gioria
919 609 976 678 ost,
1001 605 1110 667 iactum
1132 612 1163 667 ct
1183 613 1288 686 postes

80 699 209 780 perditum
230 701 354 781 reperiri
376 701 544 776 homiuem,
573 709 783 783 mortuumque
808 703 942 766 revocari
972 705 1009 766 sd
1040 705 1129 770 vitam
1152 724 1187 768 ac
1208 714 1375 771 tem-amr.

79 800 214 880 plumbei
234 801 308 866 heri.
352 803 425 866 Cum
447 803 526 866 enim
548 801 824 884 scripsissemus,
845 805 947 885 Angeli
970 815 1001 869 et
1021 807 1207 888 Archangeli,
1235 808 1285 891 qui

80 899 215 966 bominum
236 923 356 986 semper
376 905 552 994 adoravere⁸
570 896 650 968 nunc
670 925 738 969 eum
760 906 792 969 in
806 906 929 968 nomine
943 907 1012 969 iesu
1026 908 1160 982 adorent,
1182 917 1286 972 nostro

79 1005 193 1082 proiecto
214 1005 305 1086 grstia
327 1015 358 1069 et
378 1007 471 1087 gioria
493 1016 550 1080 ost,
577 1008 657 1088 quod
680 1009 769 1072 etiam
792 1008 883 1070 bomo
905 1010 1001 1072 factus
1021 1008 1077 1072 Dei
1097 1009 1189 1072 Filius
1210 1010 1285 1073 cdo·

80 1114 160 1181 renam
177 1125 231 1170 nce
250 1107 409 1172 nautibus
430 1108 608 1172 caelestibus
631 1109 737 1172 mirum
760 1109 917 1184 videbitur,
940 1129 1006 1173 cum
1024 1129 1082 1172 nos
1098 1129 1213 1184 omnes,
1237 1111 1287 1190 qui

78 1205 189 1270 eusdem
209 1227 243 1272 ac
263 1208 315 1270 iiic
335 1218 458 1272 naturus
480 1229 607 1291 corpora
629 1211 789 1284 habemus,
822 1211 853 1274 in
876 1229 961 1274 snam
983 1211 1135 1292 regionem
1159 1212 1287 1275 viderint

78 1307 212 1372 introduci.
247 1311 345 1384 Quod
368 1311 467 1392 utiquo
488 1313 579 1376 aliter.
594 1331 656 1374 nco
680 1312 872 1393 contigisset,
895 1313 955 1376 uisi
977 1313 1043 1386 ille,
1066 1314 1168 1394 quiin
1191 1315 1287 1376 iormu

79 1409 122 1471 bei
140 1421 203 1486 erat
223 1415 353 1476 formam
375 1414 454 1476 serui
477 1413 673 1478 assumsisset
694 1433 786 1494 seque
808 1414 883 1476 odeo
904 1414 1100 1489 humiliasset,
1122 1423 1156 1477 ut
1177 1433 1287 1496 eorpus

80 1529 150 1572 soum
167 1523 289 1578 mortem
311 1515 373 1596 pati
394 1515 574 1596 permiserit.

143 1923 191 1986 43.
232 1921 278 1984 En
302 1939 374 2004 crgo
397 1923 476 2002 quod
504 1941 559 2004 per
580 1941 698 1986 monem
726 1922 849 1986 strdtitia
872 1920 926 1984 uei
956 1939 1023 1984 osse
1045 1923 1216 1986 hominibus
1238 1924 1283 1986 vi-

74 2019 186 2096 debatur,
208 2024 349 2088 omnibus
371 2025 479 2087 iactum
501 2031 548 2088 ost
568 2024 756 2088 honoratius.
799 2025 834 2086 ln
857 2025 921 2105 ipss
944 2023 1092 2105 siquidem
1116 2026 1216 2106 posita
1238 2035 1287 2088 est

49 2129 157 2184 'nostm
175 2127 366 2201 resurrectio,
388 2145 445 2188 nec
464 2126 559 2190 isreel
582 2126 678 2190 solum
701 2127 754 2188 sed
777 2126 865 2189 etiam
890 2143 996 2188 omnes
1019 2134 1123 2206 gentes
1145 2127 1214 2201 iam,
1241 2129 1286 2190 uti

75 2219 200 2302 Propheta
227 2228 404 2291 vaticinatus
431 2235 495 2302 est,
527 2247 581 2290 sun
609 2227 752 2290 deserunt
779 2227 856 2290 idola
878 2246 1038 2307 verumque
1059 2229 1152 2290 mum
1175 2228 1286 2292 Christi

73 2332 167 2400 patrem
188 2335 365 2408 agnoscunt.
396 2329 580 2392 basmonum
603 2347 722 2410 qnoque
745 2328 908 2392 dissolutae
923 2329 1101 2410 praestigiae
1124 2337 1205 2404 sunt,
1227 2349 1281 2392 sc-

72 2422 159 2504 ltsque
186 2449 271 2492 verus
301 2429 384 2492 Dens
411 2429 442 2492 in
469 2430 592 2492 nomine
618 2419 737 2494 homini
769 2429 865 2494 nostri
892 2430 963 2493 lesu
991 2429 1103 2494 Christi
1132 2431 1284 2494 adoratur.

73 2523 143 2598 Quod
163 2538 257 2592 autem
280 2532 428 2594 Dominus
452 2533 541 2594 etism
562 2541 697 2596 assumto
720 2550 847 2612 corpore
870 2539 900 2593 et
920 2541 1043 2596 vocatus
1065 2533 1151 2595 lesus
1173 2533 1282 2595 adoro-

71 2633 109 2686 tur
126 2631 311 2712 crediturque
332 2633 425 2696 Filius
446 2633 517 2709 Dei,
539 2653 575 2697 cc
594 2653 649 2715 per
670 2635 771 2721 ipsum
794 2635 881 2696 Pater
902 2633 1102 2712 cognoscitur,
1129 2634 1157 2695 id
1180 2642 1285 2714 operte
1319 2709 1321 2716 y
1410 2683 1414 2692 .

68 2724 186 2805 indust,-
203 2735 245 2798 uti
279 2735 424 2809 diximus,
453 2755 514 2798 uon
531 2737 666 2820 ,vernum
695 2742 839 2814 quatenus
862 2733 990 2796 Verbum
1022 2734 1075 2796 sed
1097 2753 1153 2796 uos
1175 2734 1283 2798 buius'·

67 2831 276 2914 nod-gratiam
299 2837 460 2917 accepisse.
503 2837 592 2900 Nam·
599 2844 724 2917 propter
748 2843 879 2898 nostrum
902 2853 969 2896 cum
991 2835 1057 2896 eius
1079 2853 1206 2915 corpore
1227 2853 1281 2898 oo-

67 2933 215 3006 gnntioncm
237 2955 299 3000 nos
321 2955 440 3017 quoquc
461 2937 514 3000 hei
538 2938 679 3018 templum
703 2937 799 3000 effecti
822 2955 926 2998 sumus
948 2935 1064 3016 iamque
1085 2936 1215 3000 tiliorum
1229 2936 1285 3000 Dei

68 3030 228 3101 obtinuimus
250 3039 439 3118 dignitatem.
461 3039 536 3101 adeo
559 3047 591 3101 ut
613 3039 701 3104 suom
722 3042 754 3101 in
777 3037 864 3100 uobis
886 3038 944 3100 iam
963 3036 1107 3100 Dominus
1131 3038 1283 3112 adoretur,

69 3142 92 3194 et
110 3147 271 3216 spectantes
296 3140 499 3220 pronuntient,
522 3149 556 3203 ut
577 3143 617 3204 uit
632 3140 803 3221 Apostolos,
826 3138 905 3220 quod
923 3157 992 3202 vero
1007 3139 1087 3202 bens
1102 3140 1134 3202 in
1156 3139 1214 3202 illis
1231 3140 1282 3202 sit.

67 3231 181 3314 idipsum
207 3261 330 3322 quoque
350 3243 479 3305 looooes
507 3242 537 3303 in
564 3241 722 3322 Evangelio
750 3242 791 3303 ita
819 3241 963 3303 declaret:
986 3241 1154 3323 ,Quotquot
1181 3254 1283 3306 notam

67 3349 229 3418 receperunt
251 3363 331 3420 eum,
356 3345 435 3408 dedit
457 3347 500 3407 sia
519 3355 699 3425 potestatem
718 3343 802 3425 filios
822 3344 882 3406 Det
901 3344 985 3424 fieri,
1007 3342 1138 3422 itemque
1159 3343 1191 3406 iu
1213 3343 1280 3423 epi·
1311 3330 1330 3354 ”

69 3437 138 3510 eote,
159 3441 206 3505 ubi
228 3444 306 3507 haec
327 3444 445 3508 scribit:
475 3431 513 3508 ln
536 3446 590 3508 boc
612 3450 738 3517 enatura,
761 3450 831 3528 poan
851 3455 953 3507 monet
974 3447 1007 3506 in
1028 3445 1130 3516 nobis,
1154 3463 1193 3506 cco
1215 3448 1282 3525 spi-

67 3539 118 3600 rito
142 3546 217 3617 eiua,
251 3563 341 3626 potem
369 3547 451 3610 dedit
477 3546 575 3609 nobis.
618 3544 651 3606 ld
680 3563 753 3608 sane
785 3555 992 3626 argumentum
1014 3553 1060 3606 est
1075 3546 1148 3608 ‘eius
1170 3545 1201 3606 in
1222 3563 1282 3607 nos

68 3632 249 3720 benignitatis,
274 3646 355 3725 quod
377 3663 433 3708 nos
449 3646 488 3708 ob
503 3646 682 3708 altissimum
699 3647 866 3720 hominum,
889 3645 986 3726 quiin
1008 3645 1096 3708 nobis
1119 3655 1175 3719 est,
1197 3643 1280 3706 eral-

68 3737 111 3798 tati
127 3743 242 3820 snmus,
266 3767 303 3810 ac
322 3756 448 3829 propter
467 3765 524 3810 nos
547 3749 614 3811 data
635 3749 692 3811 fuit
712 3749 816 3830 gratie,
839 3767 875 3811 eo
898 3748 980 3828 quod
1001 3746 1145 3810 Dominus
1168 3745 1281 3825 gratiae

63 3955 102 4007 Μῐί
121 3971 143 4011 et
164 3963 237 4018 editio
268 3967 387 4019 Commct.
414 3961 453 4024 sir
474 3961 638 4036 sirs'loipos
723 3983 744 4031 g.
763 3969 804 4018 Sic
827 3969 926 4028 secan.
946 3975 970 4017 et
988 3965 1043 4026 dog.
1063 3964 1164 4037 (habim.¹
1181 3963 1236 4011 item
1255 3968 1281 4011 st

63 4015 158 4080 Μ’·
688 4037 792 4085 isicium.
806 4034 827 4086 i.
847 4036 936 4084 hubent
952 4024 1111 4098 γενόμενον.
1132 4030 1175 4081 sni
1187 4037 1210 4083 et
1221 4029 1278 4079 editi

13 4155 17 4161 ,
84 4107 106 4168 ‚b
123 4097 221 4162 Segucr.
240 4101 341 4152 Gobtsr.
359 4112 383 4152 ot
400 4103 506 4153 Fclcim.
527 4103 548 4153 1.
567 4095 637 4152 tvta-
687 4097 717 4154 dr
733 4101 773 4169 roi
791 4095 900 4168 copon
917 4095 1049 4166 γενέσθαι
1066 4092 1121 4176 τὸνἱ
1132 4089 1236 4164 κύρτον.

61 4171 191 4285 ffi‘ig'b'
216 4168 263 4220 ΑΙίί
290 4177 316 4286 οὲ
332 4171 396 4286 18ῗίῑί
422 4163 626 4288 ῗρῡιῐψρτξὲοζ
701 4171 743 4288 ιΙτ.
763 4169 861 4222 Gobier.
880 4177 904 4220 ct
921 4169 1025 4220 Fcictm.
1038 4166 1061 4217 1.
1079 4159 1127 4214 δια
1144 4159 1196 4224 τὴν
1210 4161 1280 4234 πρός

62 4251 166 4352 “ms-⁰
182 4245 284 4366 S‘e'goeert.
308 4252 406 4364 ibihmri
428 4251 552 4372 μὶίζιέξ
571 4253 638 4356 ‹3:2-
686 4253 734 4354 eci.
754 4304 796 4354 Sic
813 4303 981 4365 δηιοτῆτι.
997 4299 1278 4380 Gobieuotb'ciebmi.

62 4374 143 4419 “W
167 4361 235 4435 ἡμῖν
263 4379 286 4422 et
311 4373 385 4438 paolo
413 4382 469 4438 post
494 4365 583 4424 adsta
605 4367 637 4422 δὲ
689 4379 713 4421 ct
736 4370 808 4422 Basti.
834 4371 925 4432 tngttc
949 4377 972 4420 ct
991 4367 1134 4418 isiciumb.
1151 4365 1282 4444 subsutp

62 4424 142 4490 μόνον·
688 4432 735 4488 καὶ
748 4430 881 4498 Ἰωάννης.
920 4435 997 4486 Editio
1015 4436 1134 4486 commet.
1150 4435 1282 4499 andwerp

87 4499 101 4548 1·
117 4502 217 4566 Srgoer.
235 4497 348 4556 imnis.
387 4509 444 4573 Reg.
462 4499 563 4561 αὐτῶν.
591 4507 637 4560 diii
691 4499 855 4566 b’imcinnc.
893 4505 984 4556 ibidem
1009 4499 1063 4570 μέν
1085 4513 1109 4554 ct
1132 4504 1280 4568 paulopost

63 4568 162 4620 deditio
176 4571 295 4628 evomet.
313 4567 413 4628 obsnio.
452 4617 459 4631 ,
689 4566 796 4643 γράφει
812 4576 882 4626 abest
898 4589 912 4626 a
928 4573 1027 4626 Gohter.
1045 4579 1069 4623 ct
1085 4573 1191 4650 Fstctm.
1212 4569 1234 4620 1.
