3118 5052
201 255 282 370 ¹360
480 313 484 319 ·
611 315 638 358 ε.
653 311 808 364 mnu
821 311 1046 358 ιιτιιιτειεεονι

136 465 406 556 κτωᾶνθριωτες
427 461 604 550 ἐργάζεται,
628 457 683 553 ὅτι
703 447 803 528 αῦται
822 461 883 545 μὲν
904 454 1120 542 ῦπάρχούσιν,
1144 453 1215 526 όδλ
1229 427 1443 545 λόγοςαῦτῶν

220 566 280 653 οὐχ
310 563 526 654 ’ύφίσταταη
562 557 580 628 5
614 563 651 630 δὲ
678 564 737 628 τοῦ
759 561 844 628 θεοῦ
866 557 963 646 λόγος
968 609 978 640 ,
1013 555 1059 640 ῶς
1080 554 1173 628 εἶπεν
1198 555 1216 626 5
1246 555 1442 642 ἀπόστολος,

220 671 284 752 ζῶν
317 667 407 735 ἔστιν
438 661 456 730 5
489 661 585 749 λόγος
615 665 675 730 τοῦ
705 664 790 733 θεοῦ
820 663 877 730 καλ
911 659 1040 748 ἐνεργής
1070 659 1125 728 καὶ
1146 659 1334 747 τομώτερος
1362 657 1452 752 ὑπὲρ,

138 803 141 810 ·
219 774 334 840 πᾶσαν
355 765 519 854 μάχαιραν
541 765 700 848 δίστομον
721 761 780 832 καὶ
799 761 1024 848 διικνούμενος
1045 760 1122 848 όχρι
1143 765 1325 848 1’μερισμοῦ
1341 767 1445 848 ψυχῆς

219 875 275 942 καλ
303 867 505 953 πνεύματος,
536 861 650 953 ἁρμῶν
679 889 716 932 τε
742 866 796 932 καὶ
815 865 962 949 μυελῶν,
989 861 1046 932 καὶ
1067 863 1212 950 κριτικὸς
1233 863 1445 951 ἐνθυμήσεων

219 975 275 1042 καὶ
296 972 432 1040 όννοιῶν
452 967 607 1056 καρδίας·
636 964 691 1034 καὶ
714 959 772 1033 οῦκ
793 966 867 1034 ἔστι
887 972 993 1046 κτίσις
1014 959 1144 1052 διφανής
1166 964 1313 1034 ἐκτόπων
1334 959 1444 1046 αὐτοῦ,

220 1073 332 1142 πάντα
354 1071 391 1162 δὲ
412 1068 518 1157 γυμνὰ
538 1071 593 1135 καλ
614 1068 892 1155 τετραχηλισμένα
914 1077 988 1145 τοῖς
1008 1059 1205 1154 ὀφθαλμοῖς
1226 1063 1339 1146 αὐτοῦ,
1362 1066 1446 1152 πρὸς

221 1173 258 1242 ῦν
278 1169 358 1262 ήμῖν
382 1167 400 1238 5
422 1169 559 1257 λόγος’).
593 1168 790 1256 δημιουργὸς
811 1159 886 1236 οοῦν
908 1167 990 1250 ἐστι,
1013 1166 1069 1235 καὶ
1087 1166 1189 1255 χωρὶς
1204 1161 1305 1236 αῦτοῦ
1321 1167 1445 1254 ἐγένετο

220 1271 297 1344 οῦδὲ
319 1275 364 1358 όν,
388 1266 465 1340 ούδί
487 1269 626 1338 δυνατόν
647 1295 683 1338 τι
703 1275 860 1358 γίνεσθαι
880 1272 980 1357 χωρὶς
1002 1262 1113 1339 αῦτοῦ.
1304 1354 1307 1362 ,

304 1381 355 1446 36.
405 1369 453 1442 Ού
482 1372 535 1440 δεῖ
563 1373 600 1440 δὲ
623 1372 746 1460 ζητεῖν,
770 1371 860 1440 διατί
880 1371 926 1459 μή
947 1373 1100 1452 τοιοῦτος
1122 1364 1140 1436 5
1162 1372 1222 1437 τοῦ
1243 1373 1329 1442 ,θεοῦ
1351 1369 1448 1458 λόγος

221 1473 293 1558 ολος
314 1471 411 1544 καλό
433 1469 599 1562 ἡμέτερος,
624 1472 699 1542 ἐπεὶ
718 1473 763 1560 μή
786 1475 939 1552 τοιοῦτος
960 1469 979 1538 5
1002 1471 1085 1552 θεὸς
1099 1467 1169 1539 οἷοι
1182 1475 1237 1540 καλ
1252 1467 1358 1559 ἡμεῖς,
1383 1467 1447 1551 ’ὥς

217 1583 430 1668 προείρηται·
453 1570 522 1643 ἀλλ’
547 1570 624 1643 οῦδὲ
646 1580 771 1663 πρέπει
792 1575 909 1663 ζητεῖν,
933 1577 1009 1654 πῶς
1030 1573 1065 1642 &a
1079 1577 1138 1642 τοῦ
1149 1577 1234 1642 θεοῦ
1251 1571 1342 1641 ἐστιν
1358 1569 1376 1638 5
1392 1572 1449 1640 λό-

217 1703 289 1767 γος,
312 1673 334 1766 ή
355 1681 430 1758 πῶς
452 1671 656 1764 όιπαύγασμό
678 1675 751 1744 ἔστι
771 1680 831 1744 τοῦ
853 1680 947 1757 θεοῦ,
970 1671 992 1762 ή
1013 1677 1089 1755 πῶς
1109 1677 1206 1764 γεννᾷ
1226 1670 1248 1742 ό
1268 1675 1370 1756 θεός,
1392 1677 1449 1742 καὶ

218 1789 269 1862 τίς
297 1779 315 1848 ό
342 1779 470 1868 τρόπος
490 1781 548 1866 τῆς
569 1780 628 1846 τοῦ
649 1780 734 1864 θεοῦ
755 1776 951 1866 γεννήσεως·
980 1782 1135 1862 μαίνοιτο
1156 1775 1219 1864 γὰρ
1242 1775 1282 1844 όν
1303 1801 1358 1856 τις
1377 1800 1450 1845 τοι-

133 1885 305 1952 ν.ιοι.αῦτα
324 1882 471 1965 τολμῶν,
501 1877 554 1948 ότι
574 1883 713 1966 πρᾶγμα
735 1878 876 1967 όῤῥητον
897 1877 954 1946 καὶ
975 1877 1107 1967 φύσεως
1129 1879 1217 1946 ἴδιον
1237 1881 1334 1959 θεοῦ,
1357 1877 1449 1967 μόνιμ

218 2009 255 2052 τε
277 1977 366 2069 αύτῷ
387 1983 442 2048 καὶ
464 1983 512 2068 τῷ
534 1981 595 2068 υἱῷ
616 1978 867 2068 γινωσκόμενον,
892 1974 983 2062 όξιοῖ
1004 1979 1131 2067 ολόγοις
1142 1974 1227 2047 αὐτὸ
1243 1979 1450 2069 ἑρμηνευθή-

219 2105 292 2154 ναι·
321 2078 395 2151 ἶσον
422 2081 483 2169 γάρ
506 2082 578 2150 ἐστι
598 2081 676 2162 τοὺς
697 2081 868 2162 τοιούτους
890 2081 1012 2169 ζητεῖν,
1039 2084 1108 2150 ποῦ
1130 2078 1149 2148 5
1170 2080 1268 2162 θεός,
1298 2085 1354 2150 καὶ
1376 2085 1449 2162 πῶς

115 2226 117 2237 ·
219 2186 310 2256 ἐστιν
339 2180 357 2251 5
384 2183 482 2264 θεός,
505 2181 561 2250 καλ
581 2181 755 2263 εποταπύς
778 2183 867 2254 ἐστιν
889 2179 908 2252 5
931 2181 1052 2270 πατήρ.
1071 2265 1076 2274 ,
1092 2176 1161 2250 ἄλλ’
1187 2178 1298 2270 ῶςπερ
1319 2182 1448 2250 τὸτοι-

219 2289 298 2354 οῦτο
321 2285 447 2373 ἐρωτᾷν
470 2279 586 2372 ἀσεβές
608 2283 759 2352 ἐστικαὶ
780 2279 985 2372 ἀγνοούντων
1006 2283 1065 2352 τόν
1087 2282 1180 2366 θεόν,
1204 2281 1312 2365 οῦτως
1333 2282 1373 2352 ού
1388 2290 1448 2354 θί-

218 2413 276 2474 μις
303 2381 380 2456 οῦδὲ
402 2385 482 2473 περὶ
502 2388 560 2475 τῆς
582 2390 641 2454 τοῦ
663 2387 737 2454 οἱοῦ
759 2389 819 2454 τοῦ
841 2389 926 2454 θεοῦ
947 2385 1129 2474 γεννήσεως
1150 2389 1291 2454 τοιαῦτα
1311 2388 1445 2476 τολμᾷν,

219 2487 296 2563 οῦδὲ
313 2491 357 2578 τῇ
380 2485 506 2564 ἑαυτῶν
529 2488 629 2576 φύσει
649 2485 706 2556 καὶ
728 2483 887 2575 ἀσθενεῖς
910 2497 1108 2577 συμμετρεῖν
1128 2486 1186 2554 τὸν
1208 2485 1293 2556 θεὸν
1314 2487 1373 2556 καὶ
1392 2488 1447 2575 τήν

217 2592 337 2662 τούτου
352 2591 499 2678 σοφίαν·
522 2585 611 2658 ῑόιλλ
637 2584 714 2658 οῦδὲ
736 2588 794 2658 διὰ
814 2591 912 2656 τοῦτο
930 2586 987 2656 καὶ
1000 2587 1095 2674 παρὰ
1108 2587 1167 2677 τήν
1182 2582 1348 2676 ἀλήθειαν
1364 2601 1448 2660 νοεῖν

218 2692 385 2784 προςήκει,
409 2685 487 2760 οῦδὲ
509 2691 539 2760 εἰ
562 2686 685 2778 ἀπορεῖ
705 2715 758 2770 τις
781 2691 883 2777 ζητῶν
899 2687 980 2776 περὶ
993 2687 1128 2770 τούτων,
1153 2685 1284 2778 ὀφείλει
1297 2691 1356 2760 καὶ
1370 2687 1447 2760 ἄπι-

218 2805 309 2866 στεῖν
330 2798 424 2872 ιιτοῖς
455 2798 707 2880 γεγραμμένοις·
737 2792 869 2877 βέλτιον
901 2789 963 2878 γὰρ
993 2787 1204 2879 ἆποροῦντας
1232 2799 1369 2862 σαοπᾶν
1395 2791 1447 2862 κοιλ

217 2895 404 2976 πιστεύειν,
434 2887 455 2979 ἢ
477 2888 634 2962 ἀπιστεῖν
656 2891 727 2960 ἰδιὰ
749 2891 787 2958 τὸ
810 2887 960 2979 ἀπορεῖν.
999 2890 1087 2960 διότι
1109 2890 1128 2959 5
1149 2895 1210 2978 μλν
1232 2889 1373 2982 ἀπορῶν
1394 2895 1447 2964 δύ-

217 3004 315 3066 ναταί
336 3020 411 3074 πως
431 2993 489 3060 καὶ
510 2994 701 3082 συγγνώμην
724 2988 824 3080 ἔχειν,
849 2990 904 3062 ότι
925 2988 1012 3073 όλως
1033 2988 1093 3082 τήν
1115 2994 1256 3084 ζητήσας
1278 2993 1443 3086 ἠρέμησεν,

191 3153 195 3160 .
219 3093 238 3162 5
268 3095 304 3162 δὲ
324 3093 404 3162 1ιδιόι
431 3092 470 3160 τὸ
499 3091 640 3183 ἀπορεῖν
672 3095 817 3164 ἐπινοῶν
846 3094 953 3182 ἑαυτῷ
981 3094 1024 3162 τὰ
1050 3096 1094 3181 μὴ
1125 3097 1243 3164 δέοντα
1263 3097 1322 3166 καὶ
1343 3096 1444 3184 τὰμή

218 3193 297 3277 όξιιι
317 3193 398 3282 περὶ
418 3197 502 3264 θεοῦ
526 3196 753 3284 φθεγγόμενος
775 3191 1005 3284 ἇσύγγνωστον
1023 3196 1094 3285 ἔχει
1114 3201 1173 3285 τῆς
1187 3197 1312 3287 τόλμης
1325 3199 1383 3290 τήν
1397 3200 1445 3266 δί-

217 3323 285 3386 κην.
322 3295 461 3365 δύναται
480 3296 542 3384 γὰρ
564 3297 621 3365 καὶ
642 3301 708 3366 τῶν
729 3298 891 3368 τοιούτων
914 3291 1068 3386 όιποριῶν
1090 3298 1177 3384 ἔχειν,
1195 3301 1273 3369 τινὰ
1295 3326 1446 3388 παραμυ-

218 3404 302 3466 θίαν
325 3396 360 3465 ἐκ
381 3398 448 3462 τῶν
469 3403 575 3466 θείων
596 3403 744 3489 γραφῶν,
768 3397 851 3480 ῶςτε
864 3398 1044 3485 λαμβάνειν
1058 3401 1119 3485 μὲν
1133 3401 1242 3482 καλῶς
1256 3402 1447 3489 τὰγεγρομ-

216 3503 310 3586 μένα,
334 3506 421 3566 νοεῖν
444 3499 481 3566 δὲ
503 3495 549 3580 μῦς
570 3500 604 3570 ἐν
626 3503 873 3590 παραδείγματι
892 3499 950 3569 τὸν
965 3497 1122 3590 ἡμέτερον
1136 3501 1244 3588 λόγον,
1269 3499 1325 3572 ότι
1339 3500 1444 3588 ῶςπερ

169 3647 173 3654 -
218 3587 316 3682 οὗτος
337 3599 425 3680 ἰ’διος
447 3599 483 3682 ἐξ
502 3595 596 3690 ήμῶν
619 3601 768 3672 ἐστικαὶ
789 3600 848 3670 οὐκ
869 3603 996 3684 όξωθεν
1018 3597 1126 3690 1ήμῶν
1142 3603 1260 3690 ἔργον,
1285 3603 1371 3673 οῦτω
1391 3601 1447 3671 καὶ

218 3697 237 3770 5
258 3705 318 3771 τοῦ
340 3704 425 3770 θεοῦ
447 3699 543 3790 λόγος
565 3705 653 3792 >ι’διός
674 3705 765 3773 ἐστιν
787 3703 824 3786 ἐξ
844 3699 945 3772 αῦτοῦ
967 3701 1024 3772 καὶ
1045 3698 1103 3772 ούκ
1125 3697 1350 3795 ῦστιποίημα
1369 3701 1446 3773 οῦδλ

217 3799 305 3884 ῶςιῦ
327 3805 394 3871 τῶν
417 3797 609 3892 ἀνθρώπων
632 3806 745 3902 λόγος·
774 3806 851 3876 ἐπεὶ
871 3805 927 3874 καὶ
948 3805 1006 3873 τὸν
1027 3803 1111 3874 θεὸν
1134 3802 1256 3897 ἀνάγκη
1279 3818 1367 3877 νοεῖν
1387 3804 1447 3874 όν·

215 3911 375 3994 θρωπον·
400 3903 471 3974 ἰδοῦ
493 3899 682 3993 γὰρ’πόλιν
703 3912 770 3976 τῶν
790 3909 852 3994 μὶν
872 3901 1064 3995 ἆνθρῶιτων
1079 3907 1203 3978 πολλοὶ
1216 3907 1273 3978 καὶ
1288 3908 1448 3998 διόφοροι

284 4063 309 4125 λ)
327 4063 401 4114 Ητλιῖ.
422 4063 448 4124 4,
467 4061 507 4114 12.
528 4061 568 4114 13.

217 4217 230 4274 ‘-
248 4209 269 4246 ε.
288 4195 428 4260 ὃιςοεείιυ.
453 4197 675 4250 6οῑι1ετ.ῖε1είοο.
697 4199 717 4250 l.
737 4207 760 4250 ει
778 4199 803 4251 4.
890 4215 910 4252 ε.
930 4202 1029 4264 Seguer.
1055 4209 1079 4252 ιι
1096 4199 1237 4253 λεηλατεῖ
1261 4187 1338 4267 γοῦν.
1369 4199 1450 4249 lidan

212 4259 371 4326 υιγέστηκεν.
393 4266 457 4318 editi
467 4267 556 4332 aliique
566 4259 726 4333 ὑφίσταται.
752 4267 805 4320 Mox
855 4269 930 4331 μταΙο
949 4281 1006 4334 post
1023 4279 1046 4319 ει
1065 4271 1121 4332 fleg.
1140 4261 1205 4319 αῦδλ
1223 4262 1342 4318 δυνατόν
1357 4279 1383 4316 τι
1399 4279 1458 4330 γῆν

214 4331 271 4408 λης.
290 4331 396 4384 Felckm.
409 4335 501 4384 4015.
520 4332 575 4392 ζῶν
592 4329 652 4384 ἐστι
668 4329 715 4384 καὶ
731 4329 803 4404 ἐνερ-
854 4331 963 4386 νίσθαι.
1000 4337 1106 4388 Felckm.
1125 4338 1149 4389 4.
1168 4337 1226 4388 ibid.
1245 4329 1309 4388 οῦδὲ
1326 4333 1423 4396 ζητεῖν.

211 4401 379 4463 mominis
397 4393 412 4448 5
430 4393 511 4465 λόγος
528 4401 578 4452 τοῦ
595 4402 671 4454 θεοῦ.

246 4467 270 4516 b.
288 4469 429 4530 segusa-ian.
446 4469 598 4538 μερισμῶν.
637 4471 709 4524 Βτείῖ.
727 4472 801 4540 paulo

155 4603 163 4610 ι
210 4542 268 4600 post
283 4551 328 4601 pro
345 4532 453 4604 μυελῶν
463 4540 542 4588 -habet
557 4535 657 4606 μελῶν.

888 4437 912 4489 δ.
930 4438 1030 4500 Seguer.
1042 4446 1066 4488 ει
1076 4437 1207 4490 ῖεΙιΙιιο.λ
1226 4431 1314 4505 ῦςιιερ
1330 4429 1442 4502 εἴρηται

852 4505 906 4557 {ox
923 4507 1025 4572 Seguer.
1041 4499 1088 4566 κτλ
1104 4503 1163 4561 πῶς
1181 4499 1355 4575 ῦσαύγατμτ.
