3072 5056
403 383 601 430 sauromata
617 381 937 428 snarsnrmmonrsu.
1121 415 1124 421 ,
1224 367 1284 432 123

84 535 131 610 „in
149 535 200 599 dia
220 535 341 618 epistola
362 535 484 617 scripsi,
513 533 620 616 quibus
647 521 882 598 criminationem
905 552 1008 598 eorum
1037 532 1138 616 depuli
1160 535 1370 597 menda-ems.

82 653 214 718 „comque
235 637 366 712 ostendi,
387 655 444 717 qna
465 635 584 700 aiebant
604 655 652 698 me
674 636 824 700 Christum
845 653 953 716 negare
975 653 1045 699 esse
1066 636 1128 698 Deo
1151 635 1284 700 consub-

83 739 266 812 „stentidem
310 739 443 800 Tametsi
475 737 554 800 eninr
586 739 681 800 fateor
711 755 761 800 me
788 738 845 798 boc
871 737 1044 800 rombuium
1076 755 1221 817 nusquam
1254 737 1286 799 in

83 839 250 921 „seripturis
271 839 366 902 sacris
387 839 433 902 vel
454 839 606 902 invenisse
627 838 673 900 vel
697 839 823 918 legisse,
853 846 981 900 attamen
1009 847 1179 918 argumenta
1208 857 1284 912 mea,

84 959 167 1020 ,gine
186 941 405 1020 subsequuntur
426 959 560 1020 quaeque
581 941 631 1002 isli
653 947 818 1013 umerum,
840 939 877 1002 ab
901 940 956 1002 bac
976 941 1121 1002 sententia
1140 939 1214 1002 nibil
1236 939 1284 1002 di·

84 1052 236 1121 „serepaot
280 1041 396 1103 Etenim
419 1041 576 1104 humanam
598 1041 714 1122 prolem
737 1042 768 1103 in
791 1041 955 1121 exemplum
977 1039 1072 1112 attuli,
1098 1059 1184 1120 quam
1206 1047 1288 1120 patet

83 1161 162 1216 „esse
181 1142 316 1206 eiusdem
337 1143 456 1222 generis
478 1161 513 1205 ac
533 1143 709 1222 genitorem,
732 1142 851 1222 dixique
874 1159 977 1204 revera
999 1142 1030 1203 in
1047 1141 1105 1203 boc
1119 1140 1217 1204 solum
1231 1159 1287 1220 pa·

81 1251 189 1316 „rentes
209 1243 331 1306 dillerre
360 1261 377 1306 a
404 1243 492 1318 liliis,
522 1243 602 1324 quod
624 1243 684 1324 ipsi
704 1261 766 1306 uon
788 1243 850 1336 s'gct
870 1243 941 1318 fllii3
970 1242 1042 1305 alias
1071 1259 1199 1305 necesse
1223 1243 1288 1304 iore

82 1362 186 1424 „neque
206 1353 345 1424 parentes
368 1343 497 1408 existere
519 1363 616 1425 neque
637 1344 726 1408 lilios.
770 1344 932 1426 Epistolam
954 1352 1063 1416 autem,
1085 1351 1119 1405 ut
1135 1351 1204 1406 ante
1218 1341 1288 1416 diri,

81 1445 136 1518 „ob
153 1453 340 1525 praesentem
362 1463 463 1508 rerum
485 1445 701 1521 conditionem,
729 1464 822 1526 penes
850 1465 898 1508 me
926 1463 987 1506 non
1015 1444 1126 1518 babc03
1158 1443 1290 1523 alioquin

80 1545 155 1626 „ipsa
175 1546 225 1608 tibi
247 1565 326 1626 quae
346 1553 417 1608 tunc
438 1547 544 1626 scripsi
566 1547 671 1622 verba,
699 1547 759 1610 imo
782 1548 924 1627 epistolae
947 1547 1036 1608 totius
1060 1545 1210 1625 exemplar
1228 1542 1289 1605 mi·

79 1647 217 1721 „sisscm‚
240 1647 413 1728 mittamque
436 1647 463 1709 si
486 1648 604 1728 quando
626 1648 698 1710 mibi
720 1649 785 1711 eius
808 1648 892 1728 eopia
915 1647 1013 1710 luerit.
1056 1645 1176 1708 Memini
1197 1661 1289 1725 porro

78 1765 140 1821 „me
159 1749 302 1828 plurimas
332 1767 368 1810 ex
396 1747 487 1811 rebus
516 1748 594 1810 inter
621 1767 655 1812 ss
683 1748 816 1830 cognatis
843 1748 1053 1812 similitudines
1082 1745 1289 1826 conglobasse.

78 1849 205 1921 „Etenim
226 1850 359 1930 plantam
381 1850 445 1912 sire
472 1869 508 1912 ex
539 1850 654 1912 semine
684 1851 747 1914 sive
769 1867 805 1912 ex
826 1849 925 1912 radice
947 1857 1183 1912 succrescentem
1205 1845 1290 1908 ιιΙίιιιι

78 1949 152 2022 „dixi
173 1969 241 2012 esse
264 1951 302 2012 ab
325 1969 379 2024 eo,
402 1950 487 2012 'unde
514 1949 680 2031 pullularit,
714 1952 771 2013 etsi
793 1951 928 2014 eiusdem
951 1949 1072 2012 omnino
1092 1949 1132 2012 sit
1152 1955 1290 2021 naturam

78 2051 272 2134 ‚dariumque
293 2071 310 2112 a
332 2053 414 2114 lente
435 2051 575 2114 liuentem
597 2053 683 2115 aliem
705 2055 831 2114 lennem
854 2061 884 2114 et
898 2069 1007 2114 nomen
1022 2051 1172 2132 accipere:
1193 2067 1374 2129 nequeumt.

78 2153 170 2226 „euim
191 2163 242 2216 aut
267 2155 380 2216 iontem
408 2152 546 2228 durium,
578 2161 629 2216 aut
656 2151 776 2216 durium
803 2155 915 2216 iontem
944 2153 1018 2228 diei3
1050 2152 1104 2214 sed
1132 2161 1291 2230 utrumque

79 2253 227 2328 „existere
249 2273 288 2317 ac
308 2256 419 2317 iontem
442 2255 525 2334 quasi
548 2255 664 2317 Patrem
687 2273 765 2330 esse,
788 2255 908 2317 durium
931 2273 1001 2317 vero
1023 2271 1128 2334 aquam
1150 2271 1187 2315 ex
1208 2254 1292 2318 toute

79 2365 270 2426 „manantem
315 2354 376 2416 Sed
396 2355 470 2418 baec
491 2355 611 2435 quiden
633 2365 663 2441 et
684 2356 790 2420 similia
811 2357 920 2438 scripta
947 2373 980 2419 se
1003 2373 1063 2418 non
1087 2355 1185 2417 ridere
1207 2351 1292 2433 quasi

79 2457 292 2524 „caecutientes
315 2456 517 2530 dissimulaut3
550 2455 664 2520 duabus
687 2467 784 2520 autem
806 2458 919 2520 voculis
942 2455 1116 2519 inconnexis
1139 2453 1226 2535 quasi
1246 2454 1292 2515 la·

79 2556 206 2635 „pidibus
229 2558 350 2620 eminus
373 2575 422 2620 me
443 2556 587 2637 impetere
609 2567 769 2634 conantur,
791 2577 853 2622 uon
875 2558 1078 2632 advertentes,
1100 2553 1293 2637 perobscuris

78 2657 188 2734 „rebus
211 2677 291 2740 quae
312 2667 345 2721 ot
366 2657 567 2738 intedigantur
587 2659 739 2723 additione
761 2661 903 2739 indigent,
925 2659 1100 2738 plerumque
1119 2673 1181 2717 nou
1202 2654 1292 2716 modo

77 2757 184 2830 „aliem
204 2760 260 2823 sed
285 2769 315 2822 et
336 2759 483 2822 contraria
505 2761 639 2840 exempla
659 2761 755 2823 lucem
776 2762 917 2823 aderre.“
950 2759 983 2820 ln
998 2757 1087 2820 tertio
1103 2763 1201 2818 eutem
1216 2753 1292 2816 libro

77 2857 121 2918 ait:
142 2857 225 2934 „Vita
248 2879 288 2922 ex
308 2861 366 2922 rita
387 2859 485 2940 genita
508 2869 563 2932 est,
588 2859 839 2942 quemadmodum
861 2861 971 2922 flumen
994 2879 1010 2920 a
1032 2861 1115 2920 lente
1137 2854 1292 2928 ammovit

78 2967 125 3029 „et
143 2979 159 3021 a
179 2959 246 3024 luce
270 2960 430 3024 inextincta
452 2961 606 3042 splendida
628 2963 678 3026 lux
698 2980 820 3024 accensa
843 2967 922 3024 est“

151 3165 199 3228 19.
245 3161 302 3224 llis
324 3162 449 3236 auditis,
478 3163 545 3243 quis
572 3182 634 3226 non
656 3162 788 3226 insaniae
810 3163 950 3244 deinceps
973 3180 1026 3225 eos
1049 3159 1214 3232 accusabit,
1243 3157 1294 3237 qui

75 3257 236 3342 Dionysium
259 3263 396 3326 Arianice
419 3264 531 3326 sentire
554 3263 764 3344 suspicantur?
807 3263 868 3328 Nae
895 3263 944 3328 ille
971 3263 1019 3324 his
1046 3258 1229 3342 argumentis
1257 3256 1294 3320 ab

75 3359 129 3438 ipsa
148 3364 275 3428 veritate
302 3363 444 3445 proiectis
472 3372 565 3427 totam
586 3364 649 3428 Arii
676 3365 804 3446 proterit
833 3363 992 3427 baeresim.
1035 3362 1109 3425 Nam
1130 3360 1202 3424 illud
1225 3358 1296 3423 Noa

77 3473 134 3523 erat
151 3469 340 3547 prtoepoom·
355 3469 532 3546 maceratur
553 3474 584 3529 et
597 3465 676 3530 Broc
697 3467 816 3548 quondo
838 3483 902 3528 acc
924 3475 992 3528 croc
1014 3461 1183 3545 splendoris
1203 3477 1294 3524 voca·

75 3558 136 3622 bulo
156 3567 300 3640 confutet,
322 3583 461 3628 necnon
483 3565 530 3628 bis
553 3566 667 3630 verbis:
691 3566 801 3643 „Pater
822 3566 886 3628 eius
907 3583 1057 3646 uunquam
1080 3564 1193 3644 absque
1211 3561 1296 3643 prole

78 3661 150 3723 init*¹
193 3666 270 3729 lllud
304 3674 402 3728 autem
429 3666 509 3746 quod
538 3667 622 3730 aiunt
647 3687 686 3732 ee
712 3667 995 3754 oca-metentibus
1022 3665 1131 3728 refellit
1157 3661 1295 3734 diceudo,

78 3761 193 3828 Verbum
214 3785 286 3830 esse
306 3766 391 3848 quasi
412 3767 535 3830 durium
557 3787 594 3830 ex
615 3769 712 3844 fonte,
740 3777 775 3831 nt
794 3787 915 3849 germen
942 3767 1114 3840 antedius,
1143 3763 1236 3826 lilium
1259 3779 1296 3822 ex

76 3874 198 3941 pueota,
219 3867 322 3932 lumen
345 3886 381 3930 ex
402 3867 514 3930 lumine
536 3876 567 3932 et
586 3868 674 3932 vitem
697 3889 732 3934 ex
753 3869 823 3932 rita.
868 3869 956 3942 Quod
977 3876 1076 3930 autem
1098 3865 1139 3928 illi
1155 3867 1297 3945 separant

78 4049 170 4102 medear
178 4061 287 4106 nterea
312 4053 374 4105 Editi
393 4047 555 4122 ὅμὸιοφνέι.
581 4054 658 4106 Paulo
710 4047 783 4104 tect.
820 4054 895 4106 lanio
920 4061 977 4118 post
1000 4053 1098 4104 Tauno.
1117 4049 1188 4101 coit.
1207 4049 1253 4100 les.
1272 4057 1296 4100 et

77 4123 126 4192 post
142 4117 239 4171 Tauria.
260 4121 331 4172 colb.
349 4121 396 4172 les.
416 4123 455 4173 l'r.
466 4121 483 4171 l.
501 4115 548 4170 tol
565 4119 658 4188 σχῆμα
711 4121 748 4172 rr.
769 4121 786 4172 l.
804 4135 841 4188 με
858 4113 981 4185 deinter,
1001 4128 1024 4170 et
1043 4121 1074 4169 ita
1093 4117 1151 4180 legit
1169 4125 1236 4168 retus
1254 4117 1295 4166 ln·

78 4193 125 4229 aaa.
167 4245 175 4262 ,
709 4197 785 4254 tarpr.
820 4189 883 4238 tntu
900 4201 957 4238 rere
976 4200 1030 4238 eum
1050 4185 1123 4248 lieglo
1141 4177 1301 4252 ἔμβύὶλεινι.

108 4263 127 4298 e.
143 4264 193 4300 τον
216 4263 274 4306 ants
297 4252 406 4321 πατέρα
428 4265 453 4307 et
478 4249 656 4308 meracitate

78 4303 170 4388 iltis,
189 4335 254 4386 quae
273 4324 297 4374 iu
315 4325 387 4374 edalo
399 4323 550 4387 legebantur,
568 4324 657 4374 desunt
709 4355 727 4406 Ε

80 4395 99 4455 ιι
116 4385 168 4448 lleg.
186 4389 285 4440 Tauria.
304 4391 376 4441 Colb.
394 4390 458 4452 les,
475 4391 518 4440 sed
538 4391 657 4442 bibentur

81 4461 100 4496 ιι
116 4450 154 4501 lib.
172 4453 203 4504 de
221 4457 340 4520 synodis,
365 4459 406 4508 nbi
424 4459 484 4508 bace
501 4459 574 4508 rerba
591 4459 657 4508 rele-
745 4458 768 4507 b.
790 4458 832 4508 Slc
856 4457 912 4519 llcg.
932 4455 1029 4508 louein.
1055 4456 1100 4508 les
1125 4455 1199 4506 Basil.
1218 4455 1266 4530 l'r..
1275 4451 1294 4500 l·

81 4525 162 4568 motor.
711 4525 774 4576 ddici
797 4539 854 4575 vero
879 4524 995 4577 mendose
1011 4524 1063 4575 τοῦ
1081 4519 1120 4582 dd,
1139 4514 1169 4580 ἐξ
1184 4513 1233 4571 οὒκ
1250 4529 1284 4566 0‘¹

109 4585 125 4632 l,
149 4587 190 4639 sie
217 4589 275 4654 llcg.
303 4591 401 4643 lanum
426 4592 472 4644 lca.
514 4593 578 4644 tata
601 4591 660 4647 eois
711 4605 769 4643 τιιν
787 4583 881 4644 aava.

742 4305 765 4356 g.
783 4290 824 4342 Sic
848 4289 905 4368 κισ.
930 4287 1028 4338 Tauria.
1053 4285 1194 4366 Celbelea.
1219 4287 1257 4338 l'r.
1275 4285 1293 4336 1.

729 4357 772 4408 diti
789 4347 819 4406 iu
836 4369 883 4421 τῳ.
922 4353 975 4406 lion
992 4353 1039 4406 les.
1058 4345 1185 4422 ἐγενηθη.
