3110 5064
366 383 509 428 sersroca
526 385 562 428 oa
578 386 720 431 cacerris
736 389 880 434 arcanuia
896 392 1014 435 sruonr.
1268 383 1305 444 te

91 534 222 607 Iudaicae,
245 535 289 598 uti
310 535 368 597 iam
390 535 461 613 dixi,
483 537 632 618 nequitiae
653 539 789 602 imitatio.
833 539 985 622 Siquidem
1001 543 1113 619 ludaei,
1135 563 1201 608 eum
1217 563 1233 608 a
1252 557 1393 608 re-l‘eue.

89 637 167 697 ritate
198 636 324 698 convicti
359 629 462 701 oculos
495 651 596 704 eontra
626 660 691 704 eam
719 641 853 706 attollere
874 645 1101 720 nonsalerent,
1134 646 1303 710 huiusmodi

89 737 369 816 interrogatiunculis
397 759 430 802 se
459 739 652 821 obtegebant:
689 743 779 815 Qaaod
801 756 832 807 tu
854 745 932 825 [ocia
954 751 1072 828 riguum
1094 759 1128 810 ut
1150 751 1305 813 oidaceuta

88 851 112 900 et
132 840 286 902 credamus
308 839 386 904 tibi?
433 843 513 916 Quid
536 842 702 924 operaria?
746 845 930 924 Quamquam
949 855 1000 908 tot
1025 848 1108 928 signa
1131 849 1248 924 tierent,
1272 857 1390 910 utrem.

88 940 165 1000 etiarn
186 941 244 1020 ipsi
268 953 444 1022 cogerentur
458 943 572 1005 dicere:
600 945 681 1020 Quid
695 947 834 1024 fecimus,
859 951 928 1025 quie
944 947 990 1008 lic
1005 947 1091 1011 homo
1106 951 1202 1013 multo
1217 955 1303 1030 arguo

87 1040 177 1118 socie?
219 1041 295 1104 Nam
321 1045 432 1106 mortui
455 1045 672 1118 excitabantur,
702 1045 797 1107 claudi
820 1046 1023 1121 ambulabant,
1052 1049 1191 1113 ridebant
1213 1053 1302 1124 caeci,
1349 1093 1353 1101 -
1454 1034 1457 1043 Δ

87 1141 184 1220 leprosi
212 1145 431 1224 purgabantur,
467 1165 540 1225 aqua
569 1147 736 1208 mutabatur
764 1147 793 1208 iu
823 1147 940 1220 vinum,
976 1157 1004 1210 et
1026 1149 1155 1228 quinque
1177 1151 1302 1230 panibus

86 1243 202 1322 quinque
225 1246 320 1306 millia
344 1247 496 1308 hominum
520 1256 592 1308 scrut
612 1247 745 1310 saturati.
791 1247 866 1309 llinc
889 1267 993 1311 ornares
1011 1250 1130 1328 quidem
1145 1250 1303 1316 [lominum

85 1344 299 1408 admirabantur
332 1357 361 1408 el
389 1347 552 1410 adorabant
580 1348 803 1427 latabanturque
832 1350 862 1410 in
890 1351 958 1429 ipso
988 1350 1303 1432 impleri-prophetias

85 1463 198 1525 eumque
220 1447 317 1509 Deum
341 1459 371 1508 et
392 1449 496 1512 Filium
520 1447 572 1510 Dei
595 1469 674 1510 esse.
718 1449 781 1510 Soli
803 1459 900 1516 atatem
923 1450 1082 1528 Pharisaei,
1107 1455 1223 1516 tametsi
1240 1453 1304 1518 sole

84 1546 195 1609 clariora
223 1557 312 1610 erant
340 1541 443 1628 signa,
474 1549 667 1612 nibilominus
696 1561 834 1631 tanquam
863 1551 991 1630 imperiti
1020 1553 1243 1616 murmurabant
1274 1563 1302 1617 et

83 1648 202 1710 aiebant:
226 1651 329 1724 Quare
352 1665 386 1716 tu
409 1651 495 1714 homo
520 1671 585 1715 naua
607 1658 649 1714 sis
671 1653 749 1730 socia
774 1658 901 1734 teipsum
913 1651 1034 1714 Deum?
1063 1655 1149 1716 Stulti
1166 1656 1300 1736 prolecto

84 1767 198 1829 uereque
227 1761 331 1814 mente
359 1755 454 1824 caeci,
482 1771 557 1832 quos
587 1753 698 1814 scilieet
720 1753 818 1832 potius
842 1753 881 1814 ita
903 1755 985 1832 loqui
1008 1755 1171 1818 decuisset:
1203 1756 1302 1828 Quare

83 1859 109 1910 tu
129 1849 203 1914 [leus
226 1871 298 1915 cum
321 1856 364 1914 sis
388 1855 479 1916 lromo
502 1856 597 1916 lactus
620 1853 677 1916 es?
723 1854 875 1934 Siquidem
897 1855 990 1916 Deum
1014 1856 1094 1918 illum
1118 1876 1187 1918 esse
1210 1873 1301 1939 opera

83 1951 138 2030 ipsa
158 1953 367 2017 ostendebant.
411 1956 455 2017 lta
476 1955 555 2028 enirn
579 1955 619 2016 illi
643 1953 778 2018 etPatris
800 1955 1011 2035 benignitatem
1026 1958 1156 2020 luissent
1172 1959 1301 2020 venerati

83 2061 107 2112 et
130 2054 204 2117 illius
233 2057 341 2118 iactam
374 2057 470 2118 nostri
498 2075 584 2118 causa
614 2057 868 2138 dispensationem
890 2075 950 2119 non
972 2058 1143 2138 potuissent
1163 2077 1224 2120 non
1246 2059 1300 2120 ad-

83 2155 181 2217 mirari.
228 2157 337 2220 Verum
361 2168 475 2221 tantuna
497 2157 608 2232 aberat,
633 2167 664 2219 ut
686 2157 715 2218 id
739 2157 881 2230 dicerent,
905 2167 938 2220 ul
960 2160 1048 2222 etiam
1071 2179 1126 2222 nee
1148 2179 1221 2240 quae
1244 2161 1299 2220 tie-
1370 2178 1376 2189 ·

82 2253 142 2317 bant
161 2259 270 2323 vehent
294 2260 409 2334 ridero;
431 2259 476 2320 rel
500 2259 527 2320 si
548 2258 686 2321 videbant
701 2262 767 2332 (uec
782 2261 860 2321 enirn
876 2261 934 2322 ista
949 2267 1086 2342 poterant
1100 2279 1161 2322 non
1177 2261 1299 2338 ridere),

82 2376 175 2421 rursus
197 2361 234 2424 ad
257 2361 348 2423 aliam
370 2361 577 2441 confugiebant
598 2361 759 2440 querelam.
804 2361 863 2422 Cur
878 2361 1017 2434 Sabbato,
1041 2362 1222 2442 inquiebant,
1244 2381 1300 2442 pa·

82 2459 218 2538 ralpticum
241 2479 334 2526 sanas
356 2471 385 2524 et
406 2463 503 2525 visum
525 2483 612 2526 caeco
636 2471 705 2524 nato
730 2461 888 2526 restituis?
931 2463 1010 2525 llaec
1032 2471 1130 2526 autem
1145 2464 1299 2544 speciosae

83 2559 216 2626 dunhxat
238 2583 350 2626 musae
371 2575 465 2636 erant,
487 2565 619 2644 nihilque
640 2563 728 2636 aliud,
752 2563 808 2625 nisi
831 2581 944 2626 merum
967 2583 1110 2627 murmur.
1154 2565 1198 2626 llli
1221 2566 1300 2626 enim

84 2661 172 2737 etiam,
194 2685 263 2728 cum
289 2666 354 2727 aliis
378 2665 483 2728 diebus
507 2667 648 2729 Dominus
671 2685 790 2726 ornrrem
813 2665 949 2726 morbum
972 2675 1003 2726 et
1024 2666 1223 2728 infirmitatem
1246 2683 1297 2726 aa·

83 2774 169 2840 naret,
196 2787 287 2828 more
308 2767 398 2828 solito
421 2767 678 2846 conquerebantur
700 2766 907 2844 malebantque
929 2765 1082 2828 beelzebul
1106 2785 1173 2828 eum
1195 2765 1299 2844 appel-

82 2861 165 2926 lantes
195 2868 225 2930 in
249 2868 412 2946 impietatis
437 2867 638 2950 suspicionem
660 2867 778 2938 venire,
808 2885 896 2945 quam
918 2867 1069 2945 propriam
1093 2865 1221 2930 abiicere
1241 2885 1298 2926 nc-

82 2966 198 3042 quitiam.
244 2969 324 3032 llinc
345 2969 413 3032 licet
428 2969 564 3032 Salvator
585 2969 674 3031 variis
697 2967 857 3047 mudtisqoe
879 2967 976 3032 modia
998 2987 1082 3032 suam
1104 2969 1168 3048 ipse
1190 2965 1298 3030 divini-

82 3071 159 3130 tatem
181 3071 374 3150 patefaceret,
398 3071 552 3152 Patrisque
575 3061 775 3150 cognitionem
799 3087 903 3132 omnes
925 3069 1080 3145 edoceret,
1104 3069 1145 3134 illi
1167 3068 1300 3132 velutin

83 3169 207 3232 stimulos
231 3171 435 3246 calcitrantes,
460 3173 549 3234 stulte
571 3171 750 3235 blaterantes
774 3170 1028 3246 contradicebant,
1055 3171 1143 3251 idque
1165 3179 1296 3232 tantum·

81 3271 213 3334 modoet
234 3275 318 3339 iona
341 3273 470 3335 divinum
494 3272 682 3352 proverbium
705 3272 877 3353 excogitatis
900 3271 1107 3336 occasionibus
1130 3291 1163 3336 se
1179 3272 1298 3352 ipsosa

82 3371 189 3436 rerihte
210 3382 396 3454 separarent.

153 3579 181 3640 2.
226 3578 330 3656 ltaque
352 3577 461 3649 ludaei,
485 3578 535 3656 qui
557 3585 617 3640 tam
638 3576 773 3656 improbe
788 3575 946 3642 Dominum
967 3577 1122 3657 negabant,
1145 3577 1209 3640 iure
1229 3595 1295 3640 me-

82 3673 131 3735 rito
150 3685 177 3738 et
198 3679 296 3759 legum
320 3687 349 3740 et
372 3679 515 3753 omnium,
538 3697 612 3758 quae
635 3678 772 3741 Patribus
795 3677 946 3759 promissa
961 3679 1053 3752 lucre,
1077 3687 1212 3759 expertes
1228 3679 1296 3742 lacti

82 3787 149 3838 sunt
191 3779 292 3842 hmani
313 3797 396 3854 rero,
420 3779 470 3860 qui
491 3779 618 3844 ludaeos
640 3779 729 3842 hodie
752 3779 914 3852 imitantur,
936 3779 1063 3859 Caiphae
1086 3788 1116 3840 et
1136 3781 1297 3844 Pharisae-

81 3893 156 3940 orum
181 3881 256 3943 mibi
277 3881 415 3943 ridentur
437 3899 506 3944 esse
528 3880 606 3943 baud
628 3881 797 3944 dissimiles.
843 3879 916 3942 Cum
939 3881 1017 3942 enirn
1040 3899 1124 3942 suam
1147 3879 1296 3942 haeresim

82 3977 160 4054 uihil,
194 3981 274 4062 quod
303 3981 410 4044 rationi
433 3982 473 4044 sit
495 3991 745 4057 consentancum,
775 3982 928 4045 continere
957 3981 1089 4055 rideant,
1123 3980 1295 4044 occasiones

80 4080 180 4154 pariter
200 4085 388 4164 confingunt,
419 4103 486 4146 curn
507 4085 565 4148 hoc
586 4093 671 4166 pacto
694 4086 893 4165 interrogant:
924 4084 985 4146 Cur
1006 4083 1064 4142 hoc
1084 4081 1186 4176 potius
1208 4100 1295 4162 quam

81 4177 141 4241 illud
161 4183 304 4264 scripturn
327 4183 400 4248 esti
442 4183 550 4248 Verum
572 4203 610 4250 ne
632 4187 765 4262 mireris,
789 4187 814 4249 si
837 4201 915 4248 nunc
935 4183 975 4244 ita
998 4201 1031 4244 ae
1053 4189 1170 4260 gerant:
1199 4185 1293 4266 siqui-

84 4397 116 4460 li,
135 4401 155 4450 1.
173 4399 367 4519 npoqdearc
351 4397 455 4466 anei'
440 4401 509 4476 ανὴρ
526 4398 679 4474 βουλόμε-
708 4409 745 4458 nis
769 4407 821 4458 sois
844 4402 951 4469 querella
976 4404 1118 4457 occasiones
1135 4405 1295 4472 quaerebant,

82 4479 121 4520 ”r
131 4483 191 4536 χωρ
205 4463 334 4528 (ausast
316 4467 372 4523 aad
391 4469 491 4542 φίλων.
528 4477 554 4527 ld
572 4485 618 4537 est,
628 4484 655 4526 ot
707 4483 733 4526 ot
750 4489 764 4524 a
781 4473 879 4524 ueritate
897 4471 1047 4526 recederent

83 4531 144 4586 babet
159 4543 260 4603 volgata,
277 4547 412 4598 mommo
430 4545 528 4609 q,uaerlt
548 4548 589 4612 qui
604 4546 654 4596 ault
739 4557 761 4594 e.
778 4542 820 4592 sae
843 4535 930 4604 Rediit!
953 4555 998 4594 ma.
1039 4541 1149 4598 adiuva
1221 4546 1225 4550 ’

83 4605 174 4658 recedere
191 4611 227 4660 ab
237 4613 318 4665 mico
353 4611 395 4664 ste
413 4617 499 4675 nempe
516 4611 599 4664 Ariani
612 4627 653 4664 ra·
705 4605 758 4676 ptr
773 4603 837 4678 yde·
1053 4673 1092 4725 μ
