3072 5056
392 381 537 430 eremum
552 383 591 428 ne
606 379 773 428 maumam
788 381 931 428 arsuram.
1005 395 1023 436 0
1217 368 1276 432 tot

74 533 187 598 monium
213 544 311 600 conae
340 535 500 598 sabellium
527 535 678 616 scriptam.
721 533 852 596 Tametsi
880 533 957 596 enim
987 517 1148 596 humilibus
1175 533 1361 597 verbiarsm.

75 646 99 698 et
115 637 244 718 exemplis
266 645 314 699 est
334 655 424 711 usus,
458 645 489 699 at
515 636 563 698 illa
592 644 663 698 sunt
683 653 719 698 ex
742 635 909 714 Evangeliis
932 636 1101 714 depromta,
1133 635 1277 714 adestque

74 737 106 798 illi
123 738 241 816 lepitim
262 739 335 800 haec
356 737 562 802 mnscribeudi
584 755 692 811 cauea,
721 735 883 798 Salvatoris
911 735 1026 799 scilicet
1051 735 1082 797 in
1111 753 1200 798 carne
1222 735 1277 798 ad-

73 847 169 914 tentus,
189 849 310 920 propter
330 857 418 919 quem
439 839 514 902 haec
534 848 564 900 et
585 837 693 901 similia
715 837 826 917 scripta
849 844 927 899 sunt.
971 835 1044 898 Nam
1067 844 1101 898 nt
1120 835 1186 916 ipse
1202 835 1277 898 Ver-

74 939 130 1000 bnn
149 950 190 1003 est
209 941 276 1014 liei,
307 942 348 1003 ita
375 949 481 1022 postea
507 941 633 1004 Verbum
664 957 735 1002 coro
762 941 879 1019 samum
912 949 965 1001 est.
1010 937 1047 999 m
1073 942 1106 1000 iu
1124 941 1277 1020 prriteipe'e

75 1041 171 1118 quiden
191 1055 257 1107 erot
283 1042 422 1114 Verbum,
453 1041 540 1122 lungo
562 1049 660 1104 antem
683 1041 760 1106 circa
782 1039 1070 1103 consummationem
1092 1040 1278 1102 saeculorum

74 1145 100 1200 ie
118 1153 192 1206 atrro
214 1143 332 1214 labarit,
361 1143 564 1223 hominesque
592 1143 683 1205 horno
709 1143 803 1205 laetus
832 1149 888 1204 ast.
931 1141 1026 1221 Atque
1052 1157 1131 1203 unus
1160 1141 1278 1220 quidem

73 1251 121 1314 est,
149 1244 193 1322 qni
221 1243 336 1306 dnahns
363 1244 422 1306 illis
444 1245 600 1307 sententiis
622 1245 784 1316 indicetur,
813 1259 882 1304 nam
908 1242 1035 1306 Verbum
1062 1259 1135 1304 earu
1162 1242 1279 1321 [comm

73 1356 116 1405 est.
154 1344 230 1416 Quae
251 1363 345 1424 porro
368 1347 406 1407 dc
426 1343 578 1408 diuinitate
599 1355 629 1408 et
651 1345 687 1408 de
709 1344 891 1406 humanitate
913 1343 978 1406 eius
1001 1343 1077 1406 diota
1100 1347 1180 1416 aaut,
1202 1359 1277 1421 pro-

71 1445 148 1522 priam
167 1456 196 1508 et
215 1446 376 1526 animique
397 1464 456 1526 quo
479 1449 516 1509 de
531 1448 627 1528 agitur
641 1453 853 1526 congruentem
867 1443 978 1506 hahent
991 1443 1278 1523 interpretationem,

70 1543 102 1605 ita
120 1555 148 1606 nt
166 1547 212 1626 qui
233 1547 363 1608 bumana
386 1547 474 1612 Verbi
497 1547 610 1622 scribit,
633 1548 697 1610 eius
719 1565 836 1626 proque
859 1546 1040 1608 divinitatem
1061 1552 1225 1624 agnoscet,
1249 1549 1279 1605 et

70 1645 109 1724 qui
127 1647 159 1708 de
179 1647 329 1710 divinitate
350 1648 494 1728 loqrritur,
516 1649 639 1712 minume
660 1647 700 1730 ait
722 1648 841 1728 ignarus
864 1665 983 1720 eorum,
1014 1664 1089 1725 quae
1112 1645 1149 1707 ad
1171 1661 1275 1706 earna-

70 1745 114 1808 lem
134 1748 192 1809 cios
212 1749 372 1812 adventurn
394 1759 543 1830 spectant3
573 1750 627 1816 sed
656 1761 689 1812 ut
716 1747 831 1828 peritus
853 1756 882 1810 et
902 1747 1015 1828 probus
1038 1745 1179 1826 trapezita
1200 1745 1278 1806 inter

70 1847 165 1928 singnis
185 1835 373 1930 distinguens
395 1851 425 1912 iu
448 1859 528 1914 reeta
549 1851 667 1932 pietatis
690 1850 808 1912 incedat
828 1848 883 1912 ria.
928 1847 1000 1910 Cum
1030 1847 1120 1927 igitur
1141 1865 1209 1909 enm
1230 1845 1276 1908 la·

68 1959 224 2028 crymantem
246 1950 335 2023 dicit,
363 1951 456 2031 proha
478 1953 577 2026 notit,
605 1951 763 2014 Dominum
785 1949 937 2012 hominem
969 1951 1077 2010 lautum
1099 1947 1196 2027 quoad
1217 1945 1276 2008 hu-

68 2051 214 2114 manitatem
235 2051 381 2131 lacrpmas
396 2053 589 2134 profundere,
612 2062 645 2116 ut
667 2052 760 2116 Deum
782 2069 853 2113 vero
867 2051 1010 2112 Lazarum
1033 2067 1050 2111 a
1071 2047 1198 2110 mortuis
1222 2067 1276 2109 su-

69 2153 164 2224 scitare,
185 2153 270 2215 norit
291 2171 411 2234 quoque
432 2153 515 2218 illum
538 2155 653 2218 esurire
675 2151 870 2234 corporaliter
891 2171 926 2214 ec
940 2149 1079 2214 divitates
1095 2169 1130 2211 ex
1146 2149 1276 2228 quinque

68 2254 171 2328 pachus
191 2251 325 2333 quinque
351 2253 440 2316 millia
469 2256 594 2330 satiare3
621 2272 730 2334 corpus
759 2254 861 2316 itidem
890 2253 1051 2316 humanum
1083 2250 1113 2312 iu
1136 2250 1274 2329 sepulcro

68 2350 145 2414 iacere
164 2354 255 2430 novit,
281 2372 338 2418 nee
359 2356 476 2436 ignorat
497 2356 567 2419 illud
590 2357 687 2437 ipsum
710 2375 726 2416 a
747 2355 844 2418 Verbo
866 2362 900 2415 nt
921 2353 973 2416 liei
995 2369 1105 2432 eorpus
1128 2350 1276 2414 suscitari.

135 2759 180 2821 10.
222 2757 307 2818 llaec
339 2755 403 2835 ipsa
425 2755 537 2820 doeens
558 2758 717 2839 Dionysius
739 2759 770 2822 in
792 2757 918 2838 epistola
938 2757 1059 2837 quidem
1080 2755 1117 2818 ad
1139 2753 1275 2833 Euphra-

66 2871 153 2918 norem
173 2856 430 2932 statuunculam,
454 2877 529 2938 quae
551 2860 589 2922 de
610 2859 761 2922 Salvatore
783 2859 945 2922 secundum
967 2857 1179 2924 humanitatem
1201 2854 1276 2916 dieta

66 2965 136 3030 sunt,
155 2957 310 3022 retellendi
333 2955 452 3020 Sabellii
474 2979 562 3023 eausa
586 2962 717 3042 scripsit.
762 2961 931 3022 Secundum
958 2957 1170 3020 humanitatem
1198 2953 1361 3034 animasse.

66 3055 123 3118 haec
142 3059 176 3120 de
195 3060 246 3122 illo
271 3065 344 3122 sunt
364 3059 494 3140 prolata:
516 3062 580 3142 lipo
602 3068 683 3138 uitia,
707 3075 735 3126 et
755 3075 847 3144 poter
866 3081 951 3124 meua
966 3059 1111 3141 agricolo,
1134 3067 1178 3119 et:
1201 3057 1277 3137 fide-

66 3155 109 3218 lem
128 3164 155 3222 ci
172 3165 222 3242 poi
242 3163 318 3242 serit
340 3165 452 3241 aptum,
474 3180 531 3224 nec
551 3180 612 3225 non
633 3163 719 3226 illud:
744 3167 872 3235 creavit,
897 3171 942 3224 et:
976 3173 1061 3224 tanto
1082 3160 1192 3222 melior
1213 3159 1278 3220 Art-

65 3257 123 3333 pelia
141 3263 251 3340 sortus.
298 3261 549 3342 Neo.ignorahat
567 3273 666 3328 tamen
695 3265 782 3328 sstud:
814 3264 877 3346 llpo
904 3267 938 3325 in
961 3263 1052 3324 Putre
1082 3274 1110 3325 et
1132 3261 1223 3322 Pater
1245 3263 1277 3320 in

65 3377 107 3428 me,
126 3371 167 3424 et:
191 3363 255 3438 Qui
276 3365 358 3426 uidet
378 3383 440 3434 me,
462 3365 543 3426 uidet
565 3375 593 3427 ct
615 3366 754 3440 Patrem3
783 3367 857 3428 haec
879 3364 958 3425 enim
980 3362 1061 3424 illum
1084 3361 1222 3424 norimus
1244 3358 1275 3422 iu

66 3457 117 3521 aliis
136 3464 292 3543 scripsisse
315 3463 461 3543 epistolis,
483 3464 535 3526 ubi
557 3465 629 3528 dum
650 3466 708 3528 ista
730 3473 899 3547 pertractat,
922 3464 1136 3526 humanitatem
1159 3478 1276 3541 quoque

66 3555 162 3625 bomini
182 3573 341 3628 memorat.
385 3565 468 3628 Sient
489 3565 569 3628 enim
592 3585 659 3630 cem
679 3573 714 3630 air
734 3569 838 3648 somno
860 3567 918 3629 Dei
937 3575 1022 3638 cacat,
1047 3583 1112 3626 con
1135 3566 1278 3643 rapiente

66 3662 213 3728 arbitratae
236 3675 284 3729 eet
305 3685 370 3729 ests
391 3667 597 3748 coaequalem
618 3668 698 3742 Deo,
728 3669 782 3731 sed
803 3670 992 3748 semetipsam
1015 3668 1191 3728 catecrooft.
1204 3663 1277 3741 sor·
1397 3693 1400 3704 ·

65 3776 129 3822 man
146 3771 228 3829 aeres·
246 3771 418 3848 accipiens,
441 3777 486 3830 et:
510 3779 677 3833 comesset
699 3771 791 3841 debes
810 3777 942 3850 propter
964 3785 1020 3831 atos
1043 3783 1152 3846 operam
1174 3763 1277 3842 [octos

64 3975 219 4042 Editirrirlr
236 3986 325 4053 σαρκί.
362 3987 415 4038 llox
439 3980 553 4054 δόκιμος
569 4002 634 4055 τρα-
686 3986 846 4056 τραπεζῖται
872 3989 894 4038 in
924 3987 997 4038 nttllis
1023 3986 1069 4034 iam
1100 3980 1278 4045 exemplaribus

65 4043 160 4107 asclepa,
193 4055 308 4106 Clemens
320 4054 386 4106 Alex.
405 4051 579 4120 [pattena.
595 4058 634 4107 ed.
687 4063 771 4107 exstat.
811 4057 939 4106 Familiare
971 4063 1051 4104 umen
1075 4049 1205 4100 Athanasio
1232 4057 1277 4109 est,

65 4111 294 4181 Sabure-strom.
304 4123 324 4182 l,
343 4122 383 4174 28.
398 4125 436 4173 ed.
449 4122 550 4187 Petten]
570 4125 634 4174 hunc
686 4132 710 4174 et
728 4125 833 4188 antiquis
843 4123 964 4182 Patribus,
981 4132 1085 4185 quornm
1104 4118 1145 4168 alii
1164 4131 1192 4168 ex
1210 4117 1277 4167 Pauli

65 4176 130 4232 locem
147 4189 258 4238 erPaulo
277 4190 370 4240 odient:
387 4190 501 4240 streete
514 4186 544 4240 δὲ
562 4185 633 4240 δόκι·
687 4191 808 4256 epistolis,
827 4190 868 4240 alii
887 4205 915 4240 ea
926 4188 1054 4250 Evangelio
1068 4185 1128 4235 illud
1139 4185 1275 4264 dmentem

64 4249 633 4380 'ii-⁸,2i'l}“3bliai}⁹.ffll⁶“iia⁶l⁰''
685 4248 1202 4390 :ttttet‘tttiattt,ltitttt
1224 4267 1276 4313 ”¹⁹

67 4380 155 4454 {lassata
178 4406 226 4441 non
251 4394 298 4442 iam
329 4339 406 4443 exstit
433 4363 497 4458 apud
521 4343 633 4457 erutam
720 4393 836 4444 illaleh.
857 4392 880 4441 3.
908 4359 983 4441 ιιιοιι.Ι
1005 4387 1055 4440 τοῦ
1078 4385 1162 4455 λόγου
1180 4335 1275 4440 ugnerici

67 4451 134 4502 ladem
143 4457 226 4508 saltem
238 4461 316 4510 serbis
327 4475 457 4524 expressa:
477 4461 564 4524 legitur
579 4464 633 4528 qui·
684 4457 783 4527 γέγονε
801 4452 877 4523 σάρξ.
912 4459 943 4509 tt
960 4459 999 4509 hic
1017 4473 1114 4509 rursum
1133 4459 1229 4510 desinit.

69 4513 109 4624 {fit
126 4520 262 4599 LJhessh
289 4526 331 4578 tt.
347 4520 633 4608 uuercderttprdl'sce·
721 4543 743 4591 g.
762 4529 808 4578 les.
827 4521 882 4606 fyad
900 4519 957 4593 alpe
978 4518 993 4586 ἡ
1012 4517 1147 4610 denotem

82 4585 179 4638 ”ultr
201 4565 334 4662 κπὰπε.
369 4597 419 4649 Sed
444 4599 505 4648 allud
524 4593 634 4663 δόκιμοι
721 4597 745 4646 h.
764 4597 862 4647 Tauria.
880 4595 927 4646 les.
937 4596 976 4646 Fr.
987 4596 1005 4645 l.
1025 4609 1065 4643 ων
1083 4610 1097 4643 o
1115 4607 1191 4658 eapte
