3032 5048
454 363 599 409 semrom
613 365 651 406 ro
666 363 846 410 munerun.
1203 351 1267 416 827
1364 411 1368 422 .

15 533 41 576 n
87 535 146 578 ex
190 516 364 598 sapientiae
384 515 552 580 subolum
572 513 711 580 cunstat?
753 515 822 590 Quo
844 517 1023 598 preteriri,
1052 518 1102 598 qui
1129 519 1350 584 dicenturnam

13 617 206 691 ristiani,
235 619 282 680 rel
303 618 452 700 ambigere
474 617 539 680 ausi
561 624 640 691 aunt,
664 617 743 680 sitne
765 617 921 692 Dominus,
943 619 993 698 qui
1014 639 1052 682 ex
1065 621 1157 686 llaria
1178 631 1267 686 natm
1323 681 1330 688 .

12 737 41 790 .‚
86 719 297 782 substantia
326 729 356 782 et
377 727 482 786 natura
504 737 559 782 sua
580 716 671 780 Filias
693 717 762 791 bei,
789 719 952 782 secundum
982 737 1099 784 carnem
1129 741 1200 786 raro
1229 742 1266 787 ex

12 821 126 882 mine
163 819 269 883 David
291 830 322 884 et
342 839 378 883 es
401 809 489 884 earne
503 821 628 884 Sauetae
642 819 752 882 blariae
773 818 882 884 ortus?
925 820 1054 895 Quinam
1076 843 1145 886 rem
1167 844 1202 888 ea
1216 835 1263 889 tc·

12 923 160 985 eritute
190 925 325 997 luerunt,
346 931 381 986 ut
401 923 544 996 dicerent,
565 921 727 997 clamatum,
749 921 800 1002 qui
822 939 911 984 carue
931 941 1043 1004 passus
1063 933 1093 986 et
1107 927 1264 991 mucilisos

12 1031 45 1096 t,
74 1043 169 1086 nou
196 1044 272 1088 esse
293 1025 452 1088 Dominum
473 1035 503 1087 et
523 1024 706 1087 salvatorem
728 1041 763 1086 ac
777 1023 870 1086 Deum
885 1023 1050 1106 liliumque
1063 1025 1185 1090 Patris?
1206 1031 1348 1093 luteres.

11 1127 182 1188 uomodo
209 1127 370 1191 Christiani
390 1127 495 1192 volunt
515 1126 689 1204 umurparr',
711 1125 761 1206 qui
783 1125 885 1188 dicrrut
904 1125 1091 1190 usercam
1112 1127 1263 1192 hominem

11 1229 147 1292 scinde
176 1237 273 1310 atque
294 1230 326 1292 iu
346 1247 438 1292 unum
461 1248 495 1291 ex
515 1227 675 1309 Prophetis
697 1227 818 1292 reabse
839 1228 985 1304 Verbum,
1008 1247 1065 1293 nec
1084 1229 1182 1310 ipsum
1205 1232 1262 1294 ho-

10 1329 128 1392 ninem
158 1331 278 1394 iactuur
300 1331 393 1394 ibisse
414 1349 450 1393 ex
464 1330 553 1395 ituria
567 1347 678 1410 comm
699 1331 891 1406 maumcudo,
912 1331 967 1396 sed
987 1331 1077 1394 alium
1093 1349 1160 1396 case
1175 1332 1262 1396 Chri-

10 1449 109 1508 tum,
139 1441 180 1495 et
203 1432 295 1496 cliuus
317 1433 370 1498 llei
394 1431 534 1505 Verbum,
556 1432 638 1512 quod
659 1439 728 1494 ante
749 1431 869 1494 Mariam
893 1439 923 1496 et
943 1439 1013 1494 auto
1033 1433 1149 1497 seecnla
1171 1434 1263 1499 Filias

9 1545 69 1597 rat
95 1534 241 1600 Patris?
283 1536 341 1597 but
368 1553 426 1616 qna
451 1551 565 1614 quaem
595 1533 713 1596 ratione
738 1533 898 1596 Christiani
926 1534 1053 1609 luerint,
1080 1535 1133 1615 oui
1162 1536 1272 1602 dicunt·
1347 1571 1352 1580 ·

9 1635 106 1698 lium
133 1655 215 1700 csse
237 1635 345 1698 Filium
366 1643 396 1700 ct
416 1635 506 1698 alium
528 1634 581 1697 llei
603 1634 757 1697 Verbum?

100 1741 140 1805 3.
192 1739 276 1801 llaec
295 1738 327 1800 in
348 1735 575 1800 (lummentariie
597 1744 690 1808 oraru,
712 1736 840 1800 dirersis
855 1736 976 1816 quidem
990 1737 1100 1812 verbis,
1122 1739 1176 1802 aad
1190 1741 1260 1820 urri-

9 1862 65 1906 rus
92 1859 165 1903 nna
190 1841 354 1921 eademque
375 1840 523 1904 metentis
536 1839 640 1919 risque
653 1837 835 1919 impietatem
850 1840 1110 1920 mamburnum.
1134 1841 1260 1923 Pmpter

9 1942 56 2005 lla
90 1951 210 2004 mutuo
238 1941 441 2022 disceptabant
468 1941 750 2020 concertabantque,
781 1941 832 2020 qui
860 1940 897 2004 de
924 1943 1117 2006 consessione
1137 1945 1259 2008 Petrum

8 2043 156 2106 dicaeus
178 2042 354 2123 gloriantur.
397 2043 460 2123 ligo
482 2059 553 2106 rere
575 2051 656 2105 tuam
677 2043 802 2104 miratus
824 2061 891 2114 som
919 2044 1077 2123 pietatem,
1105 2063 1180 2126 quae
1209 2065 1259 2110 raa
1286 2089 1296 2109 ·.

7 2147 92 2208 ierat
117 2145 291 2218 eiusmodi,
319 2153 349 2206 et
375 2145 454 2224 qood
481 2161 541 2206 nen
569 2143 627 2206 illia
650 2144 771 2225 quidem
794 2143 861 2208 talia
884 2145 1086 2210 dictitantibus
1108 2147 1257 2212 utendum

7 2247 183 2320 indixerit,
211 2264 268 2308 nec
288 2246 367 2326 piam
388 2245 476 2308 fldem
498 2245 557 2308 illis
577 2243 790 2328 proposuerit,
819 2255 854 2308 ut
874 2247 919 2309 rel
943 2247 1184 2329 obtemperantes
1203 2269 1256 2314 no·

8 2350 225 2428 quiescerent,
246 2348 293 2410 rel
308 2349 333 2410 ai
349 2357 558 2428 repugnarent,
582 2367 637 2428 pro
653 2348 811 2410 haereticis
827 2347 1018 2412 haberentur.
1049 2350 1166 2412 Etenim
1182 2361 1257 2430 quae

13 2451 77 2512 iarn
103 2457 271 2512 memorata
294 2457 374 2524 sunt,
395 2469 492 2530 neque
513 2449 595 2512 dictu
616 2467 713 2530 neque
734 2449 836 2512 auditu
859 2459 929 2513 sunt
944 2450 1122 2514 Christianis
1145 2452 1255 2532 tolera-

10 2537 102 2626 bilia,
137 2551 195 2614 aed
216 2552 252 2614 ab
274 2551 445 2631 Apostolica
466 2550 601 2614 doctriua
622 2551 742 2633 pesitus
765 2551 936 2614 abhorrent.
981 2551 1127 2626 Quocirca
1149 2571 1254 2616 eorum

15 2653 113 2728 dicta,
149 2661 181 2716 ut
206 2653 264 2716 iarn
292 2661 453 2716 memorata
482 2661 570 2726 sunt,
600 2653 675 2735 ipsis
703 2652 803 2714 verbis
832 2651 864 2714 in
886 2651 1018 2732 Epistola
1041 2653 1256 2718 conscribenda

16 2757 142 2828 curari,
171 2763 204 2817 ut
224 2755 361 2837 quisquis
383 2755 526 2828 audierit,
555 2773 660 2818 eorum
688 2753 903 2834 turpitudinem
932 2765 963 2816 et
984 2753 1165 2834 impietatem
1188 2755 1254 2818 aui·

20 2859 198 2922 maduerint.
241 2857 278 2919 lit
305 2857 423 2920 tametsi
452 2857 609 2936 oportehot
636 2855 773 2931 illorum,
806 2856 858 2936 qui
886 2856 959 2918 haec
985 2856 1148 2918 commenti
1174 2865 1254 2929 sunt,

23 2959 180 3021 stultitiam
201 2958 335 3039 pluribus
357 2977 482 3040 arguere
504 2967 534 3021 at
555 2959 718 3031 confutare,
742 2966 870 3020 ettamen
892 2957 988 3022 satius
1010 2957 1117 3020 inisset
1131 2957 1254 3038 Epistu-

26 3061 86 3122 lam
107 3061 167 3123 huc
186 3059 321 3124 desinere
344 3069 374 3124 et
395 3059 469 3123 nibil
489 3061 567 3124 ultm
583 3061 731 3135 scribere3
753 3078 829 3141 quae
843 3061 923 3123 eninr
938 3061 979 3123 ita
994 3059 1152 3122 manifeste
1166 3079 1254 3140 prava

30 3171 314 3236 commonstrantur,
346 3161 493 3243 exagitare
522 3170 553 3224 et
579 3162 727 3225 mucuns
757 3161 897 3242 indagare
924 3179 986 3224 nen
1014 3161 1148 3241 expedit,
1176 3181 1254 3224 nea

32 3263 219 3325 contentiosis
242 3263 413 3326 homiuibus
436 3263 572 3344 ambigua
594 3265 815 3336 existimentur,
837 3265 890 3326 sed
912 3263 1024 3326 scilicit
1044 3262 1092 3325 bis
1113 3263 1254 3328 duutusat

32 3365 128 3426 serbis
150 3365 183 3426 ad
203 3364 249 3426 illa
271 3365 475 3447 respondere:
498 3365 579 3429 llaec
600 3361 768 3429 Catholicae
791 3365 941 3428 Ecclesiae
963 3383 1026 3428 nou
1048 3359 1253 3445 snut,‘neque

37 3483 68 3526 ea
90 3475 134 3528 est
152 3465 264 3528 Petrum
287 3465 441 3528 seruatis.
485 3465 641 3530 Caeterum
663 3487 702 3532 ne
724 3487 759 3530 es
781 3476 927 3548 perpetuo
950 3465 1070 3530 silentio
1092 3466 1251 3546 impuden-

38 3565 93 3626 tiae
114 3567 289 3628 occasionem
311 3567 454 3630 mnlarum
474 3567 516 3630 illi
539 3587 639 3631 rerum
668 3569 800 3632 artifices
818 3568 975 3649 arripiant,
1005 3585 1022 3628 e
1050 3585 1083 3628 re
1106 3567 1196 3630 luerit
1216 3585 1251 3628 en

42 3707 280 3849 φύὺσεὲντέἒωῗιεοονῦᾗ
296 3786 366 3836 editis
384 3787 467 3838 deerat
493 3801 520 3838 ex
538 3802 611 3854 prae-
660 3719 984 3855 γὰῐρνῗὲξῦειῗιιιεὶνῗίρὴ·
1004 3709 1193 3783 mmmm·
1217 3711 1252 3766 τὰ

43 3851 107 3902 diutia
123 3853 247 3906 rectoribus
266 3863 290 3906 et
307 3857 610 3920 exseruerisuurestitui-
695 3889 717 3936 Β,
737 3873 778 3924 sp„
795 3873 896 3934 sum,
911 3871 1009 3924 Gobter.
1028 3869 1166 3921 arratam.
1180 3871 1201 3922 t.
1225 3871 1252 3920 la

45 3933 160 4038 mugiles.
180 3989 215 4038 alii
238 3982 336 4055 λόγον,
361 3991 401 4043 alii
425 3983 488 4040 υἱόν
512 3992 608 4042 habent.
662 3942 732 3992 edim
749 3953 863 4008 “mm

47 4053 92 4104 box
107 4050 154 4124 api
169 4048 277 4108 αἰώνων.
313 4059 354 4110 Sic
373 4074 430 4112 mss.
450 4061 501 4112 lere
514 4073 610 4120 omnes,

48 4119 67 4186 ip
85 4125 145 4173 editis
161 4115 206 4172 clud
224 4117 340 4176 αἰώνων.

77 4189 97 4238 d.
113 4184 165 4239 ulla
178 4195 319 4254 restituimus
338 4209 364 4244 er
390 4208 448 4245 mss.
466 4195 607 4258 Sepuerian.
657 4225 714 4276 τῶν
746 4224 834 4275 ταῦτα
867 4220 1074 4286 διανοηθέντων
1106 4237 1245 4291 “Wit-

51 4253 133 4308 ὓθΜθῐ·
149 4259 313 4312 θῑΜῦῐίῦῑᾸ·
333 4271 357 4312 ⁰¹
375 4277 403 4312 ⁸¹
421 4263 607 4326 lln‘ll‘fi‘m'
656 4295 709 4346 idox
734 4295 820 4360 Epipb.
844 4294 985 4356 Segueriru.
1004 4293 1077 4343 busli.
1103 4293 1199 4343 Gobler.
1225 4301 1248 4345 et

51 4326 340 4462 ἓεοόῐνψὲἀιῗίῃᾘσῗεινο
358 4329 445 4394 Epiph'
470 4331 510 4393 qui
535 4329 608 4379 mm
658 4363 762 4413 Felclrm.
783 4363 804 4413 l.
823 4357 912 4410 πλέον.
951 4361 1012 4411 Edlti
1039 4368 1062 4410 et
1086 4361 1125 4410 alii
1143 4355 1244 4410 πλεῖον.

696 4025 718 4074 h.
738 4026 839 4084 Quidam
852 4039 909 4074 mss.
919 4019 1109 4089 κατηγορῆσαι
1117 4015 1163 4068 arui
1180 4011 1250 4087 ἐλέγ-

655 4104 728 4158 χειν.
764 4093 816 4142 ltux
841 4090 898 4140 τῶν
920 4089 1009 4140 ταῦτα
1033 4083 1247 4149 διανοηθέντων.

659 4161 756 4212 Gobler.
776 4161 880 4208 ielclm.
902 4159 922 4208 l.
942 4159 1042 4218 Sepuer.
1060 4165 1084 4207 et
1101 4149 1251 4272 Epipb5cr'1r

461 4469 483 4511 ep
508 4463 605 4527 epiph,
657 4430 722 4480 lairs
740 4431 839 4493 Seguer.
857 4431 925 4480 colna
944 4421 1151 4497 ἀποκρίνεσθαι.

52 4523 90 4576 aad
104 4519 198 4596 δύναμιν
218 4532 285 4581 deest
312 4531 337 4582 io
355 4530 507 4596 quibusdem.
543 4530 605 4582 hditi
691 4532 707 4580 i.
732 4531 831 4592 Seguer.
857 4531 926 4580 aolus
956 4521 1155 4598 ἀναισχυντίας.
1202 4527 1246 4578 biii

56 4584 165 4654 placarer
178 4591 295 4665 δύναμιν.
657 4587 850 4663 ἀναίσχυντον.

82 4471 100 4507 t.
115 4463 148 4512 Sic
166 4463 255 4526 Sepuer.
283 4463 387 4513 Falckru.
406 4461 429 4511 i.
