3122 5060
474 320 583 364 oeerro
599 321 643 364 nr.
659 287 776 366 courel
790 321 925 366 sauros.
1236 308 1297 372 563

56 471 228 534 sumtinne
248 469 442 550 ambigerent.
484 465 575 532 blulto
604 469 692 551 igitur
719 472 812 552 magis
833 471 942 536 Paulus
965 475 1030 554 ipse
1052 481 1156 556 raptus
1175 485 1385 538 norontem.

59 576 183 648 etiam,
217 591 346 654 quonam
374 573 464 636 modo
492 581 595 653 raptus
625 575 742 638 luisset.
787 576 919 654 Namque
945 577 975 638 id
996 577 1054 658 ipsi
1075 577 1155 640 Eliae
1176 578 1299 640 minime

58 675 178 749 tamir,
206 675 248 738 ita
276 685 310 738 ut
338 667 364 737 si
386 675 452 756 quis
475 695 543 738 eum
564 677 621 738 bae
641 677 678 738 de
699 695 732 738 re
757 677 990 757 interrogasset,
1021 679 1171 759 potuisset
1197 681 1300 760 utique

60 797 217 852 narare,
245 797 373 858 quonam
401 778 494 840 modo
515 777 624 840 luisset
644 779 710 858 ipso
731 789 891 842 assumere.
936 779 995 844 Sed
1018 789 1115 842 tamen
1134 781 1243 846 Paulus
1266 801 1301 846 se

63 881 194 942 nescire
216 887 350 954 testatur,
373 880 456 954 duas,
479 889 511 942 ut
532 899 587 959 ego
609 881 727 961 quidem
749 899 828 954 reor,
851 881 889 943 eb
904 900 1019 944 causas.
1051 881 1164 957 Primo,
1185 885 1300 964 etipse

63 983 167 1054 dixit,
196 999 234 1042 ne
256 982 322 1061 quis
344 981 492 1044 visionum
514 983 684 1046 excellentie
705 983 847 1046 maiorem
869 1002 936 1046 enm
958 993 1077 1063 putaret
1095 1003 1179 1060 esse,
1211 1003 1301 1064 quam

65 1083 159 1163 quod
181 1083 304 1144 rideret.
341 1083 453 1146 Deinde
474 1084 714 1164 quandoquidem
729 1085 862 1148 Salvator
888 1104 921 1147 se
936 1087 1054 1150 nescire
1076 1085 1200 1160 dixerat,
1220 1085 1301 1148 idem

65 1187 161 1246 illum
184 1185 305 1247 decebat
333 1187 448 1260 (linere,
480 1205 518 1248 ne
546 1205 650 1250 sersus
678 1205 767 1267 supra
793 1187 951 1256 nominum
974 1197 1004 1250 et
1025 1187 1189 1268 discipulus
1211 1205 1302 1266 supra

65 1287 253 1367 magistrum
274 1307 342 1349 esse
364 1289 590 1352 existimaretur.

168 1391 220 1454 48.
263 1389 321 1462 Qui
344 1389 434 1470 igitur
448 1392 539 1453 Paulo
563 1391 685 1452 dederat
706 1401 739 1453 ut
760 1393 860 1466 sciret,
883 1391 947 1471 ipse
962 1392 1053 1456 mmto
1069 1391 1162 1472 magis
1177 1390 1300 1456 sciebat.

71 1491 140 1565 Qui
165 1491 241 1554 euim
264 1511 313 1566 ea,
335 1487 411 1572 quiae
432 1493 473 1553 illi
495 1493 553 1556 diei
575 1502 781 1572 praecurrunt,
804 1495 952 1568 enunciat,
973 1494 1054 1556 novit
1076 1503 1170 1568 certe,
1194 1512 1299 1574 quem·

67 1593 240 1656 admodum
270 1594 346 1667 dixi,
374 1595 561 1674 quandonam
594 1595 642 1658 illa
670 1595 734 1656 dies
763 1603 793 1658 et
813 1594 887 1656 bera
908 1605 1029 1658 uentura
1052 1595 1108 1670 sit·,
1140 1603 1171 1657 rt
1191 1603 1300 1672 mmee,

68 1697 149 1758 lieet
172 1704 378 1774 eognosoeret,
408 1695 492 1758 dicit:
525 1717 618 1778 neque
648 1678 746 1760 riuus
773 1701 868 1760 nouit.
912 1697 1002 1760 Cuius
1025 1717 1096 1776 ergo
1117 1699 1210 1778 gratia
1232 1707 1303 1760 tune

70 1798 154 1859 dixit
177 1800 277 1860 meio
298 1815 373 1876 quae
395 1798 461 1878 ipse
482 1807 515 1860 ul
536 1799 683 1862 Mminus
705 1799 851 1861 noverat?
890 1799 968 1862 Seue
1001 1799 1028 1860 si
1060 1800 1230 1862 oonieetura
1258 1799 1303 1860 nti

68 1899 165 1970 iicet,
186 1907 311 1960 nostram
332 1899 465 1962 utilitatis
487 1919 590 1974 cause,
614 1911 644 1964 ul
666 1919 753 1975 reor,
776 1902 804 1964 id
827 1902 904 1964 tecit
948 1901 1031 1964 Faxit
1051 1909 1149 1964 autem
1171 1902 1246 1980 ipse,
1270 1909 1304 1964 ut

72 2003 147 2072 hoe,
172 1999 252 2080 quod
271 2001 391 2089 ppiuor,
414 2021 516 2066 nerum
538 2004 587 2064 sit
632 2003 794 2082 Utrobique
809 2003 943 2064 Salvator
963 2004 1001 2064 ad
1022 2012 1158 2068 nostrum
1177 2002 1304 2068 attendit

73 2103 282 2194 commodum.
326 2103 398 2166 Nam
421 2121 495 2183 quae
516 2113 584 2167 ante
606 2106 696 2168 tinem
718 2114 876 2168 occurrent
901 2105 1055 2180 iudicarit,
1087 2125 1142 2178 ne,
1170 2112 1204 2168 nt
1230 2105 1304 2168 dixit

74 2205 164 2286 ipse,
187 2213 311 2283 strepere
331 2205 458 2286 perculsi
481 2206 528 2268 bis
552 2207 753 2272 renidentibus
777 2207 977 2281 turbaremur,
999 2208 1053 2270 sed
1075 2207 1175 2287 potius
1198 2225 1233 2269 ex
1254 2207 1303 2270 bie

74 2315 253 2370 secuturum
286 2307 375 2368 linem
408 2309 668 2388 praestolaremur.
717 2309 816 2370 Noluit
848 2327 939 2388 porro
969 2308 1006 2371 de
1034 2308 1082 2370 illa
1109 2310 1156 2372 die
1179 2317 1208 2370 et
1229 2310 1305 2371 bore

76 2410 246 2472 secumdum
268 2409 449 2472 divinitatem
471 2410 570 2472 dicere
596 2415 686 2484 nooi;
720 2411 790 2483 sed,
821 2417 854 2472 ut
881 2411 939 2472 iam
966 2409 1107 2491 exposui,
1141 2409 1305 2472 seeundum

78 2527 220 2583 earnem,
243 2529 318 2589 qnae
339 2529 446 2592 nempe
468 2511 497 2573 id
519 2511 688 2590 ignorabat,
718 2512 759 2574 ait
779 2531 842 2576 noe
862 2517 950 2584 noer}
977 2529 1016 2574 ne
1037 2529 1143 2574 rursus
1165 2529 1232 2572 eum
1256 2509 1305 2571 di-

78 2611 190 2692 scipuli
220 2613 454 2692 interrogarent,
487 2631 599 2692 eosque
628 2613 723 2676 illesi
745 2613 1008 2678 reticeretdolore
1036 2613 1181 2683 alliceret,
1210 2610 1255 2672 vel
1276 2609 1307 2672 si

79 2715 206 2787 diesem,
228 2721 346 2793 praeter
366 2714 484 2776 illorum
507 2722 538 2776 et
558 2722 694 2776 nostrum
717 2713 905 2776 commodum
921 2719 1029 2792 ageret.
1065 2709 1210 2790 Quidquid
1225 2709 1307 2772 enim

79 2817 168 2888 lesit,
202 2815 233 2878 id
261 2823 356 2877 totum
384 2815 480 2878 nostri
508 2815 600 2895 gratia
634 2824 696 2889 est,
728 2814 967 2894 quandoquidem
994 2821 1025 2876 et
1051 2812 1150 2897 ipsum
1175 2810 1307 2874 Verbum

81 2923 210 3000 prepter
231 2935 288 2980 nes
310 2933 379 2978 earo
399 2919 509 2980 sermm
531 2923 587 2980 est.
630 2916 756 2996 Propter
777 2935 833 2978 uos
853 2917 944 2995 igitur
966 2914 1055 2978 dixit:
1090 2931 1186 2996 neque
1209 2909 1306 2998 Eilr'tm

82 3023 183 3084 nouit.
228 3018 288 3080 ileo
309 3037 380 3080 vero
402 3019 461 3080 boe
481 3017 667 3082 mendesium
692 3018 764 3092 luit,
797 3013 943 3098 siquidem
971 3035 1027 3097 pro
1050 3015 1177 3078 bumene
1198 3012 1305 3076 eondi-

82 3123 169 3184 tione
190 3127 224 3182 ut
244 3119 332 3182 bomo
355 3120 428 3182 dixit
447 3124 558 3192 neseio,
580 3137 637 3182 nee
655 3118 804 3200 permisit,
826 3127 859 3182 ut
880 3119 1018 3200 discipuli
1038 3135 1072 3180 ee
1094 3117 1193 3180 dioere
1209 3133 1306 3194 onge-

83 3229 165 3298 rent,
189 3219 294 3302 quippe
314 3241 382 3284 eum
403 3221 574 3286 huiusmodi
594 3221 685 3284 serbo
706 3225 807 3286 neseio
835 3221 953 3284 illerum
974 3217 1157 3301 represserit
1175 3233 1305 3298 ρει-ωυ-

85 3324 243 3386 chunnos.
276 3323 433 3386 Praeterea
455 3324 598 3404 seriptum
620 3323 1083 3405 eetindotibusltpostolorum,
1106 3337 1172 3382 urm
1186 3317 1396 3397 Angelisruee.

87 3423 288 3498 inueheretur,
310 3407 342 3488 ut
360 3426 452 3488 bomo
473 3424 638 3490 moendens
659 3433 690 3488 et
711 3441 845 3500 earnem,
867 3443 955 3506 quam
976 3422 1122 3504 gestabat,
1143 3420 1176 3482 in
1195 3417 1311 3480 onerum

91 3529 230 3598 efferens,
253 3525 341 3606 idqde
360 3527 496 3590 ridentes
517 3526 655 3608 diseipuli
676 3511 877 3592 naseiturum
895 3525 936 3594 ab
951 3543 988 3587 eo
1004 3527 1191 3604 quaererent.
1214 3523 1309 3595 tm·

23 3689 25 3696 ,
89 3627 197 3692 denam
218 3627 289 3690 linis
310 3629 426 3694 turtures
453 3637 536 3692 esset
565 3636 595 3692 et
622 3626 740 3709 mando
763 3635 794 3692 tu
816 3633 961 3693 venturus
984 3641 1035 3696 es,
1056 3621 1157 3700 iesum
1180 3613 1312 3696 epetliffl

89 3805 172 3870 αὐτὸς
188 3806 225 3870 ὥς
242 3809 373 3890 deonirps
387 3803 472 3866 elder·
491 3805 674 3880 dcdidespen-
758 3812 782 3861 b.
801 3811 857 3869 lteg.
870 3809 893 3859 l.
912 3815 936 3856 et
948 3806 1050 3884 Spgoer.
1066 3797 1105 3880 pir
1122 3789 1316 3878 καξεραῐῆσφ·

91 3881 203 3936 adme.
725 3889 772 3927 err
798 3869 900 3930 αὐτὸν,
933 3885 982 3920 και
1007 3867 1106 3919 temer
1132 3881 1169 3933 pu
1196 3855 1316 3938 adrepe.

124 3969 146 4002 e.
165 3953 221 4014 lteg.
235 3950 257 4000 l.
275 3951 374 4014 Seguer.
393 3952 490 4003 Gobler.
504 3949 639 4000 etl'elelm.
652 3947 674 4000 i.
725 3947 790 3996 llaec
808 3951 888 3994 autem
907 3954 971 4004 quae
990 3926 1316 4016 quoopturrerbptnnqep

92 4012 423 4086 nmineentettnglle
442 4019 606 4080 lanugine·
627 4017 675 4068 ce·
724 4007 788 4063 τὸτε
808 4004 876 4089 peius
897 4005 1047 4073 μαθητας,
1072 3992 1216 4064 tillem
1233 3995 1321 4045 ’ΜΝ

93 4091 136 4140 teri
154 4096 177 4138 et
194 4087 251 4137 editi
268 4081 386 4154 παρέχει.
421 4087 494 4138 Paulo
546 4083 674 4148 tellegi.
726 4079 832 4132 aenou.

94 4159 164 4218 sege.
181 4154 441 4206 contereretur.
458 4147 488 4204 tr
505 4101 676 4220 {deestque
761 4138 1189 4232 q,neg.1.etSegoer.nouimi.
1222 4145 1279 4206 lien.
1297 4143 1324 4222 2..Ι

95 4217 165 4292 ἡμῖν.
183 4213 673 4290 mermebdpqoeteeeutinlr·
727 4227 809 4281 aaut.
848 4224 915 4274 aare
941 4233 1011 4286 neq
1031 4217 1096 4282 quoa
1112 4213 1208 4264 vernum
1224 4219 1251 4260 u
1267 4219 1324 4262 ue

127 4295 143 4344 ¹·
161 4291 201 4344 δὴ
219 4290 308 4353 ΒΜ·
327 4291 426 4353 &tuen
444 4291 542 4344 anter.
559 4288 678 4341 eretet·
726 4293 782 4366 γὰρ
801 4285 975 4343 druentia
995 4283 1095 4338 debler.
1111 4289 1135 4332 et
1150 4278 1254 4330 teleln.
1269 4278 1292 4328 i.

98 4358 206 4412 munii.
240 4359 270 4408 tt
285 4357 328 4408 elii
346 4367 370 4409 et
387 4359 459 4412 editio
468 4357 587 4412 Cemmel.
605 4355 677 4405 emit·
1056 4389 1069 4424 r
1094 4362 1149 4421 ,gg

98 4435 147 4480 tunt
161 4419 230 4494 μηδὲ
246 4424 422 4493 θροηθῠμεν.
539 4467 545 4476 ,
762 4392 787 4441 k·
807 4389 867 4448 ileg.
883 4382 908 4432 i.
927 4387 955 4430 et
973 4379 1077 4440 Segne.

128 4512 151 4558 ι
164 4495 239 4546 narr.
259 4503 283 4546 e
300 4493 404 4546 nereum.
422 4495 447 4548 e.
464 4491 566 4546 mess
581 4482 677 4548 metr.
763 4483 781 4534 1.
800 4481 860 4557 epe·
883 4473 906 4552 ¹:
928 4477 956 4522 0²
973 4469 1117 4547 spemn.
1133 4461 1221 4518 dle*
1236 4453 1334 4518 Μ·

99 4553 141 4620 ὅτι
155 4553 202 4613 eris
219 4547 290 4612 eide.
729 4549 797 4620 qued
815 4560 841 4597 nn
860 4541 921 4594 elus
941 4545 969 4588 et
987 4537 1062 4590 edrtre
1079 4533 1152 4648 deopt-
