3072 5056
405 383 551 428 sorssors
564 383 604 428 ns
619 383 784 428 surressit
798 381 941 426 orosrsu.
1226 365 1286 431 lot

83 535 163 598 ileum
188 533 266 597 illum
292 555 390 616 neque
410 533 541 598 Verbum
570 553 688 596 cornero
710 535 819 595 lunum
841 552 909 595 esse
931 531 1101 594 credebaut.
1147 533 1371 614 Quaprd-n.sss

83 647 139 716 pter
164 637 237 699 henli
258 637 393 717 Apostoli
421 636 560 718 prudenti
574 634 749 698 admodum
771 634 897 696 oonsilio
919 635 1049 713 primum
1070 632 1197 696 humana
1220 635 1288 698 Sel-

82 737 178 799 rstoris
203 737 317 800 ludaeis
346 755 538 811 enarravero,
568 745 600 798 ut
626 755 679 798 eos
708 755 744 798 es
773 735 860 798 editis
889 735 1116 815 conspicuisque
1138 735 1287 802 minentis

83 839 131 900 ism
150 838 298 900 advenisse
313 839 463 902 Christum
485 837 571 918 plane
592 855 754 917 persuasos
777 837 847 899 hinc
867 836 903 898 sd
926 836 1102 898 medendam
1125 839 1189 900 eius
1211 836 1288 898 olvi-

83 939 186 1000 nitsteru
205 939 394 1014 deducerent,
416 937 660 1010 demonstrando,
683 955 784 1017 opera,
807 956 882 1018 quae
904 936 982 999 edita
1004 939 1129 1011 luerent,
1151 956 1213 999 uon
1228 939 1286 1000 hos

84 1039 158 1100 niuis
185 1040 236 1102 ssd
266 1040 319 1102 liei
347 1057 426 1102 esse.
471 1039 559 1101 Certe
586 1039 694 1101 Petrus
722 1057 790 1101 mm
817 1039 955 1110 dixisset,
989 1038 1085 1100 virum
1116 1040 1290 1118 passibilem

85 1139 212 1202 Christum
234 1157 314 1214 esse,
337 1140 415 1202 illico
438 1139 604 1202 subiunxit:
627 1139 685 1202 llic
706 1151 817 1203 ructor
838 1143 919 1204 vitoe
939 1149 994 1211 est,
1018 1139 1139 1218 ipseque
1155 1143 1184 1202 in
1200 1159 1288 1202 evan·

82 1241 146 1318 pelio
166 1241 335 1304 ooulitetnr:
362 1237 403 1302 Tu
425 1261 457 1304 es
482 1239 623 1304 Christus
645 1240 731 1320 filias
753 1240 812 1303 Dei
832 1245 902 1310 uiui,
925 1247 956 1302 et
977 1242 1007 1302 iu
1030 1239 1153 1320 epistola
1169 1259 1224 1302 sua
1238 1243 1288 1316 sit,

81 1341 162 1419 ipsum
183 1342 365 1422 Episcopum
391 1345 565 1426 animorum
592 1349 679 1420 utque
699 1341 863 1404 Desinunt
888 1359 975 1404 suum
1001 1359 1056 1402 uec
1077 1357 1138 1402 non
1159 1343 1291 1423 lapsio-

81 1459 139 1504 non
156 1454 184 1505 st
206 1443 393 1506 Potestotstns
414 1461 495 1504 esse.
538 1441 648 1504 Penius
670 1441 756 1515 item,
779 1442 829 1521 qui
852 1441 907 1515 ait,
931 1441 1081 1504 Christum
1104 1461 1172 1504 esse
1193 1443 1291 1506 virum

80 1543 362 1616 examinentur,
396 1543 427 1606 iu
449 1543 576 1623 epistola
603 1543 640 1604 sd
662 1543 816 1604 llehroeos
838 1544 911 1606 haec
931 1541 1034 1606 hehet:
1067 1544 1130 1617 Qus·
1156 1563 1223 1606 coos
1249 1549 1292 1606 ss't

79 1644 206 1722 splendor
232 1645 353 1724 plurius
380 1658 409 1709 et
440 1645 544 1726 fipnro
576 1645 766 1708 rohstusts'oe
792 1647 870 1716 eius,
905 1645 940 1705 ud
966 1643 1174 1724 Philippenses
1202 1663 1289 1706 uero:

81 1744 132 1817 Oti
157 1763 219 1808 essm
249 1751 285 1808 in
307 1745 603 1826 formidolosior,
635 1765 698 1808 non
719 1749 861 1826 rapinum
882 1745 1054 1807 orhs'trotss
1076 1757 1137 1816 est,
1173 1763 1238 1808 ssss
1258 1763 1291 1808 se
1339 1769 1345 1774 ·

78 1846 214 1926 sepulum
235 1847 313 1910 Deo.
356 1847 438 1910 lineo
457 1865 561 1927 porro,
584 1857 688 1909 auctor
701 1847 789 1918 ritae,
812 1846 904 1908 Filius
927 1847 989 1918 Dei,
1013 1846 1163 1925 splendor,
1185 1847 1289 1926 ligura,

77 1948 190 2025 aequslis
211 1949 294 2020 lieo,
325 1949 486 2022 Dominus,
515 1949 683 2029 Episcopus
705 1948 887 2022 annuarum,
915 1947 985 2027 quid
1008 1947 1085 2008 uliud
1109 1947 1166 2008 sihi
1189 1949 1289 2022 velint,

78 2065 149 2124 quum
170 2049 200 2110 in
221 2067 351 2129 corpore
374 2049 469 2114 luisse
485 2050 611 2112 Verbum
627 2050 690 2124 liei,
713 2068 767 2129 per
782 2049 861 2129 quod
881 2048 980 2110 omnia
1001 2050 1075 2110 lautu
1098 2059 1177 2124 sunt,
1199 2050 1289 2114 illud·

78 2167 123 2227 que
142 2150 300 2214 indivisum
323 2169 390 2214 esse
411 2170 429 2213 a
449 2151 536 2213 Patre
557 2151 805 2232 quemadmodum
828 2151 971 2230 splendor
991 2169 1008 2212 a
1029 2148 1117 2212 luce?

147 2661 174 2722 9.
217 2661 251 2722 ld
276 2660 376 2739 ipsum
399 2659 459 2738 epit
479 2659 637 2738 Dionysius
660 2659 697 2720 ah
711 2659 865 2738 Apostolis
888 2659 1030 2720 edoctus:
1053 2677 1119 2718 cum
1138 2659 1216 2718 enim
1231 2659 1375 2719 iamnes.

76 2755 231 2838 irrepsisset
253 2759 377 2822 Sehellii
399 2761 544 2834 haeresis,
571 2769 690 2822 coactus
714 2769 761 2822 est
782 2757 953 2822 huiusmodi
976 2758 1145 2839 epistolam,
1167 2767 1199 2820 ut
1221 2759 1291 2832 dixi,

76 2859 190 2924 scrihere
211 2881 246 2924 oo
277 2861 381 2936 recha,
413 2881 489 2941 quoe
516 2861 620 2924 humili
648 2869 679 2923 et
706 2863 836 2926 humano
866 2879 950 2922 more
977 2862 1015 2923 de
1037 2859 1187 2922 Soluntum
1216 2860 1293 2924 diets

76 2970 143 3032 suut
164 2963 221 3025 illis
243 2962 392 3036 obiicere3
418 2971 452 3024 ut
472 2981 527 3042 per
547 2965 675 3028 humana
698 2963 765 3024 illos
786 2962 968 3024 absterreret
989 2981 1005 3024 a
1028 2961 1163 3036 dicendo,
1186 2961 1308 3028 lilium.

77 3077 134 3122 esse
152 3062 283 3136 Patrem,
307 3063 409 3144 sicque
431 3065 592 3127 faciliorem
614 3065 672 3126 illis
694 3065 770 3126 viam
793 3065 829 3126 ad
852 3065 1014 3126 doctrinam
1037 3063 1074 3128 de
1095 3063 1160 3126 Filii
1182 3063 1292 3126 divini·
1419 3139 1423 3147 ⁸

76 3171 125 3222 tate
144 3165 284 3234 muniret.
308 3166 358 3227 uhi
380 3167 410 3227 iu
434 3155 684 3246 suoseimnttbus
707 3166 841 3246 epistolis
863 3167 943 3228 illum
966 3185 1001 3228 er
1014 3165 1176 3245 scripturis
1199 3167 1292 3228 sacris

77 3265 220 3342 appellaret
235 3265 377 3339 Verbum,
401 3257 587 3346 sapientiam}
609 3268 759 3342 virtutem,
780 3285 919 3348 vaporem
935 3276 966 3330 et
979 3268 1170 3348 splendorem
1184 3268 1292 3330 Patris.

77 3363 104 3424 ln
122 3366 255 3447 epistolis
285 3369 384 3448 itaque
411 3367 515 3431 adsui
538 3369 744 3432 detonsionem
767 3369 886 3449 scriptis
908 3369 1003 3449 polam
1025 3369 1062 3430 de
1083 3369 1141 3432 lide
1162 3369 1294 3448 loquitur

74 3465 262 3550 pietatemque
292 3487 361 3548 erga
389 3467 541 3532 Christum
572 3471 740 3550 prolitetur.
792 3471 830 3533 Ut
858 3470 947 3549 igitur
967 3471 1103 3550 Apostoli
1136 3467 1294 3532 accusandi

76 3581 127 3626 uon
149 3580 217 3632 sont
246 3569 288 3632 oh
310 3569 398 3632 verhu
420 3571 458 3634 de
479 3571 598 3634 llomini
621 3571 802 3636 humanitate
823 3574 937 3652 prolotu
967 3577 1047 3646 tuam
1069 3571 1212 3634 Dominus
1234 3573 1293 3634 ho-

78 3683 119 3727 mo
137 3671 227 3734 lenus
251 3681 327 3748 est),
356 3674 426 3752 quin
449 3673 549 3753 potius
572 3675 767 3736 admiratione
790 3674 869 3754 digni
892 3682 963 3738 sunt
984 3661 1023 3735 oh
1045 3675 1221 3754 prudentem
1244 3673 1292 3732 di-

79 3774 288 3845 spensationem
311 3783 342 3835 et
362 3773 525 3836 doctrinm
547 3774 675 3855 tempori
697 3775 965 3850 aocommodalam3
992 3776 1037 3837 sic
1057 3775 1216 3854 Dionysius
1237 3789 1293 3851 pro

76 3867 171 3934 inuno
193 3875 351 3938 habendus
373 3893 434 3937 non
462 3883 509 3938 est
535 3885 657 3958 propter
679 3878 837 3958 epistolam
864 3877 901 3940 ad
923 3877 1148 3956 Euphranorem
1172 3881 1201 3934 et
1221 3871 1293 3934 dm-

105 4070 125 4105 e.
141 4058 218 4109 lelclr.
239 4061 264 4112 3.
284 4076 356 4112 sunu.
374 4055 421 4109 καὶ
437 4053 588 4128 δαιμόνων.
705 4057 791 4131 πατρὶ
809 4055 845 4116 oie
862 4055 931 4117 ἔστι,
952 4060 1076 4112 mendose.
1111 4058 1209 4108 l'auriu.
1224 4045 1293 4108 'coln

78 4155 168 4276 itit
181 4161 330 4280 tent
347 4163 419 4280 nlo
436 4161 485 4281 et
501 4163 653 4282 urnis
707 4123 883 4248 ''l-'lli
899 4121 1165 4262 {lt-''tltt‘o

79 4303 140 4341 snou.
174 4293 226 4344 llos
246 4295 326 4346 Felcl.
346 4296 368 4346 3.
390 4313 462 4348 ouon.
480 4283 542 4346 ἶσον
558 4295 623 4364 θεῷ.
706 4258 995 4398 :fflpfflfclffiipffi
1011 4262 1090 4396 ,1,ῃὲἕὲ
1105 4265 1221 4410 aggeo?
1235 4263 1293 4408 jugg

94 4405 130 4466 ἐ..
142 4393 239 4474 iperio.
265 4397 334 4450 colb.
358 4398 406 4447 les.
431 4399 510 4447 tolet.
530 4399 555 4448 3.
582 4413 655 4449 ιιιοιι.
708 4389 1293 4451 estete.anon.tvmtemaesoofeoeno-
1409 4459 1412 4464 Ι

80 4465 99 4531 ll
115 4471 177 4526 “'d
202 4453 312 4530 ἕτερον,
337 4466 377 4528 qui
403 4466 503 4516 ultimus
529 4469 655 4530 sequentis
707 4462 857 4532 alewinus.
883 4457 1292 4531 ΡιιιΙοριιιιιιΙιιιιεὐκολώτερον.

80 4537 108 4598 ege
124 4528 205 4607 hehet:
231 4521 309 4589 ἢὸιι
326 4523 357 4580 ir
374 4525 484 4599 stipari
500 4525 559 4581 lora
575 4526 656 4598 λόγος
742 4537 757 4584 i.
778 4535 857 4584 Fslol.
876 4533 901 4584 3.
919 4548 982 4584 snon
1008 4526 1038 4583 lv
1054 4528 1108 4600 reip
1127 4532 1195 4585 sule.

82 4593 190 4644 undeno
208 4606 256 4650 ete.
290 4599 342 4650 nox
368 4601 431 4652 ὶάιιιι
458 4595 594 4665 desiperes
615 4599 656 4666 τῷ
741 4604 763 4652 t.
782 4603 831 4650 sot
846 4603 916 4653 deest
934 4603 958 4652 iu
975 4600 1180 4654 truncentur
1230 4599 1245 4604 “
1275 4598 1284 4604 ”
