3072 5056
241 335 282 398 76
640 355 665 398 ε.
682 355 835 400 ιτυιιωειι
849 357 1074 402 mammem

155 481 274 571 ναικοί
294 500 339 586 μὴ
363 499 420 566 διὰ
440 499 538 588 τιμὴν
559 501 617 588 τὴν
641 502 688 582 είς
708 503 765 570 τόν
786 503 879 584 θεόν,
904 499 989 573 άλλόι
1010 503 1068 572 διά
1088 504 1147 593 τὴν
1170 502 1218 587 είς
1230 503 1289 572 τόν
1302 505 1375 572 υίὸν
1389 503 1454 574 άτι-

239 607 320 684 μίαν
342 600 454 668 πάντα
474 605 528 668 καί
550 607 726 684 ποιοῦντες
748 607 801 672 καλ
825 607 1014 686 λαλοῦντες,
1039 601 1097 674 οόκ
1120 604 1259 685 εἰδότες,
1290 603 1342 673 ότι
1364 603 1382 674 ό
1402 607 1454 674 τόν

207 690 211 696 ’
240 699 312 768 υίὸν
341 696 509 785 ἀτιμάζων
537 697 689 788 ἀτιμάζει
709 704 767 772 τὸν
789 713 926 793 πατέρα.
972 710 1107 793 πρῶτον
1127 709 1187 792 μέν
1209 707 1271 793 γὰρ
1292 701 1353 796 κᾷν
1374 704 1454 775 οότω

239 799 297 869 τόν
318 802 401 872 θεὸν
425 799 639 889 δνομάζωσιν,
663 801 702 872 οὐ
725 808 889 875 δείκνυται
909 812 976 874 τῶν
997 812 1140 896 γενητῶν
1155 804 1173 876 6
1188 807 1293 894 λόγος.
1326 812 1387 897 τῆς
1398 808 1454 895 γὰρ

240 898 357 984 οόσίας
377 908 436 972 τοῦ
459 905 587 993 πατρὸς
608 903 655 986 ῶς
675 913 817 996 γέννημα
838 909 950 990 πάλιν,
976 906 1081 989 οὕτως
1102 905 1180 996 παρ’
1198 905 1287 997 αὐτῷ
1302 909 1392 978 ἐστιν
1405 905 1455 977 άῑ-

241 1004 329 1086 δίως.
375 1003 412 1074 06
445 1007 506 1095 γὰρ
539 1008 578 1074 τό
607 1006 711 1094 ὄνομα
738 1013 837 1090 τοῦτο
865 1021 1025 1097 πάραιρεί
1053 1011 1111 1096 τὴν
1138 1015 1198 1076 τοῦ
1228 1011 1325 1096 λόγου
1348 1011 1453 1100 φύσιν,

182 1154 186 1162 -
240 1102 316 1176 οὐδὲ
338 1108 442 1176 πάλιν
463 1110 502 1176 τὸ
525 1105 680 1198 ἀγένητον
701 1111 787 1198 πρὸς
807 1111 865 1178 τόν
889 1111 959 1179 υἱὸν
976 1113 1041 1196 ἔχει
1054 1111 1094 1178 τὸ
1110 1111 1359 1199 σημαινόμενον,
1376 1107 1454 1180 άίλό

238 1209 325 1295 πρὸς
351 1210 394 1278 τὰ
421 1210 477 1278 διὰ
503 1215 562 1278 τοῦ
590 1211 664 1278 υἱοῦ
692 1212 857 1297 γενόμενα.
902 1217 956 1280 καὶ
985 1209 1095 1300 ῶςπερ
1124 1209 1142 1278 6
1171 1213 1229 1280 τὸν
1250 1209 1456 1298 ἀρχιτέκτονα

237 1316 444 1432 προςφωνῶν
466 1316 520 1378 καί
542 1313 644 1398 λέγων
666 1313 865 1433 δημιουργὸν
885 1309 1032 1393 οἰκίας
1011 1339 1031 1401 η
1054 1307 1242 1392 πόλεως’
1206 1337 1244 1379 ου
1260 1320 1457 1400 συναριθμεί

237 1415 284 1533 τῶ
292 1407 451 1522 ὀνόματι
477 1413 584 1499 τούτῳ
612 1412 669 1480 τὸν
697 1414 734 1494 ξ
754 1438 853 1482 αυτου
876 1420 1075 1503 γεννηθέντα
1098 1415 1168 1482 mov
1174 1464 1184 1495 ,
1216 1412 1301 1483 άλλόι
1322 1415 1436 1482 διὰ
1400 1441 1455 1501 μεν

236 1537 313 1634 την
329 1513 377 1592 εις
409 1513 451 1580 τό
479 1514 556 1600 ἔργα
584 1520 696 1602 τέχνην
717 1517 770 1582 καί
794 1515 852 1603 τὴν
875 1514 1074 1604 ἐπιστήμην,
1099 1523 1267 1604 σημαίνων
1299 1543 1344 1606 μη
1376 1512 1455 1585 είναι

238 1607 339 1679 αὐτόν
360 1618 521 1695 τοιοῦτον,
545 1611 638 1683 066³
624 1639 695 1683 εστι
716 1615 758 1684 τὰ
780 1612 857 1704 παρ’
882 1611 983 1684 αὐτοῦ
998 1617 1164 1703 γενόμενα,
1189 1613 1439 1706 δημιουργὸν’
1403 1644 1456 1685 αο-

237 1711 295 1780 τὸν
318 1716 419 1796 καλεῖ,
442 1716 500 1806 τὴν
523 1718 558 1784 δὲ
581 1714 682 1805 φάσιν
704 1722 763 1784 τοῦ
786 1718 988 1807 ποιήσαντος
1010 1718 1107 1798 είδῶς
1129 1713 1227 1798 οίδεν,
1251 1719 1352 1787 δίλλον
1376 1715 1457 1788 εἶναι

237 1815 331 1903 παρὰ
351 1821 456 1885 ταῦτα
477 1817 535 1886 τὸν
558 1819 594 1900 ἐξ
613 1815 715 1886 αὐτοῦ
736 1826 952 1906 γεννηθέντα,
983 1823 1036 1887 καὶ
1060 1819 1117 1886 διὰ
1136 1822 1197 1904 μέν
1219 1819 1277 1886 τόν
1299 1819 1372 1888 οίὸν
1394 1845 1457 1888 πα-

234 1922 315 2003 τέρα
337 1913 436 1985 αὐτόν
458 1922 558 2000 καλεῖ,
584 1921 640 1988 διὰ
662 1922 698 1988 δέ
719 1918 762 1988 τά
784 1920 862 2008 ἔργα
882 1927 1015 2008 κτίστην
1036 1923 1091 1988 καί
1106 1920 1264 2010 ποιητήν·
1287 1920 1346 1989 τὸν
1360 1917 1458 1989 αὐτόν

236 2015 363 2102 τρόπον
393 2014 412 2083 ό
439 2021 540 2105 λέγων
569 2017 674 2101 οὕτως
701 2021 864 2090 τὸνθεόν
887 2019 1041 2109 ἀγένητον
1064 2022 1098 2090 έκ
1118 2027 1185 2091 τῶν
1209 2023 1311 2108 ἔργων
1331 2017 1457 2090 ἀἰτῶν

238 2112 405 2202 ὀνομάζει,
436 2127 603 2208 σημαίνων
632 2122 676 2211 μὴ
706 2123 808 2208 μόνον
835 2122 880 2212 μὴ
905 2117 990 2190 εἶναι
1011 2119 1110 2189 αὐτόν
1132 2123 1281 2211 γενητόν,
1312 2118 1383 2190 ἀλλ’
1409 2119 1458 2190 ότι

236 2221 290 2285 καί
317 2223 384 2286 τῶν
406 2225 567 2310 Ι’γενητῶν
594 2223 734 2346 ποιητής
763 2225 868 2304 ἐστιν,
899 2220 969 2291 οίδε
995 2231 1055 2308 μέν
1077 2247 1131 2291 τοι
1158 2224 1216 2292 τόν
1239 2223 1336 2310 λόγον
1358 2223 1458 2292 ἄλλον

237 2317 317 2388 όντα
345 2327 411 2388 τῶν
438 2327 581 2411 γενητῶν
609 2323 665 2391 καὶ
691 2325 793 2408 μόνον
822 2326 910 2392 λ’διον
931 2330 990 2392 τοῦ
1013 2325 1141 2412 πατρὸς
1160 2333 1267 2414 γέννης
1268 2352 1317 2406 ια,
1348 2321 1398 2394 δι’
1423 2315 1459 2392 οὗ

235 2426 289 2490 καλ
312 2423 354 2492 τά
375 2425 485 2491 πάντα
505 2431 616 2512 γέγονε
636 2428 689 2492 καί
713 2433 895 2547 συνέστηκε.

322 2532 371 2594 30
417 2525 485 2593 Καὶ
505 2527 567 2615 γάρ
589 2526 645 2593 καὶ
666 2528 917 2616 παντοκράτορα
939 2527 997 2594 τὸν
1013 2528 1096 2596 θεὸν
1112 2529 1145 2595 ολ
1159 2531 1333 2616 προφῆται
1347 2529 1458 2614 λέγον-

235 2653 297 2708 τες,
322 2623 358 2696 οό
384 2630 496 2699 διὰ
463 2655 501 2698 το
524 2626 664 2700 εἶναι
629 2653 688 2696 τον
710 2629 807 2715 λόγον
816 2631 880 2698 ἕνα
893 2633 959 2696 τῶν
975 2628 1119 2710 πάντων,
1144 2624 1250 2708 οὕτως
1264 2624 1364 2695 αὐτὸν
1382 2629 1459 2698 ἐπε-

149 2735 411 2802 ν.ιει.καλοῦντο·
432 2731 568 2823 ᾔδεισαν
590 2732 651 2820 γὰρ
673 2730 731 2798 τὸν
752 2731 824 2798 υίὸν
847 2727 947 2798 ἄλλον
970 2727 1051 2797 όντα
1064 2734 1130 2797 τῶν
1145 2733 1286 2818 γενητῶν
1302 2732 1356 2796 καί
1373 2731 1459 2799 πάν-

234 2863 300 2903 των
328 2841 381 2904 καί
411 2833 511 2904 αὐτὸν
539 2837 721 2921 κρατοῦντα
742 2832 826 2900 κατὰ
846 2832 905 2926 τὴν
927 2836 986 2900 τοῦ
1009 2830 1137 2920 πατρὸς
1158 2828 1355 2919 ὁμοιότητα,
1388 2828 1456 2900 ἀλλ’

235 2933 288 3003 ὅτι
309 2938 453 3018 πάντων,
479 2929 524 3005 ῶν
547 2936 604 3004 διὰ
624 2938 683 3002 τοῦ
707 2935 779 3001 υίοῦ
801 2941 993 3020 πεποίηκεν,
1017 2929 1116 3014 αὐτὸς
1137 2943 1257 3022 κρατεῖ,
1281 2931 1412 3000 τούτων
1426 2959 1460 3001 τε

233 3035 291 3123 τὴν
314 3037 466 3116 ἐξουσίαν
487 3041 534 3123 τῷ
556 3038 617 3122 υἱῷ
640 3035 771 3113 δέδωκε,
794 3035 848 3100 καί
872 3033 1022 3113 δεδωκὼς
1044 3034 1147 3102 πάλιν
1169 3029 1268 3112 αὐτὸς
1289 3037 1356 3102 τῶν
1370 3036 1459 3103 πάν·

233 3160 300 3203 των
329 3137 388 3204 διὰ
414 3141 473 3204 τοῦ
496 3136 593 3223 λόγου
615 3134 765 3222 κυριεάει.
810 3133 912 3200 πάλιν
933 3160 971 3202 τε
992 3133 1102 3220 κόριον
1123 3137 1190 3202 τῶν
1213 3134 1385 3219 δυνάμεων
1409 3138 1460 3203 λέ·

233 3261 345 3324 γυντες
366 3238 423 3305 τὸν
445 3237 543 3318 θεόν,
575 3231 613 3302 06
644 3233 760 3302 διὰτὸ
783 3229 944 3302 εἶναικαὶ
965 3236 1023 3304 τόν
1046 3236 1143 3323 λόγον
1165 3237 1222 3304 ἕνα
1242 3235 1369 3303 τούτων
1393 3241 1460 3305 τῶν

235 3336 404 3422 δυνάμεων
432 3332 533 3404 ”τοῦτ’
558 3337 683 3422 έλεγον,
713 3331 781 3403 ἀλλ’
808 3332 861 3402 ότι
882 3339 942 3404 τοῦ
963 3339 1023 3421 μέν
1045 3337 1119 3404 υἱοῦ
1141 3337 1252 3424 πατήρ
1275 3337 1360 3418 έοτι,
1394 3342 1460 3406 τῶν

233 3440 271 3506 δὲ
298 3439 355 3506 διὰ
381 3443 440 3506 τοῦ
468 3439 541 3506 υίοῦ
569 3445 750 3524 γενομένων
773 3436 943 3522 δυνάμεων
964 3438 1075 3525 κύριός
1096 3437 1176 3506 έστι.
1221 3437 1299 3506 ἆκαλ
1318 3437 1382 3525 γάρ
1407 3441 1460 3506 καὶ

233 3535 333 3620 αότὸς
353 3539 456 3608 πάλιν
479 3535 497 3606 6
520 3538 616 3626 λόγος
638 3539 671 3606 έν
692 3541 739 3626 τῶ
763 3542 866 3624 πατρί
889 3535 935 3606 ῶν
957 3538 1091 3606 πάντων
1111 3539 1238 3607 τούτων
1260 3539 1330 3608 ίστλ
1347 3539 1460 3628 κάριος

232 3647 286 3711 καί
309 3642 445 3710 πάντων
465 3645 592 3728 κρατεῖ·
615 3639 726 3708 πάντα
746 3639 817 3770 γάρ,
842 3635 906 3708 δυα
928 3641 994 3724 ἔχει
1005 3637 1169 3764 όπατηῇρ,
1193 3644 1251 3708 τυό
1268 3641 1340 3708 υἱοῦ
1356 3640 1458 3709 ἐστιν.

233 3743 343 3832 ὥςπερ
376 3735 433 3812 οὖν
461 3747 575 3810 ’τοῦτο
603 3745 756 3809 τοιοῦτον
784 3742 850 3825 ἕχει
877 3741 935 3809 τόν
962 3745 1054 3822 νοῦν,
1088 3739 1194 3822 οὕτως
1217 3767 1235 3810 ο
1223 3739 1460 3829 “βουλόμενος

232 3851 337 3936 λέγειν
358 3847 417 3915 τὸν
438 3844 521 3914 θεὸν
544 3841 707 3932 ἀγένητον,
731 3845 850 3930 λεγέτω
871 3867 944 3964 μηη,
970 3842 999 3910 εί
1021 3839 1168 3924 άπαξ“
1128 3868 1234 3924 ουτως
1248 3838 1337 3931 αὕτη)
1321 3845 1457 3922 δοκεῖ,

231 3949 276 4038 μὴ
297 3957 412 4036 μέντοι
435 3946 492 4016 διὰ
518 3944 558 4012 τό
587 3939 726 4012 εἶναι
693 3967 750 4012 τον
772 3944 870 4029 λόγον
891 3947 958 4011 τῶν
980 3949 1137 4064 γενητῶν,
1170 3939 1284 4013 626⁰
1264 3969 1333 4024 οτι,
1365 3935 1466 4012 καθὰ

231 4061 407 4137 προεῖπον,
433 4075 451 4118 ο
439 4047 555 4128 “θεδς
577 4041 614 4113 06
636 4045 820 4131 μόνονουκ
762 4040 914 4112 ’ἔστι
931 4044 1075 4131 γενητός,
1098 4041 1184 4114 ἀλλὰ
1205 4049 1258 4113 καί
1282 4049 1348 4112 τῶν
1364 4071 1460 4133 γενη-

230 4153 297 4216 τῶν
319 4152 460 4242 ποιητής
483 4151 555 4219 ἐστι
576 4147 633 4216 διὰ
653 4152 712 4214 τοῦ
736 4148 822 4216 λδίου
845 4143 953 4230 λόγου.
998 4150 1051 4216 καί
1073 4147 1135 4235 γὰρ
1157 4151 1212 4214 καί
1234 4143 1340 4227 οὕτως
1363 4149 1458 4234 λεγο-

229 4255 330 4336 μένου
357 4258 415 4319 τυῦ
445 4251 588 4339 πατρός,
619 4249 723 4317 πάλιν
752 4249 846 4317 είκῶν
870 4241 887 4311 6
910 4247 1006 4338 λόγος
1028 4249 1096 4320 ίστλ
1119 4252 1173 4318 καί
1196 4246 1375 4334 όμοοόσιος
1395 4251 1458 4317 τοῦ

264 4455 286 4490 ε.
305 4439 376 4492 Βεείί.
396 4427 1183 4506 αότόν.ε,81αίλες.εῑΒειίΙ
1220 4442 1264 4492 Alii
1282 4456 1338 4494 τωο
1357 4449 1381 4494 εί
1399 4441 1460 4494 editi

264 4506 287 4556 b.
306 4507 346 4559 sic
364 4511 420 4574 neg.
455 4509 484 4562 λε
506 4507 546 4561 ulii
566 4519 589 4562 ιι
608 4507 680 4564 editio
699 4504 817 4561 Commel.
870 4500 941 4560 τοῦδ
960 4503 1056 4576 ἔλεγεν

230 4569 400 4642 γενημάτων.
