3032 5048
471 233 617 278 urrerem
631 233 668 278 ro
683 233 879 278 namuurum·
924 215 931 222 '
1206 219 1268 284 857

35 385 111 458 hi,
150 385 223 464 qui
249 381 346 464 legem
369 384 457 448 istam
471 383 666 464 negligerent,
689 381 910 447 multabantur?
941 384 1093 464 Scriptum
1108 385 1188 449 enim
1205 395 1355 449 estzrnn.

1 493 25 550 a·
60 491 318 550 contemnit
339 505 396 550 neo
416 487 604 557 ascenderit,
624 485 739 565 peredit
762 485 797 547 de
815 485 945 565 popolo.
989 486 1043 548 Sin
1066 497 1164 552 autem
1187 497 1270 552 reete

0 589 134 650 hamt
174 605 287 667 eaque
315 587 345 648 iu
375 605 408 648 re
430 586 542 666 aeoepti
563 585 750 658 membro,
778 605 878 648 ennon
901 587 1066 650 sexcenties
1088 590 1166 652 mori
1188 591 1269 670 digni

24 702 44 752 t
78 689 269 752 scelerati
291 687 518 768 turpissimiqoe
548 688 682 750 omnium
704 686 924 750 baereb'eorum
943 687 1059 760 Ariani,
1088 691 1137 769 qui
1160 693 1269 756 veteris

1 792 100 873 puli
132 809 229 870 erga
255 789 412 870 Templum
433 782 629 853 reverentiam
652 788 781 860 laudant,
804 797 835 850 et
854 788 1014 851 Dominum
1036 789 1067 850 iu
1089 809 1177 854 earne
1199 801 1268 856 tau-
1342 809 1345 816 ’

9 913 82 956 am
126 893 172 956 in
210 891 327 972 templo
351 890 529 977 existumem
552 890 676 952 adorare
698 881 852 952 renuunt?
895 889 983 968 Atqui
1004 898 1090 952 vetus
1113 892 1268 974 Templum

4 1043 8 1058 .
38 993 246 1076 lapidibus
277 1003 307 1056 et
328 1011 401 1056 auro
425 993 504 1056 velut
525 992 630 1056 umbra
653 1000 857 1054 constructum
880 999 960 1066 erat3
988 999 1147 1071 postquem
1170 1008 1268 1062 autem

14 1098 134 1160 venit
164 1095 300 1188 venitm,
321 1095 379 1158 iam
402 1095 522 1158 evanuit
542 1095 645 1174 ligura,
668 1113 724 1156 neo
744 1093 819 1173 lapis
842 1111 934 1174 super
954 1093 1083 1173 lapidem
1106 1099 1278 1162 seeundum·

5 1199 221 1262 ominieam
246 1215 350 1260 vooem
373 1197 404 1258 ia
426 1196 602 1271 eo-mausit,
625 1196 675 1276 qui
699 1214 760 1257 non
781 1195 871 1258 luerit
892 1187 1027 1258 erer'sus.
1064 1196 1127 1259 Nee
1141 1199 1293 1262 veroilli·

9 1300 191 1381 emplum
223 1319 264 1362 ex
293 1299 440 1379 lapidibus
462 1279 647 1362 eed‘ilioatum
668 1305 843 1360 contuentes
866 1299 966 1379 ipsum
989 1298 1076 1360 etiam
1099 1299 1268 1376 llominum,

1 1403 48 1482 xni
92 1402 136 1462 in
172 1420 216 1462 eo
239 1401 435 1481 loquebatur,
462 1419 528 1462 rem
551 1408 678 1462 creatam
701 1399 843 1479 putabant
867 1419 952 1474 esse,
984 1417 1082 1480 neque
1115 1401 1269 1482 Templum

9 1503 239 1584 espieieutes
274 1501 379 1582 prooul
409 1501 478 1566 inde
507 1501 659 1564 adoraturi
688 1501 882 1574 reoedebant,
917 1501 970 1562 sed
993 1501 1023 1562 in
1045 1500 1115 1564 illud
1138 1505 1270 1583 ingressi

3 1606 70 1666 beo
101 1603 244 1666 oraoula
268 1623 285 1664 e
307 1603 431 1683 Templo
455 1603 554 1666 edenti
576 1602 835 1665 rite-serviebant.
881 1603 964 1676 Quae
986 1621 1053 1664 enm
1074 1603 1116 1666 ita
1137 1606 1208 1678 siut,
1231 1627 1270 1670 an

21 1725 74 1768 on
117 1705 255 1768 adorari
289 1706 411 1784 dignum
444 1711 491 1768 est
517 1705 742 1767 aanotissimum
771 1723 899 1783 vereque
927 1703 1130 1767 venerandum
1150 1707 1270 1772 Domini

3 1826 162 1888 eorpue,
187 1808 272 1886 quod
295 1807 413 1885 quidem
436 1805 473 1868 ab
495 1805 678 1886 brobauqelo
701 1805 837 1868 Gabriele
859 1805 1086 1880 annunciatum,
1115 1826 1131 1868 a
1155 1808 1354 1888 spiritunon.

6 1917 133 1994 aneto
167 1908 332 1972 formatum
352 1925 394 1970 ao
414 1907 502 1970 Verbi
531 1907 650 1973 laetum
672 1916 720 1970 est
741 1904 971 1969 indumentum?
1015 1905 1111 1969 lluius
1133 1912 1270 1990 eorporis

6 2009 163 2072 Verbum
187 2027 281 2070 manu
304 2017 421 2072 extenta
442 2008 598 2072 mulierem
620 2008 695 2070 febri
717 2007 903 2070 laborantem
925 2007 1049 2078 sanavit,
1073 2017 1103 2070 et
1124 2029 1196 2074 roee
1210 2013 1270 2074 bu-

8 2131 113 2174 mana
141 2110 260 2174 emissa
281 2110 425 2172 Lazarum
449 2111 599 2174 reroeavit
621 2109 658 2174 ad
680 2111 780 2183 vitam,
803 2109 942 2189 idemque
964 2109 1102 2172 manibus
1118 2129 1224 2176 rursus
1239 2115 1271 2178 i‘u

16 2231 118 2274 oruoe
151 2211 289 2274 extensis
318 2210 482 2292 prinoipem
504 2211 662 2292 potestatis
685 2211 781 2285 aeris,
811 2212 862 2291 qui
884 2229 963 2274 nune
985 2219 1127 2291 operatur
1148 2214 1179 2276 in
1200 2217 1269 2280 bliie

17 2313 230 2386 diffidentiae,
253 2314 426 2400 promuerit,
449 2331 612 2392 puramque
633 2313 670 2374 ad
693 2313 790 2376 oaeios
814 2312 901 2374 nobis
923 2312 999 2374 riam
1020 2312 1143 2391 pararit.

126 2823 158 2886 8.
204 2820 395 2901 Quapropter
416 2820 466 2899 qui
488 2817 653 2882 contemnit
675 2819 826 2898 templum,
849 2817 1018 2890 Dominum,
1041 2817 1091 2896 qui
1115 2817 1270 2899 intemplo

1 2907 3 2984 Ῐ
42 2934 99 2998 est,
123 2922 296 2995 coutemnit,
320 2921 420 2999 etqui
442 2919 570 2982 Verbum
595 2918 735 2982 dividite
758 2937 894 3000 corpore,
917 2919 1039 2999 gratiam
1055 2919 1142 2983 uobis
1158 2921 1271 3001 inipso
1315 2995 1318 3002 Ὺ

49 3026 147 3086 datam
177 3023 280 3084 reiicit.
324 3022 386 3084 Neo
415 3041 484 3083 voro
507 3021 677 3102 impiissimi
699 3021 817 3094 Ariani,
848 3041 883 3083 eo
906 3021 985 3101 quod
1008 3031 1138 3084 creatum
1161 3041 1271 3103 corpus

39 3117 106 3201 est,
127 3124 254 3187 Verbum
280 3142 400 3204 quoque
423 3131 551 3186 creatum
576 3141 642 3186 esse
664 3121 774 3185 debent
796 3123 984 3211 existimare,
1008 3141 1064 3184 neo
1085 3125 1174 3200 item,
1203 3126 1270 3205 qnia

3 3204 7 3229 '
51 3235 180 3292 ereetum
205 3245 262 3288 nou
292 3235 341 3288 est
360 3225 506 3298 Verbum,
536 3225 572 3288 de
602 3223 667 3287 eius
694 3244 820 3305 corpore
843 3225 999 3289 detrahere
1021 3225 1078 3288 sibi
1099 3227 1189 3290 licere
1212 3248 1270 3308 pu·

1 3317 3 3338 '
52 3337 124 3392 tent.
167 3328 312 3408 Siquidem
334 3329 464 3407 permira
486 3337 532 3390 est
551 3327 660 3389 mentis
683 3327 800 3390 illorum
821 3328 1019 3408 perversitas,
1042 3347 1100 3407 qua
1121 3337 1151 3388 et
1171 3315 1270 3392 omnia

3 3416 4 3420 ¹
58 3428 226 3492 conturbant
245 3429 495 3508 permiscentque,
519 3437 550 3490 et
571 3445 675 3492 causae
697 3429 877 3508 excogitant,
902 3447 961 3509 qno
985 3427 1082 3488 solum
1106 3435 1270 3489 creatorem

57 3531 133 3598 inter
155 3547 203 3590 res
229 3537 340 3591 creatas
367 3531 484 3609 possint
510 3529 674 3605 collocare,
717 3531 825 3592 Verum
855 3529 975 3590 audiant
997 3541 1072 3606 qnee
1094 3546 1199 3590 eumue
1222 3527 1270 3589 di-

5 3689 6 3697 ,
67 3630 153 3692 oturi:
179 3629 207 3690 Si
225 3628 353 3692 Verbum
380 3649 430 3692 res
453 3637 550 3693 ereata
573 3639 671 3704 esset,
696 3639 824 3693 creatum
848 3648 909 3690 nou
931 3627 1128 3708 assumsisset
1149 3646 1270 3707 eorpus,

1 3735 2 3739 ’
66 3741 99 3794 ut
127 3731 166 3794 illi
194 3732 276 3794 vitam
304 3732 480 3812 impertiret.
523 3732 637 3813 quuid
667 3732 746 3794 euim
774 3731 872 3794 auxilii
895 3749 945 3792 ree
969 3740 1066 3792 ereata
1088 3729 1132 3791 rei
1155 3738 1271 3792 oreatae

1 3815 5 3920 ἶ
66 3836 138 3896 ierre
158 3834 252 3914 possit,
276 3853 343 3896 eum
364 3835 429 3917 ipsa
451 3835 546 3898 salute
567 3832 724 3914 indigeat?
768 3835 828 3898 Sed
850 3832 918 3913 qnia
934 3831 1073 3906 Verbum,
1097 3850 1163 3894 eum
1185 3849 1270 3894 orea-

68 3987 118 4036 editi
135 3979 177 4040 τὰς
192 3981 217 4036 δὲ
227 3987 328 4052 χεῖρας.
363 3989 422 4039 ltem
447 3987 547 4050 Sequor.
571 3987 628 4037 ibid.
716 3989 732 4037 l.
752 3987 816 4038 llaec
832 3987 903 4036 rerba
922 4002 999 4052 usque
1017 3977 1212 4044 autumpno
1227 3979 1271 4033 do·

1 4095 6 4100 ,
70 4047 242 4106 bobetlnirod
260 4054 381 4120 σταυροῦ
399 4048 449 4102 τὸν
464 4048 630 4120 μὲνᾶρχον-
681 4053 754 4122 νηθῇ
778 4058 881 4105 citantor
904 4070 916 4104 a
939 4055 1095 4108 ,Theodoram
1123 4053 1222 4114 dialogo
1241 4053 1270 4104 ll.

70 4136 110 4177 ro,
127 4133 148 4172 et
164 4123 283 4172 nunidem
302 4132 326 4172 et
343 4123 416 4173 llaeil.
435 4137 488 4172 enm
499 4122 629 4182 anglicano
681 4119 718 4188 [p.
737 4119 801 4188 921,
819 4123 862 4172 sed
881 4122 944 4172 uelut
961 4137 990 4178 er
1008 4122 1114 4185 Epistola
1133 4121 1162 4170 ud
1175 4120 1271 4184 Epicte-

73 4185 116 4248 τὴν
131 4184 157 4238 di
172 4182 227 4237 ὁδόν
242 4199 286 4240 ete.
322 4189 366 4239 mit
391 4204 446 4238 vero
465 4198 489 4237 et
507 4189 563 4238 editi
581 4188 630 4238 τοῦ
681 4199 749 4252 tum,
768 4191 813 4240 nini
833 4191 895 4239 torte
914 4203 958 4253 pro
977 4181 1005 4238 lx
1022 4188 1070 4248 τῆς
1087 4179 1171 4247 αὐτῆς
1188 4187 1271 4251 legen-

76 4265 96 4306 ιι
109 4253 154 4322 ptr
169 4261 279 4314 omittunt,
303 4265 329 4306 ot
353 4265 377 4306 et
394 4256 468 4310 ilarii.
486 4262 510 4308 et
526 4257 628 4319 duplic..
681 4258 737 4306 dum
757 4259 788 4307 eit
805 4250 834 4313 ἐξ
851 4249 935 4320 ἄλλης,
944 4249 1098 4322 1ἐπιστολῆς,
1119 4264 1144 4306 ut
1162 4257 1273 4308 observat

76 4325 192 4390 habentque
205 4319 244 4373 roi
260 4318 311 4385 ’τὴν
329 4317 402 4372 ὀδόν.
593 4343 598 4348 ·
680 4325 865 4376 l'elolmrnnus.
902 4327 961 4376 ibid.
986 4326 1107 4376 Vbeodor.
1123 4317 1272 4394 apocrisin·

1 4405 7 4430 ἰ
108 4393 274 4466 esirSequer.
309 4392 355 4444 tut
383 4401 407 4444 et
433 4392 491 4444 editi
518 4395 586 4444 artic.
613 4385 627 4442 d
679 4393 763 4456 βανεν
781 4385 823 4440 ἄν.
861 4393 890 4444 Ει
909 4408 964 4444 mox
982 4392 1064 4442 τοῦτο
1083 4390 1210 4474 ζωοξιοιᾶ.

1 4469 6 4485 ·
79 4465 178 4510 omittunt.
714 4476 736 4524 g.
758 4461 830 4512 Besil.
849 4471 872 4512 et
889 4462 981 4526 inglic.
1000 4456 1109 4521 κτίστης
1127 4477 1167 4522 qr.
