3110 5064
464 1237 507 1329 S.
539 1233 824 1332 holthunon
853 1233 1257 1328 ARCfflEPISGOPI

738 1391 997 1466 aotsnnnn

836 1547 853 1590 o
866 1546 883 1590 il

617 1665 779 1724 saumas
795 1665 962 1723 ntansnnn
979 1663 1102 1722 sunam
1181 1645 1188 1658 '

682 1797 836 1862 CONTRA
856 1796 1030 1861 ARlANOS.

622 2121 1141 2214 nonantulo(

157 2345 234 2394 m,
328 2320 352 2380 1.
400 2319 485 2393 Quae
506 2323 643 2401 sequitur
666 2321 804 2402 epistola,
829 2339 1009 2400 responsum
1031 2330 1076 2382 est
1096 2318 1130 2384 S.
1153 2317 1315 2381 Athanasii
1335 2317 1377 2378 ad
1399 2320 1482 2406 arrei·¹

246 2439 321 2482 eum.
366 2417 422 2482 llio
444 2425 588 2484 nimirum
610 2441 677 2484 aum
697 2425 730 2484 in
746 2423 959 2502 disputatione,
984 2439 1073 2503 quam
1088 2439 1154 2482 eum
1166 2416 1326 2481 nonnullis
1339 2419 1474 2480 Arianae

244 2521 378 2584 haeresis
397 2524 681 2602 propugnatoribus
706 2523 863 2594 habuerat,
887 2525 979 2603 impia
1001 2525 1071 2582 Arii
1091 2521 1230 2598 deamata
1250 2509 1339 2598 plene
1362 2519 1476 2598 eonsu-

245 2630 349 2694 tasset,
372 2621 427 2693 illi,
453 2635 560 2686 eontra
582 2641 657 2704 quos
673 2625 858 2705 disputabat,
881 2623 952 2705 quid
966 2622 1186 2702 responderent
1200 2623 1296 2689 anmi,
1314 2629 1476 2698 postremo

244 2743 276 2787 se
305 2735 525 2786 converterunt
553 2725 591 2788 ad
614 2727 837 2787 criminandum
859 2735 996 2788 sanatam
1019 2721 1165 2802 synodum
1189 2719 1367 2790 Nr'aaenam,
1400 2717 1478 2800 qnod

245 2825 391 2888 voeabula
414 2843 477 2887 non
500 2829 631 2904 scripta,
666 2827 696 2887 id
719 2837 763 2889 est
785 2843 859 2905 potae
882 2829 914 2888 in
936 2828 1034 2888 sacris
1058 2822 1230 2901 Scripturis
1253 2839 1316 2880 non
1338 2829 1474 2888 exstant,
1544 2895 1545 2904 ἵ

245 2928 277 2983 in
298 2925 371 3002 fidei
392 2925 565 3002 definitione
587 2925 774 2996 adhrhtterit,
804 2943 907 3003 nempe
935 2941 1020 2986 voees
1050 2941 1085 2982 ex
1108 2920 1272 3012 substantio
1296 2931 1324 2982 et
1345 2919 1476 2983 oonsnb-
1544 2907 1545 2932 ¹

246 3021 406 3082 stantialis:
430 3039 504 3100 quos
528 3027 650 3084 tametsi
669 3027 719 3085 ita
740 3029 877 3084 rimantes
903 3033 931 3085 et
959 3032 1107 3100 neopantes
1134 3026 1258 3102 penitus
1282 3023 1478 3100 compescuit,

247 3133 345 3186 tamen
366 3129 402 3182 ut
422 3123 596 3182 accuratius
620 3141 694 3202 puae
716 3126 749 3184 in
771 3121 893 3202 Synodo
917 3123 1049 3186 Nisaena
1073 3133 1181 3184 eontra
1204 3121 1311 3184 Arium
1332 3131 1360 3184 et
1383 3123 1478 3184 Arta-

245 3239 301 3284 nos
323 3233 407 3301 aesta
430 3232 530 3284 essent
552 3225 688 3296 reseirst,
713 3229 834 3305 ropauit
855 3221 888 3284 S.
913 3225 1125 3294 Athanasium,
1149 3232 1184 3286 ut
1205 3227 1259 3302 qui
1278 3227 1341 3302 ipse
1366 3222 1479 3286 Conri-
1544 3277 1545 3316 ,

248 3323 288 3385 lio
310 3323 465 3402 edisserat,
489 3335 679 3400 rem-totam,
700 3336 796 3404 prout
819 3337 887 3386 acta
907 3326 1022 3404 suerat,
1046 3325 1105 3386 sihi
1123 3320 1215 3384 uellet
1230 3337 1379 3384 narrare:
1397 3321 1479 3402 quod

246 3421 300 3484 hae
323 3427 355 3484 in
377 3422 507 3504 epistola
529 3424 646 3486 abunde
665 3435 808 3506 praestat
829 3425 1024 3488 Athanasius.

330 3523 367 3584 ll.
413 3524 454 3584 As
472 3528 573 3604 primo
597 3525 713 3606 quidem
735 3530 867 3605 eaapitat
883 3515 1070 3586 Asianorum
1091 3525 1328 3586 inconstantiam
1349 3525 1383 3583 in
1405 3541 1478 3586 sen-
1544 3543 1545 3600 1

247 3628 348 3686 tentiis
370 3625 532 3695 mutandis,
556 3627 635 3706 quod
653 3643 772 3704 prauae
794 3627 949 3688 doetrinae
972 3629 1090 3703 sianum
1112 3625 1232 3686 eutem
1255 3643 1318 3685 esse
1332 3625 1384 3693 ait,
1409 3641 1478 3685 anm

247 3727 419 3786 constantio
451 3729 491 3785 sit
523 3743 614 3786 uerae
649 3727 791 3788 india‘nm
825 3736 950 3788 certum.
998 3721 1069 3785 Tum
1099 3725 1231 3786 breuiter
1254 3734 1476 3792 commeruerat,
1544 3769 1545 3782 ,

246 3825 392 3905 quomodo
405 3823 547 3904 Synodus
570 3843 602 3888 se
624 3825 894 3905 erpaiinsehianos
917 3830 1004 3888 initio
1026 3829 1163 3904 pessarit,
1186 3842 1221 3884 aa
1235 3834 1395 3905 postquam
1410 3829 1476 3904 ipss
1544 3831 1545 3840 ’

247 3929 280 3986 in
301 3925 487 3988 Eusebianos
509 3926 713 4007 Arianantpue
743 3931 923 4006 impietatem
948 3925 1074 4006 proditae
1096 3929 1170 3985 sotis
1192 3927 1328 3987 invertas
1350 3935 1397 3986 est
1419 3942 1477 3986 aa·
1544 3903 1545 3942 ¹

248 4029 353 4106 niaque
375 4025 502 4090 illorum
525 4025 641 4105 refellit
656 4039 845 4104 armamenta,
868 4039 903 4088 nt
919 4024 1050 4105 depellat
1065 4029 1311 4097 seminationem,
1335 4027 1479 4104 quadril

246 4124 387 4203 fautores
410 4131 442 4188 in
457 4127 613 4206 Synodnm
628 4125 790 4188 Nisuenam
805 4128 980 4195 rotabantur,
1004 4127 1083 4205 quod
1097 4125 1210 4188 seilicet
1225 4145 1305 4188 novo
1320 4130 1476 4206 eaaom'ta-
1544 4121 1545 4182 i

248 4227 328 4287 uerit
349 4227 506 4297 uomhula,
530 4227 658 4290 dilucide
680 4229 821 4307 soponit,
843 4215 974 4308 quonum
992 4234 1082 4306 puoto
1106 4226 1195 4288 dolus
1217 4232 1387 4306 astutiaque
1410 4223 1476 4286 ttu-

248 4325 442 4400 sehianorum
466 4327 573 4391 Patres
603 4327 783 4410 compulerit
805 4327 845 4389 acl
866 4327 1088 4400 declarantium,
1114 4325 1223 4390 Filium
1252 4345 1317 4388 esse
1340 4343 1378 4386 ea
1400 4323 1473 4386 sub-

248 4425 355 4486 stantia
372 4426 474 4490 Patris
491 4437 519 4490 et
531 4428 620 4490 Patri
640 4427 933 4492 consubstantialem.
982 4427 1072 4500 Quod
1091 4429 1168 4490 tuen
1190 4432 1280 4490 etiam
1294 4423 1395 4506 refert
1411 4427 1475 4504 epi-

248 4525 330 4586 stola
352 4527 391 4590 od
412 4529 517 4608 Afros.
