3106 5056
500 365 609 410 oeerro
624 365 657 410 n.
674 367 789 410 course
804 367 940 412 seruans.
1258 357 1320 422 415

95 513 127 577 ab
150 513 291 578 omnibus
314 531 384 578 esse
406 513 543 588 declarat,
566 535 634 579 cuna
656 536 691 579 ex
714 535 805 598 supra
821 518 908 580 diotis
924 527 1052 595 constet,
1074 521 1183 587 nuliam
1199 541 1215 584 e
1230 523 1410 587 robustam.

94 616 199 678 oreada
221 615 307 696 prior
330 615 420 678 attera
442 617 546 679 tactem
570 637 655 693 esee,
685 618 739 682 sed
761 637 811 682 res
835 639 939 682 omnes
962 623 1051 684 tanes
1073 643 1134 686 uno
1157 623 1322 704 eodemque

93 717 229 782 mandato
258 717 348 780 simut
380 705 531 782 extitisse
568 717 645 782 ilino
672 738 728 782 nee
756 721 859 783 eadern
889 721 1025 786 adiuncta
1048 732 1118 786 sunt
1140 725 1321 789 dictionibus

94 823 207 884 ornei!
229 825 260 880 et
279 823 374 900 §ipsit
394 837 455 890 ere,
479 819 532 882 sed
556 829 627 900 post
649 827 767 885 ereooit
788 821 904 885 additur
921 827 1110 905 principium
1132 831 1270 902 ιιιιινιιιιις
1293 835 1324 888 ιι

92 937 150 980 non
180 919 268 982 dixit:
299 919 479 1000 principium
507 920 601 999 piguit
627 941 692 997 me,
720 924 772 995 sed
803 935 874 986 oute
896 941 1000 987 omues
1020 929 1116 1006 qiquit
1136 945 1191 989 me.
1236 927 1321 1008 Atqui

91 1023 126 1094 is,
150 1021 201 1101 qui
224 1029 292 1084 ante
314 1039 421 1084 omnes
443 1029 501 1095 est,
524 1040 585 1085 non
610 1033 657 1086 est
679 1025 812 1088 omnium
835 1024 1026 1106 principium,
1050 1026 1103 1089 sed
1125 1027 1200 1090 attus
1224 1037 1271 1092 eet
1285 1027 1322 1092 ab

93 1122 242 1186 omnihus.
286 1123 374 1197 Quod
402 1123 428 1186 ei
458 1124 534 1186 otius
561 1133 609 1188 est
639 1125 676 1188 ob
698 1126 852 1199 omnibus,
884 1126 964 1189 inter
985 1145 1061 1207 quae
1082 1129 1181 1208 ipsum
1203 1147 1322 1210 qnoque

90 1223 267 1305 principium
289 1224 424 1290 omniunt
446 1227 725 1306 comprehenditur,
753 1228 832 1292 houd
855 1228 978 1290 dubium
1001 1237 1065 1302 eet,
1093 1229 1164 1309 quin
1186 1227 1260 1292 eiius
1283 1227 1323 1292 sit

92 1345 107 1386 a
129 1326 220 1390 rebus
241 1327 359 1390 mutis.
403 1327 441 1390 Et
461 1328 587 1409 proinde
609 1347 675 1394 oum
697 1329 827 1394 Verbum
849 1329 928 1392 atiud
950 1329 991 1392 eit
1011 1329 1048 1391 eb
1071 1329 1211 1392 omnibus
1233 1337 1407 1410 etquenam.

92 1437 159 1490 ente
182 1428 280 1492 omnio
302 1428 419 1502 existat,
443 1430 564 1492 evidens
587 1439 643 1504 est,
667 1431 766 1510 ipsura
788 1441 895 1510 postea
917 1431 1046 1496 humana
1068 1440 1201 1494 assumta
1218 1441 1321 1494 natura
1445 1451 1450 1460 ·

92 1529 186 1606 ornari
206 1530 383 1611 principium
406 1531 517 1593 viarum
540 1531 571 1594 in
594 1549 701 1611 opera,
729 1541 780 1606 ut,
808 1531 1057 1612 quemadmodum
1087 1533 1129 1596 ait
1149 1533 1320 1614 Apostolus,

54 1680 61 1700 .
89 1631 154 1705 iiie,
190 1631 240 1712 qni
270 1633 448 1714 prinopiom
477 1642 507 1695 et
533 1633 750 1714 primogenitus
780 1642 827 1696 ost
849 1653 884 1696 er
912 1635 1055 1709 mortuis,
1088 1635 1167 1697 idem
1195 1636 1262 1718 ipse
1290 1633 1322 1698 in

88 1731 229 1795 omnibus
252 1734 410 1814 primatum
433 1742 540 1796 teneat.

119 1969 125 1978 ·
173 1937 228 2001 ot.
272 1936 462 2018 Quapropter
485 1937 561 2030 ὀιιιιι
588 1937 618 1999 id
645 1936 827 2034 discriminis
857 1937 1020 2000 intercedat
1048 1937 1128 2002 inter
1155 1943 1271 2002 rreooit
1292 1947 1323 2002 et

84 2043 182 2120 pipeit
203 2057 251 2101 ere
271 2045 358 2119 etque
377 2043 567 2121 preireipium
589 2044 710 2102 ntemm
732 2049 762 2100 et
784 2049 855 2103 onte
878 2057 989 2114 onnes,
1013 2040 1247 2104 concludendum
1263 2049 1320 2116 eet,

85 2139 199 2213 Deum,
230 2139 282 2220 qui
310 2141 465 2204 hominum
493 2149 696 2216 creatorem,
727 2161 784 2221 per
813 2158 900 2204 suum
929 2141 1075 2214 Verbum,
1107 2144 1188 2223 quod
1210 2143 1240 2206 io
1262 2143 1320 2206 iilis

84 2242 217 2315 habitat,
251 2242 413 2304 eorundem
444 2252 559 2322 petrem
591 2252 697 2324 posteo
724 2243 799 2304 tisri.
843 2243 886 2304 De
916 2243 1015 2305 Verbo
1046 2252 1146 2306 eutem
1173 2243 1323 2307 contrario

84 2345 213 2408 omnino
235 2352 284 2405 est
304 2345 389 2406 ratio.
435 2343 586 2424 Siquidem
610 2345 704 2416 Deus,
737 2344 787 2423 qui
810 2343 899 2406 Verbi
926 2344 1015 2406 Pater
1036 2349 1141 2408 nuurt
1165 2356 1226 2421 est,
1255 2347 1321 2410 eius

82 2453 156 2526 poet
178 2446 254 2508 haec
273 2455 391 2508 creator
411 2455 442 2508 et
463 2447 586 2510 effector
607 2446 700 2509 iectus
723 2455 785 2518 est,
816 2463 882 2508 onor
906 2445 1021 2508 seilicet
1041 2445 1171 2510 Verbum
1192 2458 1322 2512 oreatom

84 2557 112 2610 et
140 2549 250 2610 tantam
279 2565 397 2610 earnem
430 2548 525 2610 induit
555 2556 585 2610 et
617 2548 707 2610 homo
739 2549 834 2610 taetus
866 2553 922 2609 est.
966 2547 1040 2609 Nam
1075 2549 1151 2611 siout
1183 2551 1321 2613 homines

81 2647 197 2728 spiritu
220 2647 286 2710 Filii
309 2657 429 2730 recepto
452 2650 504 2712 iiiii
531 2667 586 2730 por
606 2649 713 2729 ipsum
741 2647 926 2720 efficiuntur3
958 2649 1002 2710 ita
1028 2649 1080 2710 ttei
1094 2637 1233 2712 'Verbum
1254 2669 1321 2712 oraru

80 2751 248 2814 humanam
271 2769 389 2814 amena
410 2752 515 2826 induit,
539 2761 611 2816 tuno
632 2758 662 2812 et
684 2748 779 2812 areeri
801 2761 831 2812 et
852 2750 960 2812 iactum
977 2769 1046 2812 usse
1061 2749 1179 2812 dieitur.
1217 2751 1320 2831 itaque

78 2853 106 2914 si
130 2871 192 2914 nus
215 2855 320 2914 neturt
342 2851 393 2914 fflii
421 2871 542 2926 sumus,
577 2852 729 2916 intendunt
762 2869 882 2931 quoqne
910 2861 973 2926 est,
1006 2851 1135 2913 Verbum
1165 2857 1269 2915 natnrt
1292 2860 1322 2915 et
1348 2901 1365 2922 ,.
1461 2913 1464 2922 ,

81 2963 223 3018 meatum
252 2961 282 3016 et
309 2955 418 3018 iaotum
447 2973 525 3016 esee.
571 2953 630 3016 Sed
654 2953 680 3016 si
702 2971 760 3016 nos
783 2953 943 3031 adoptione
966 2961 1080 3014 tontum
1103 2961 1134 3015 et
1154 2955 1247 3034 gretie
1269 2951 1322 3017 titii

77 3056 244 3126 efficitur,
267 3055 377 3118 riorum
398 3056 511 3135 puriter
533 3067 589 3130 est,
613 3055 742 3117 Verbum
764 3065 888 3135 propter
909 3055 1032 3134 gratiam
1049 3055 1138 3118 nobis
1153 3057 1321 3122 donandam

75 3157 197 3218 tautum
220 3155 371 3220 homiuem
394 3159 519 3220 dixisse:
543 3157 690 3222 Dominus
713 3163 903 3221 creamine.
949 3156 1061 3218 tteinde
1083 3157 1321 3237 quandoquidem

75 3263 190 3320 creato
219 3276 345 3338 corpore
373 3267 507 3322 assumto
539 3260 636 3322 nostri
664 3258 827 3322 seeundum
856 3276 965 3338 eorpus
997 3257 1104 3321 similis
1138 3262 1233 3324 iactes
1263 3249 1319 3336 est,

73 3361 153 3424 ideo
185 3379 248 3422 nou
280 3361 430 3424 immerito
459 3371 489 3423 et
518 3363 608 3436 trater
637 3372 740 3423 noster
768 3369 798 3422 et
825 3359 1041 3440 primogenitus
1071 3362 1235 3442 appellatus
1264 3369 1320 3425 est.

75 3463 159 3524 Nam
184 3465 306 3526 umetsi
327 3473 399 3543 post
419 3483 477 3526 noe
500 3463 591 3526 horno
614 3471 738 3544 propter
760 3479 818 3524 nos
840 3451 935 3524 iaetus
958 3472 1015 3536 est,
1038 3481 1073 3525 au
1087 3465 1212 3544 proinde
1231 3467 1322 3528 irater

74 3573 194 3628 noster
222 3563 263 3628 ob
290 3566 428 3646 eorporis
459 3565 699 3638 similitudinem
733 3583 835 3627 verum
868 3583 902 3626 ea
931 3563 1047 3626 rationo
1080 3566 1188 3628 dieitur
1216 3573 1247 3628 et
1273 3573 1320 3634 eet

73 3675 194 3729 noster
214 3665 448 3746 primogenitus,
477 3677 623 3746 quotenus
652 3667 791 3728 omnibus
814 3665 984 3729 homiuibus
1006 3665 1085 3728 Adae
1106 3675 1227 3746 peceato
1248 3683 1321 3744 per-

73 3769 154 3830 ditis
188 3768 255 3830 eius
284 3787 354 3830 earo
375 3779 409 3830 ut
429 3777 501 3848 pote
523 3769 611 3832 Verbi
634 3787 744 3848 eorpus
767 3769 841 3829 iacta
864 3767 1114 3848 primoomnium
1137 3771 1253 3828 servate
1275 3773 1323 3826 est

73 3881 105 3932 et
129 3869 276 3943 liberata,
299 3869 428 3951 indeque
450 3889 517 3940 nus.
541 3880 572 3932 ιιι
594 3872 643 3950 qui
667 3889 734 3932 oum
756 3870 855 3932 Verbo
878 3887 1006 3948 corpore
1029 3887 1134 3930 sumus
1157 3865 1319 3940 coniuncti,
1429 3937 1435 3946 Ι

68 3991 131 4052 per
157 3971 244 4034 idern
266 3971 332 4032 eins
353 3987 464 4050 eorpus
486 3971 560 4034 satri
582 3971 735 4039 efficimur.
778 3972 813 4035 tn
835 3971 886 4033 iilo
907 3969 1055 4050 siquidem
1072 3967 1161 4030 nohis
1176 3965 1321 4030 Dominus

104 4195 124 4243 t.
153 4190 234 4242 Gabi.
253 4197 278 4240 et
294 4190 400 4240 Feickrn.
421 4191 444 4240 i.
460 4185 572 4256 piratae
594 4189 681 4240 πᾶσιν
766 4193 787 4241 t.
807 4189 847 4241 Sir
865 4193 963 4252 Srqoer.
984 4187 1205 4242 contestatum.
1226 4186 1285 4263 ¹3⁸²
1297 4185 1321 4240 4.

65 4249 246 4338 uparaaiupv.
282 4257 335 4308 iton
357 4259 459 4321 Sequar.
482 4269 507 4310 et
523 4263 580 4324 tteq.
598 4253 681 4320 οὔσης
730 4259 775 4309 itti
794 4273 849 4308 roro
869 4267 892 4309 ιι
909 4257 966 4307 editi
990 4253 1182 4323 ompotentiae,
1201 4245 1319 4310 ebroauc.

67 4323 282 4460 dtzwgffim
303 4387 347 4443 'tt
363 4393 421 4442 editi
439 4377 519 4448 οὗτος
767 4363 782 4411 ''
803 4361 847 4440 ..⁸³⁰
864 4361 963 4438 ΜΨ·
983 4359 1039 4438 affl·
1059 4359 1156 4438 ὓθὴιιθῖ·
1176 4357 1279 4437 ΨΜ·
1300 4358 1323 4408 ¹·

104 4435 132 4514 ι’.
155 4463 206 4512 sse
224 4463 325 4524 segnes.
343 4463 442 4512 notor.
461 4429 566 4514 retain.
588 4463 608 4512 ι.
620 4463 680 4514 ot.
731 4431 759 4480 Α*
777 4430 817 4479 ⁸¹¹¹
836 4438 859 4479 ‘²
877 4428 932 4478 “¹¹¹¹
952 4433 1065 4477 ⁰⁰²¹¹¹¹¹¹¹²
1082 4420 1111 4474 δ’
1136 4439 1214 4492 ΨΜ·

63 4533 115 4584 diii
137 4543 208 4580 vero
227 4537 251 4578 et
268 4529 325 4580 editi
341 4521 397 4594 γάρ
415 4533 536 4581 omittunt.
767 4545 799 4580 ιιι.
817 4529 916 4592 Sequor.
936 4529 992 4591 Res.
1011 4528 1156 4578 elicietur.
1174 4527 1198 4577 d
1217 4517 1324 4594 πρωτό-

8 4615 14 4628 ·
103 4603 124 4651 i.
146 4599 261 4660 Sequor.
273 4591 404 4664 φανερὸν
421 4589 472 4648 du.
732 4609 818 4651 rosor.
857 4599 937 4650 Ceteri
954 4603 978 4647 et
995 4598 1053 4648 editi
1069 4595 1185 4664 πρῶτος.
