3122 5060
500 359 607 406 unsrro
623 359 667 404 ru.
682 359 799 404 course
812 359 947 408 emenus.
1264 345 1328 410 523

108 509 208 574 eadem
228 528 264 572 ac
281 509 409 574 indueus
428 509 521 592 loqui.
566 509 710 573 Convenit
730 509 810 573 enim
832 509 944 574 euseb
965 509 1084 574 illorum
1105 517 1205 577 mento
1227 511 1416 578 disce-reu.

108 613 191 686 dere,
218 630 346 692 qnorum
367 631 478 675 nomen
499 613 657 692 refugiunt
701 611 860 674 Enimvero
889 631 947 675 nus
975 612 1134 676 Christiani
1162 631 1326 688 sumus,o

107 713 220 787 triani,
257 733 316 794 nos
348 715 468 796 inqrram
507 713 666 778 Chrislimi
699 733 821 787 sumus,
853 714 1067 794 propriumque
1105 719 1243 780 nostrum
1280 726 1329 779 est
1389 783 1394 800 ,

107 815 262 896 Evangelio
287 815 325 878 de
346 815 498 878 Salvatore
520 823 600 878 recte
622 815 799 896 intelligere,
828 834 891 878 uun
912 824 1010 878 aulem
1033 835 1101 880 oum
1123 835 1189 882 oum
1210 818 1328 882 ludaeis

107 917 251 998 lapidibus
265 927 432 1000 percutere,
454 917 481 980 si
499 919 599 998 ipsum
622 918 659 980 de
675 935 729 980 sua
752 917 905 980 divinitate
920 918 1138 981 coaeternitate
1158 920 1329 1000 loquentem

107 1020 274 1094 audiemus,
305 1039 402 1100 noque
430 1020 599 1082 scandalum
622 1019 775 1082 vobiscum
796 1019 859 1100 pati
886 1018 924 1080 uh
946 1019 1070 1082 humilis
1092 1021 1198 1112 rerba,
1220 1022 1329 1101 quibus

107 1133 137 1185 ιιι
162 1122 255 1185 homo
282 1123 385 1186 ulitur.
430 1122 620 1203 Quapropter
646 1121 673 1184 si
700 1140 754 1184 ros
783 1121 943 1186 Christiani
975 1138 1094 1201 qnoque
1116 1141 1185 1186 esse
1207 1125 1329 1204 optatis,
1419 1099 1428 1122 x

106 1224 331 1288 trutmoniam
353 1224 509 1303 deponite,
537 1233 712 1303 vestrasque
740 1242 827 1286 aures
855 1224 954 1303 impiis
976 1223 1139 1289 maledictis
1161 1225 1329 1289 sordidatus

107 1327 163 1405 piis
185 1326 293 1392 abluite
315 1325 523 1398 sermonibus,
556 1324 801 1405 exploratumque
829 1325 870 1388 sit
890 1308 975 1386 vobis
998 1325 1098 1388 statim
1120 1335 1208 1406 utque
1229 1328 1330 1394 uriam

110 1445 176 1489 esse
196 1427 382 1502 destiteritis,
407 1427 582 1514 ludaeorum
604 1445 724 1508 quoque
744 1427 970 1510 perversitatem
994 1427 1182 1503 dimissurus,
1205 1429 1329 1509 loroque

110 1539 140 1591 ιιι
159 1529 288 1594 tenebris
311 1529 463 1610 dissipatis
484 1530 535 1594 lux
556 1530 690 1592 veritatis
717 1529 803 1592 vohis
832 1530 973 1592 coutinud
1002 1527 1155 1610 affulgeat,
1188 1549 1245 1594 nec
1271 1551 1330 1594 uos

106 1632 160 1694 ianr
185 1632 312 1712 amplius
334 1632 537 1696 calumniaturi
566 1631 649 1704 sitis,
682 1633 766 1710 quasi
794 1631 854 1696 duo
882 1641 1001 1696 aeterna
1027 1649 1243 1711 agnoscamus3
1275 1653 1330 1696 rus

105 1735 213 1816 quippe
235 1735 294 1815 ipsi
315 1734 497 1814 intelligetis,
520 1733 679 1796 Dominum
700 1753 802 1796 verum
825 1741 855 1796 et
876 1733 1040 1798 naturalem
1055 1733 1109 1796 llei
1123 1733 1227 1796 Filium
1251 1755 1329 1810 esse,

104 1853 156 1897 nec
177 1835 382 1900 unmmmodo
404 1845 557 1950 supernum
580 1855 648 1898 esse
670 1835 807 1914 agnosci,
836 1835 890 1898 sed
922 1834 1009 1898 etiarn
1032 1834 1120 1898 simul
1142 1855 1209 1903 uum
1231 1845 1328 1900 neter-

104 1937 195 2000 nitate
215 1937 312 2000 Patris
335 1939 474 2000 existere.
517 1937 580 2000 Alia
612 1937 758 2016 siquidem
788 1949 873 2012 suut,
903 1956 977 2017 quae
1000 1948 1119 2000 autema
1140 1957 1259 2020 quoque
1281 1940 1329 2001 di-

104 2048 226 2113 suntur,
254 2058 380 2120 quornm
404 2049 501 2104 umen
523 2037 589 2119 ipse
612 2041 734 2102 elleclor
755 2050 817 2114 est;
846 2057 914 2101 uam
934 2039 1059 2110 Psalmo
1076 2040 1220 2119 vigesimo
1243 2042 1329 2104 tertio

104 2142 246 2222 seriptum
268 2151 330 2206 est:
370 2141 476 2204 Tollite
493 2153 603 2221 portos
631 2146 784 2222 principes
813 2155 949 2217 uestros,
979 2154 1006 2205 et
1035 2143 1196 2206 elevemini
1218 2154 1330 2224 perlue

103 2255 252 2306 astemoe.
287 2244 394 2306 Verum
417 2253 465 2306 est
485 2252 583 2306 autem
607 2244 681 2306 haec
702 2241 738 2304 ab
760 2243 810 2306 illo
833 2245 907 2306 lacta
930 2263 1014 2318 esse3
1037 2253 1217 2323 quopropter
1240 2247 1265 2306 si
1280 2244 1331 2307 ille

103 2361 203 2408 rmum
224 2354 411 2408 aeternarum
433 2344 532 2426 opifer
554 2350 617 2417 est,
646 2344 712 2423 quis
734 2352 873 2406 nostrum
895 2345 952 2406 iarn
975 2345 1006 2406 in
1028 2345 1149 2406 dubium
1173 2348 1330 2422 vocaverit,

104 2444 202 2523 ipsum
224 2465 295 2508 esse
316 2455 384 2507 ante
406 2465 455 2508 res
477 2445 649 2508 huiusmodi
673 2443 830 2508 aeternas?
858 2449 895 2508 ht
915 2465 986 2508 vero
1009 2465 1070 2508 non
1091 2456 1149 2508 ιιιιιι
1171 2448 1209 2510 oh
1231 2458 1328 2512 neter-

105 2547 224 2612 nitatern
247 2547 436 2628 cognoscitur
458 2547 618 2620 Dominus,
652 2565 738 2625 quarn
761 2547 840 2626 quod
863 2546 916 2610 hei
937 2547 1029 2610 Filius
1051 2555 1106 2608 est.
1152 2548 1227 2620 Quia
1249 2550 1329 2613 enirn
1399 2627 1403 2642 ·

106 2657 151 2709 est
168 2650 281 2722 Filius,
301 2650 371 2711 hino
392 2669 409 2712 a
430 2650 519 2712 Patre
541 2647 715 2727 separabilis
738 2665 800 2708 uon
822 2657 885 2719 est,
915 2667 1012 2726 neque
1035 2649 1090 2710 luit
1111 2667 1239 2728 unum
1263 2667 1329 2712 cuns

104 2767 162 2814 non
195 2757 293 2824 esset,
328 2750 381 2812 sed
410 2769 529 2829 semper
556 2751 627 2823 luit,
662 2767 787 2828 cunique
818 2749 859 2812 sit
885 2749 982 2827 imago
1005 2757 1036 2810 et
1057 2749 1199 2828 splendor
1219 2750 1328 2824 Patris,
1415 2808 1417 2818 .

103 2854 307 2916 aeternitatem
328 2871 447 2934 quoqne
469 2851 564 2914 Patris
587 2851 732 2932 possidet.
768 2852 872 2930 ltaque
894 2867 952 2931 qus
973 2851 1093 2930 quidem
1115 2851 1231 2913 ratione
1254 2841 1413 2938 con-hers.

104 2953 168 3016 victi
191 2931 302 3018 lueiint
323 2953 399 3016 mule
421 2953 469 3016 illa
486 2954 657 3034 Scripturas
677 2954 742 3016 loca
765 2953 939 3032 intelligere,
961 2971 1036 3032 quoe
1059 2951 1269 3026 obtendebant,
1292 2969 1329 3014 er

103 3055 161 3132 his,
185 3075 262 3136 qnuc
284 3074 373 3135 snpra
396 3058 498 3136 paucis
521 3056 668 3136 disputato
692 3065 771 3128 sunt,
794 3055 869 3117 disci
890 3063 1009 3135 potest3
1027 3055 1111 3135 quod
1126 3063 1224 3116 autem
1240 3055 1329 3121 erius

104 3175 148 3232 ea,
171 3167 247 3237 qma
268 3175 348 3220 nnnc
370 3177 404 3218 er
427 3157 593 3236 Evangellis
616 3166 788 3238 opponunt,
811 3157 905 3220 futilia
927 3155 1085 3220 admodum
1106 3175 1142 3220 ac
1161 3158 1237 3220 levia
1258 3158 1330 3234 sint,

103 3257 188 3320 facile
220 3260 390 3340 perspicere
421 3270 484 3334 est,
518 3260 545 3322 si
574 3259 605 3320 in
637 3259 743 3339 primis
772 3257 837 3342 quis
860 3261 899 3322 sit
921 3259 1105 3321 Christianae
1127 3259 1195 3336 fidei
1218 3279 1327 3341 scopus

101 3363 342 3442 perceperimus,
371 3379 466 3442 eoque
493 3371 631 3444 tanquam
654 3364 756 3442 regula
777 3370 893 3424 utentes
915 3361 1035 3441 lectioni
1058 3361 1228 3441 scripturae
1243 3359 1328 3424 'divi-

102 3463 181 3526 nitus
205 3463 385 3544 inspiratae,
407 3474 440 3526 ut
460 3473 562 3526 munet
582 3465 761 3544 Apostolus,
784 3464 1009 3526 attenderimus.
1054 3447 1139 3548 llunc
1161 3465 1240 3528 enim
1262 3483 1329 3526 cum

105 3641 139 3700 dr
160 3644 331 3717 δημιουργὸς
357 3642 539 3716 chordulae.
565 3646 690 3718 καὶγὰρ
741 3645 808 3700 ἐστι.
844 3651 922 3702 Ceteri
940 3661 964 3702 et
981 3651 1038 3701 editi
1056 3642 1101 3698 dre
1118 3643 1133 3698 d
1150 3643 1209 3702 uide·
1225 3645 1292 3698 ἐστι,

103 3712 189 3778 Δαβὶὅ
215 3731 311 3782 φησιν.
350 3719 396 3768 dlii
421 3727 444 3768 et
468 3721 524 3769 editi
549 3709 631 3772 odedu
655 3711 691 3771 eds
776 3721 800 3768 h.
819 3719 883 3769 llsoc
900 3721 970 3769 verba
988 3711 1105 3784 ἔχεικαὶ
1122 3710 1331 3778 rirrrii'dtdrnru

102 3779 154 3850 dap
243 3779 272 3840 's
292 3779 384 3851 κύριός
400 3779 483 3836 ἐστιν.
503 3777 534 3836 ἐν
549 3781 605 3855 γὰρ
623 3783 692 3848 ψαλ-
741 3785 791 3834 τοῦ
807 3779 912 3854 πατρός
929 3789 1016 3838 absunt
1033 3801 1047 3835 s
1065 3786 1163 3838 Gobler.
1181 3793 1205 3834 et
1225 3786 1329 3838 Felclrm.

100 3799 369 3972 rellan
461 3916 544 3970 n,
561 3915 592 3971 u
608 3914 684 3970 ιη,
744 3853 1331 3972 tristerluteepirrenus

101 3989 125 4040 ln
144 3940 257 4041 'sliidset
272 3959 350 4040 'editis
370 3938 445 4040 ituri
467 3939 505 4040 dni.
545 3991 618 4040 Panlo
636 3959 692 4054 post
743 3989 847 4039 Feletm.
874 3937 1070 4070 li⁰driuc⁸piri
1093 3937 1148 4037 orii.
1190 3989 1216 4038 lu
1234 3956 1295 4037 ullis¹
1307 3997 1330 4038 et

99 4057 156 4120 lter.
178 4061 202 4110 l.
222 4068 247 4108 st
262 4055 421 4122 segnensis
437 4049 516 4126 ἡμῶν
532 4052 573 4107 ἔτι
595 4049 692 4106 λοιπόν
742 4058 847 4108 editione
866 4058 983 4108 Commel.
1003 4071 1053 4106 our
1070 4057 1145 4106 deest
1173 4055 1225 4105 llor
1237 4055 1293 4117 lleg.
1306 4058 1328 4105 l.

99 4135 143 4176 etc.
172 4127 274 4178 Coblar.
291 4134 317 4177 ut
333 4127 437 4178 Colchus.
459 4128 481 4179 l.
499 4123 540 4180 r'lr
555 4119 634 4192 ὑμῶν
650 4119 692 4175 ἔτι
742 4127 842 4186 Sepuer.
867 4126 966 4176 Gobler.
992 4133 1016 4175 et
1041 4125 1145 4173 Felelm.
1167 4123 1187 4172 l.
1206 4135 1330 4188 προιφα·

97 4189 199 4242 λοιπόν
224 4203 268 4244 eto.
304 4195 349 4246 stit
374 4204 398 4246 ut
415 4195 489 4247 editio
508 4197 626 4247 Commel.
650 4189 691 4248 τίς
742 4188 858 4249 σίζοντα.
885 4191 934 4242 Alii
952 4201 976 4242 et
988 4193 1060 4242 editio
1070 4191 1187 4242 Commel.
1205 4183 1331 4258 lupecu-

99 4253 179 4326 s‘pru'w
197 4254 241 4310 ἔτι
258 4253 448 4329 ἇμφιριίυιιν,
742 4257 859 4318 ulduno.

131 4343 155 4392 g.
174 4330 220 4380 Sic
237 4331 293 4392 [ιιι.
313 4332 335 4389 1,
353 4331 493 4393 Segnerisn.
512 4331 649 4382 Gublsrlun.
668 4338 692 4381 ot
776 4330 791 4380 i.
816 4330 872 4391 lter.
894 4329 915 4378 l.
934 4336 959 4378 ot
974 4322 1328 4394 8οςιιιι.·ιιροφασίζιινιαι,

98 4397 209 4447 l'elelrm.
230 4399 253 4448 l.
292 4399 378 4449 ttulit
396 4399 490 4450 etodlti
508 4389 540 4448 uir
558 4397 692 4447 τοσοῦτον
741 4392 771 4446 hs
788 4395 844 4444 τῶν
867 4387 1032 4460 εὐαγγελίων
1056 4387 1198 4446 δείκνυται.
1242 4397 1287 4447 llil
1305 4405 1334 4460 et

98 4457 194 4520 ἁπλῶς
212 4457 241 4514 br
257 4463 306 4545 ¹9¹³
324 4458 415 4546 cildloo
436 4459 631 4546 prospigsrnpnd
648 4458 692 4514 ad·
742 4466 801 4546 editi
816 4459 1038 4544 προφασίζονται
1054 4460 1113 4554 ude,
1132 4456 1160 4512 lar
1178 4461 1235 4512 τόν
1251 4453 1330 4526 abor·
1352 4465 1357 4480 “

97 4543 166 4651 hid
187 4529 556 4668 nllltllflfflslll
573 4529 693 4655 iiiii}
741 4530 843 4666 llll.
860 4529 1161 4668 llllll'lllnlll
1174 4533 1244 4650 lle
1259 4533 1280 4581 ¹·
1306 4538 1333 4646 ²¹.
