3032 5048
407 321 522 368 coarat
537 323 753 370 annuntiantur
769 327 853 372 marn
869 329 890 373 r.
1199 317 1260 382 893

14 521 18 546 ,
56 493 165 554 quae
192 483 282 556 gesta
303 481 381 548 aunt,
404 475 559 555 phantasia
582 495 701 556 quoque
725 477 886 540 existimari
899 477 1025 554 debeam
1048 482 1211 544 sinautem
1229 483 1345 568 incana.

14 577 136 638 ritate
166 575 253 638 dicta
275 577 344 650 sint,
367 577 520 657 alienaque
542 578 664 640 omnino
687 580 763 640 tacta
787 587 834 644 cat
854 579 951 642 anima
966 579 1084 645 Domini
1102 602 1117 645 a
1133 585 1257 664 proprio

14 677 169 756 gitandi
196 678 301 751 modo,
324 696 392 742 cum
413 679 478 740 vioe
500 679 610 742 mentia
633 679 726 742 Deam
748 680 879 742 Verbum
901 681 1023 753 haheat,
1046 684 1258 748 immutabilem

17 799 136 840 rsum
173 781 276 842 tuisse
303 779 334 842 in
356 781 509 854 dolorem,
539 781 717 844 anxietatem
740 790 770 842 at
790 781 1044 862 perturbationem
1066 786 1187 865 impium
1212 794 1260 848 eat
1315 829 1319 836 -

14 883 161 960 ·gitare.
214 881 300 944 Etsi
322 881 478 962 Evangelia
502 882 616 944 dicant:
649 881 801 948 Tarentus
824 895 870 946 eat
891 883 978 946 Iecur
1002 883 1136 965 Spiritu,
1158 887 1190 948 id
1211 895 1259 948 ta-

15 1002 68 1044 en
100 983 251 1045 declarat
273 983 418 1046 Dominus
440 985 477 1044 de
500 985 597 1046 anima
621 983 844 1063 intelligendum
866 1003 953 1059 eoae,
976 986 1046 1046 dum
1069 986 1123 1047 ait:
1153 993 1261 1052 Animo

14 1103 63 1147 aa
95 1086 243 1148 turbato
264 1096 318 1148 eat.
363 1086 451 1159 Quod
479 1086 506 1147 ai
528 1103 600 1148 auae
622 1085 767 1150 Dominus
789 1087 904 1148 amne
928 1087 1137 1167 cogitationem
1160 1089 1257 1149 mani·

14 1196 117 1260 :stat,
152 1187 187 1249 id
219 1188 280 1267 agit
306 1196 340 1250 ut
367 1187 485 1250 animae
513 1197 636 1249 nostrae
665 1205 734 1250 sese
761 1188 962 1267 attemperet,
995 1207 1054 1268 quo
1076 1189 1122 1250 aio
1143 1197 1173 1250 et
1195 1188 1258 1252 aius

14 1290 229 1369 iteliigamna
250 1289 423 1368 passionem
448 1296 478 1349 ct
499 1305 567 1350 eum
590 1287 804 1368 impassibilem
827 1287 1029 1352 confiteamur.
1075 1287 1158 1352 Sicut
1180 1289 1258 1354 enim

14 1391 170 1470 unguine
202 1390 300 1451 monis
330 1407 404 1451 anae
424 1398 490 1449 nas'
505 1388 650 1461 redemit,
679 1390 723 1450 sio
745 1389 923 1469 cogitatione
943 1391 1052 1452 mantis
1074 1409 1146 1454 auae
1168 1409 1260 1470 quem

15 1511 63 1553 ro
90 1491 193 1553 nobis
217 1491 382 1570 reportavit
402 1489 555 1552 victoriam
577 1490 625 1552 his
647 1490 776 1553 declarat
796 1490 914 1554 verbis:
936 1491 998 1570 Epo
1021 1495 1082 1556 viai
1099 1493 1254 1576 mamm,

15 1605 30 1656 t
67 1593 168 1656 aiibi:
203 1594 269 1668 Qoi·
288 1593 367 1654 dedit
388 1593 475 1654 aona
498 1595 668 1654 victoriana.
712 1592 771 1655 seo
794 1592 872 1655 aient
894 1593 1017 1673 sanguis
1039 1593 1087 1654 illc
1109 1611 1165 1674 pro
1188 1592 1342 1662 rixi-pom,

14 1698 72 1772 ,ari
109 1713 127 1756 a
156 1693 220 1775 piis
248 1693 420 1756 hominibus
448 1711 600 1773 nunquam
623 1693 743 1756 habitus
764 1692 870 1768 fuerit,
899 1693 979 1774 quod
1001 1703 1100 1756 umen
1121 1693 1259 1756 infideles

14 1805 190 1869 iutumant,
215 1795 269 1856 aad
291 1813 346 1873 pro
368 1795 489 1857 salomi
512 1793 673 1874 sanguim
695 1795 739 1858 aic
760 1811 846 1858 mena
866 1795 916 1858 iiia
937 1813 999 1858 uon
1021 1797 1149 1858 humana
1170 1795 1256 1858 infir·

14 1899 122 1960 nitate
146 1895 293 1969 induitur,
317 1895 435 1972 aeolici
456 1904 593 1959 naturam
616 1896 745 1960 emittet.
791 1897 899 1976 Sioquc
914 1895 1257 1959 dicendusiuerittlhri·
1325 1886 1330 1895 ’

14 2009 82 2062 itus
108 1999 265 2078 periectas
287 1997 368 2072 Deua
391 2007 421 2060 et
442 2000 594 2078 perfectus
615 1999 724 2072 homo,
753 2017 817 2060 non
836 1999 916 2078 quod
939 1999 1037 2060 divina
1059 1993 1202 2078 persentio
1224 1996 1256 2060 iu

14 2117 184 2164 romanam
207 2100 423 2180 perfectionem
442 2107 555 2164 mutata
578 2101 627 2174 ait,
649 2100 730 2180 quod
751 2099 876 2179 impium
898 2109 945 2162 est
965 2101 1077 2172 dicero,
1098 2117 1155 2160 neo
1168 2098 1258 2162 ctiam
1345 2119 1349 2126 ’

14 2201 100 2282 {uod
124 2201 204 2264 duae
226 2201 427 2280 perfectiones
451 2220 467 2262 a
491 2219 524 2262 aa
546 2197 672 2263 invicem
694 2201 806 2264 divisae
830 2201 983 2275 dicantur,
1006 2201 1086 2282 qood
1108 2219 1126 2262 a
1146 2199 1257 2281 pietate

14 2305 152 2366 atienum
182 2309 246 2372 eat,
275 2320 372 2382 neque
401 2320 456 2382 per
483 2301 698 2364 incrementum
721 2303 842 2366 viruitia
864 2311 894 2364 et
916 2303 1090 2364 accessione
1112 2301 1256 2376 iustitiae,

14 2403 120 2476 absit3
142 2401 198 2463 aad
220 2403 337 2474 ratione
360 2402 536 2464 existentiae
558 2401 766 2475 indeficientia,
792 2411 826 2465 ut
846 2413 971 2482 unaque
993 2421 1069 2466 unua
1092 2404 1163 2490 sipt,
1185 2421 1254 2466 om-

14 2504 95 2566 nino
119 2502 288 2582 perfectus,
317 2502 395 2564 idern
418 2501 497 2564 Deua
529 2511 559 2564 et
579 2504 683 2566 homo.
726 2503 800 2566 Nam
822 2502 932 2591 idcirco
954 2503 1101 2566 Dominus
1123 2505 1254 2566 dicebat:

17 2605 115 2668 Nunc
137 2607 240 2666 anino
260 2621 326 2665 meo
348 2603 475 2666 torictc
498 2614 555 2666 eat.
599 2603 674 2665 tltot
696 2613 793 2666 autem
818 2606 909 2676 nnnc,
932 2603 963 2666 id
976 2614 1026 2668 eat
1040 2623 1106 2666 cnm
1121 2604 1186 2684 ipae
1200 2623 1257 2667 vo-

16 2707 87 2768 iuit.
134 2703 171 2766 At
191 2701 271 2766 carte
292 2705 372 2784 quod
394 2712 459 2766 erat
480 2703 676 2784 significabat,
698 2721 764 2766 rem
786 2704 865 2766 anim
888 2723 949 2766 non
971 2705 1149 2768 existentem
1169 2707 1255 2784 qimai

20 2815 212 2887 praesentem
235 2825 385 2887 nunqnam
408 2806 606 2880 nominasset,
629 2823 686 2870 uec
706 2805 791 2886 quasi
815 2806 853 2867 de
874 2805 976 2880 rebus,
1000 2823 1076 2888 quae
1096 2806 1162 2868 coia
1182 2823 1255 2886 apo-

25 2911 71 2970 oie
94 2909 263 2981 existerent,
285 2926 385 2970 sermo
408 2905 592 2984 habetatum
614 2908 688 2972 naec
709 2906 788 2970 enim
804 2905 904 2970 nnnc
919 2905 1092 2970 naturaiiter
1105 2914 1254 2970 atrorem

27 3017 112 3089 gesta
133 3017 210 3072 aaut.
943 2993 945 3008 ’
1014 3057 1019 3068 ,
1369 2997 1374 3004 ⁴

118 3113 164 3174 17.
207 3109 280 3172 Cum
301 3109 393 3190 igitur
413 3115 519 3172 natura
542 3121 572 3173 et
593 3129 656 3174 non
676 3109 797 3174 fictione
813 3109 958 3174 [tomiano
980 3111 1071 3174 homo
1093 3114 1186 3174 tantus
1202 3112 1254 3186 ait,

31 3231 127 3294 neque
153 3211 314 3274 sectandum
341 3221 476 3274 naturam
506 3231 604 3295 nequa
634 3213 798 3276 secundum
821 3213 1024 3294 operationem
1047 3223 1199 3294 peecatum
1220 3213 1256 3278 iu

33 3315 325 3378 creatorem-reterre
345 3333 519 3403 poscumus.
563 3316 638 3378 Nam
660 3315 817 3378 innostra
839 3315 958 3396 quidem
980 3327 1087 3379 natura
1101 3316 1250 3378 etinven-

34 3417 123 3478 tionia
150 3434 243 3497 pugna
266 3415 352 3478 etiam
374 3435 455 3480 nunc
475 3419 689 3491 committitur,
719 3426 750 3479 at
770 3417 882 3479 inducti
904 3417 1029 3479 seminis
1050 3427 1173 3497 propter
1193 3435 1252 3478 ao-

35 3525 123 3578 stram
147 3517 371 3579 imbeeiiiitatem
400 3519 434 3580 fit
464 3520 617 3593 accessio,
650 3517 738 3581 Verbi
766 3525 866 3580 antem
893 3518 1056 3579 incarnatio
1088 3516 1251 3578 secondum

35 3623 161 3678 naturam
182 3617 232 3678 liei
253 3617 328 3678 tacta
348 3617 471 3698 incapax
492 3620 549 3683 tuit
571 3635 683 3692 rernm,
705 3618 835 3698 quaein
857 3615 945 3678 nobia
968 3623 1170 3696 axlvctmtate
1192 3617 1247 3678 aci-

38 3716 95 3778 huc
120 3715 304 3796 parentatum
336 3727 518 3798 quapropter
548 3707 691 3782 docemur
712 3735 822 3780 exuere
843 3725 976 3779 vaterem
998 3725 1028 3778 et
1048 3715 1173 3780 induere
1192 3734 1251 3778 no·

39 3835 113 3879 vum.
151 3813 185 3880 n
207 3835 258 3880 res
279 3818 355 3880 mira
375 3835 464 3893 sane,
493 3820 573 3898 qood
593 3819 674 3884 Deua
696 3820 788 3882 homo
810 3819 906 3882 tactus
930 3818 970 3880 ait
992 3827 1023 3880 ot
1042 3818 1156 3900 absque
1176 3835 1251 3898 peo-

42 3936 130 3998 ioigata
146 3939 181 4002 pai
196 3939 265 3987 teatt.
300 3935 352 3986 tior
362 3927 610 3999 argumentata
660 3937 729 3988 dean
746 3937 810 4002 aput
829 3937 939 3988 Danaae
956 3931 1138 3988 autonomon
1150 3939 1251 4000 sepum

43 4003 97 4056 τοῖς
112 3995 224 4068 citatior.
261 4006 352 4056 ibidem
363 4006 453 4068 anglic.
462 4008 607 4071 νομισθείη
660 4008 736 4056 deest.
772 4007 823 4056 itox
846 3999 893 4054 καὶ
913 3999 1070 4059 normannia
1086 3998 1146 4055 lon
1164 4007 1252 4057 absunt

45 4087 85 4136 pro
101 4067 209 4132 νοηθείη.
660 4089 673 4124 r
693 4077 793 4138 sagon.
817 4075 890 4124 Basii.
909 4075 1001 4138 tngiio.
1028 4085 1050 4126 et
1070 4075 1195 4136 Damaae.;
1225 4076 1248 4125 iu

77 4141 91 4190 i.
113 4140 175 4202 Sego.
191 4131 235 4188 ota
253 4129 432 4206 ἀνθρωπίνην
449 4131 606 4191 ἀσθένειαν.
660 4143 714 4194 xiiia
734 4151 756 4192 et
775 4143 798 4192 io
817 4143 889 4192 editis
908 4142 1027 4204 teguntur.

47 4206 104 4257 intra
120 4201 159 4255 aot
173 4198 253 4260 οὕτως
270 4197 306 4256 ἂν
322 4203 427 4272 λέγοιεν
446 4203 544 4262 atnoe
562 4215 608 4262 etc.
695 4211 718 4259 ia.
737 4209 835 4271 Sapuan
854 4201 870 4269 ἢ
890 4201 927 4263 ὥς
943 4205 1000 4258 don·
1037 4209 1249 4260 Damamibidtua

48 4275 151 4325 habentur
173 4277 229 4340 apud
259 4278 384 4327 Leontium
409 4277 503 4342 Byzant.
528 4277 571 4328 nt.
588 4279 610 4329 1.
657 4273 813 4344 γενομένων
831 4274 996 4344 ruriam.

51 4353 122 4392 contra
141 4343 265 4394 tinctorium
292 4353 315 4394 et
338 4343 459 4408 Eutychen
483 4343 607 4409 [Gatiandi
693 4348 708 4396 i.
728 4348 826 4408 Septen.
846 4338 924 4412 ἡμᾶς.
963 4345 1024 4396 Editi
1042 4337 1121 4411 ὕμιῖν.

51 4407 104 4459 atat.
120 4411 172 4461 Patr.
188 4411 251 4461 Tam.
264 4412 313 4462 xit.
332 4427 357 4476 p.
369 4409 448 4478 669.].
693 4415 716 4464 t.
735 4415 835 4476 Sogxer.
852 4415 926 4463 Beati.
941 4422 965 4464 at
977 4415 1045 4476 tagi.
1062 4404 1246 4482 πρνχῶρησκ.

83 4491 101 4538 a.
118 4477 170 4530 flato
184 4481 321 4530 atteruntur
337 4479 509 4532 evanescam
523 4481 610 4532 univ.
694 4482 710 4530 Ι.
729 4485 829 4542 sepner.
847 4482 938 4544 angae
958 4482 1249 4534 contaminarint.

55 4543 83 4594 ie
96 4545 174 4598 orthod.
189 4547 231 4599 tide
249 4547 353 4614 capii.
388 4549 480 4602 itidem
496 4543 551 4616 γὰρ
564 4550 613 4599 act
660 4541 840 4600 maumam
876 4551 1021 4601 ttitiataiii
1033 4541 1245 4602 ἐπενδύσασθαι.
