3048 5052
462 357 571 402 enarro
587 357 608 400 r.
624 327 741 400 coium
755 357 892 402 rannus.
1223 345 1283 409 165

159 511 199 572 ld.
239 507 368 581 Onomm
396 505 487 587 igitur
514 508 604 569 rerba
631 507 726 586 magis
756 507 817 568 neo
846 507 932 587 digno
961 517 1033 571 sunt
1063 511 1283 591 ostenduntque
1292 519 1370 570 unt.

85 611 216 674 dominam
237 615 370 672 nostrum
384 609 483 672 lesum
500 607 651 670 Christum
667 609 761 670 [teum
784 627 853 670 esse
876 609 1025 672 etlilium
1041 609 1164 672 Petris?
1191 611 1283 688 Eone,

85 731 144 792 quae
162 729 209 772 roa
229 709 417 784 eromuistis,
444 729 545 772 aunon
568 711 667 789 potius
690 729 740 782 ea,
772 729 846 790 quae
868 729 926 772 nos
949 731 984 772 ex
1006 709 1168 790 scripturis
1190 713 1283 777 sacris

84 819 107 875 et
123 813 257 875 eludimus
278 819 308 874 et
329 809 505 874 afferimus?
547 811 651 890 ltaque
674 811 701 873 si
725 810 859 873 Salvator
885 829 941 873 nec
966 811 1048 874 Deus
1078 831 1134 875 neo
1155 813 1284 876 Verbum

84 935 128 976 nee
144 914 225 978 tutos
247 922 308 986 ost,
339 912 429 976 liceat
453 931 527 974 saue
555 913 640 974 vobis
670 911 918 992 quemadmodum
942 911 1107 976 Gentilibus
1137 923 1167 977 et
1187 915 1285 978 nostri
1330 901 1335 910 ’

84 1016 133 1077 aeri
151 1015 255 1078 ludaeis
278 1013 416 1094 quiequid
439 1013 560 1076 libuerit
580 1015 697 1088 dicere3
719 1013 774 1074 sed
796 1013 822 1075 si
844 1023 875 1075 et
889 1013 1018 1076 Verbum
1031 1013 1129 1078 Patris
1149 1023 1180 1078 et
1193 1015 1284 1079 Filius

83 1136 153 1178 reus
172 1123 230 1192 est,
259 1117 287 1178 si
308 1115 390 1178 Deus
412 1125 460 1177 est
481 1135 518 1178 er
538 1115 601 1178 lieo
624 1123 654 1178 et
675 1133 767 1196 super
789 1116 888 1178 omnia
909 1115 1083 1180 benedictus
1106 1116 1136 1178 in
1158 1117 1284 1192 sacerdo,

78 1238 109 1280 au
127 1237 178 1280 nou
197 1236 322 1298 prorsus
345 1235 472 1304 aequum
494 1217 599 1290 luerit,
622 1217 694 1280 alias
716 1236 806 1280 rocas
829 1227 859 1279 et
879 1219 1018 1280 brionam
1041 1217 1174 1280 'l'buliam
1196 1217 1286 1280 veluti

80 1321 198 1382 malorum
220 1319 378 1399 imaginem
401 1319 542 1399 omnique
564 1319 680 1399 plenam
703 1318 854 1399 impietate
877 1319 976 1380 delere
998 1327 1028 1381 et
1049 1319 1224 1392 obliterare,
1254 1317 1286 1379 in

79 1439 149 1498 mam
167 1422 213 1502 qui
234 1421 382 1492 inciderit,
405 1421 501 1483 nescit
522 1419 655 1500 gigantes
677 1421 716 1481 ibi
733 1421 841 1501 perire,
864 1420 988 1501 ipseque
1009 1421 1040 1484 in
1055 1421 1219 1483 infernmum
1234 1421 1283 1481 lo·

79 1539 144 1584 ream
164 1519 310 1585 oreturit?
354 1522 416 1584 Nec
437 1541 510 1583 uero
532 1522 563 1583 id
585 1522 626 1584 illi
649 1522 796 1602 ignorant,
818 1523 946 1602 hincque
962 1525 1003 1596 tit,
1027 1531 1060 1584 ut
1081 1523 1159 1585 illam
1182 1529 1285 1602 utpote

76 1624 153 1687 callidi
180 1625 327 1687 occultent
355 1643 411 1686 uec
437 1623 565 1686 audeant
592 1625 782 1704 pervulgare,
816 1625 870 1686 sed
899 1620 955 1686 elie
984 1625 1106 1686 omuino
1140 1631 1286 1703 usurpent

77 1723 157 1786 rerba.
195 1725 267 1788 Nam
293 1726 319 1788 si
341 1726 432 1806 impia
454 1725 502 1788 illa
524 1725 612 1787 verba
635 1727 769 1804 prolerre
791 1725 949 1796 auderent,
979 1743 1039 1786 riou
1070 1724 1191 1787 dubium
1213 1723 1286 1803 quin

74 1827 333 1890 condemnarentur.
378 1827 457 1900 Quin
480 1827 568 1888 etiam
591 1826 616 1887 si
639 1827 685 1888 vel
707 1827 736 1887 iu
760 1827 962 1907 suspicionem
990 1827 1030 1888 ita
1058 1825 1207 1910 sentiendi
1230 1843 1284 1886 re·

75 1927 165 2002 nirent,
185 1931 321 2009 proiecto
345 1929 475 2008 undique
497 1929 715 2008 Scripturarum
739 1928 938 1991 obruerentur
960 1927 1195 1990 auctoritatibus.
1232 1925 1285 1986 ld-

74 2029 137 2090 eirco
156 2031 242 2110 igitur
262 2041 414 2109 tamquam
437 2030 489 2092 filii
511 2029 600 2092 huius
623 2030 732 2092 saecrdi
754 2031 856 2104 veriti,
879 2049 917 2092 ne
940 2049 995 2092 sua
1022 2031 1141 2092 lucerne
1164 2027 1286 2090 oleastri

73 2131 127 2192 oleo
146 2151 265 2195 aceensa
291 2133 350 2194 cito
373 2133 577 2210 exstinguatur
598 2135 685 2206 (nom
702 2133 759 2194 tue
781 2137 944 2214 impiorum
966 2135 1197 2212 enstinpoiter),
1221 2147 1286 2190 enm
1318 2137 1322 2140 ’

74 2233 119 2293 sub
137 2235 332 2298 simulationis
353 2233 486 2296 modium
509 2233 710 2306 abscondunt,
734 2232 789 2294 elia
811 2233 987 2312 loquuntur,
1011 2231 1173 2294 amicorum
1194 2248 1284 2309 prae·

74 2334 134 2396 sidia
154 2346 181 2398 et
201 2333 370 2399 Constantii
392 2345 503 2398 metum
526 2341 692 2409 ostentent,
715 2335 821 2414 utqui
844 2335 929 2413 ipsus
952 2334 1146 2408 conveniunt,
1176 2331 1284 2394 sordes

73 2437 175 2499 duanae
201 2435 339 2500 haeresis
370 2447 493 2516 propter
520 2436 639 2499 illorum
669 2436 896 2512 simulationem
911 2443 942 2497 et
971 2435 1202 2497 ostentationem
1224 2451 1286 2494 non

71 2537 297 2602 aumadrertaut.
330 2539 375 2600 bn
398 2557 459 2600 uon
483 2557 553 2617 ergo
578 2538 622 2600 rel
644 2537 700 2600 beo
721 2539 758 2600 de
773 2555 860 2600 reuse
876 2537 946 2598 odio
962 2535 1171 2616 prosequenda
1186 2535 1284 2605 luerit,

71 2641 135 2715 quod
162 2641 248 2704 etiam
283 2639 386 2703 esuis
415 2640 578 2702 occultetur
606 2648 638 2702 ut
664 2639 766 2700 timida
794 2657 829 2699 ac
856 2637 945 2700 veluti
969 2655 1099 2716 serpens
1129 2633 1286 2698 foveatur?

70 2737 137 2802 Unde
157 2743 235 2805 enim
258 2743 316 2806 bes
339 2741 396 2803 sibi
419 2751 631 2802 coacervarunt
652 2739 782 2812 voculas,
804 2747 856 2799 ant
877 2757 893 2800 a
911 2755 1038 2816 quouom
1054 2743 1190 2815 aceeptus
1212 2753 1285 2812 pro-

69 2839 128 2902 dere
146 2861 204 2904 non
227 2851 303 2906 suut
324 2839 432 2904 veriti?
475 2843 553 2904 Sane
577 2840 725 2902 nemiuem
746 2838 917 2912 bominum,
946 2837 994 2918 qui
1022 2835 1081 2898 ¹sibi
1104 2835 1168 2896 illas
1192 2833 1285 2895 tradi·

68 2939 159 3020 derint,
180 2953 323 3026 poteruut
345 2942 485 3004 indicere.
530 2941 605 3015 Quis
629 2940 709 3002 euim
730 2940 886 3002 bominum
907 2939 969 3002 sive
985 2939 1115 3000 Graecus
1134 2937 1195 2998 sire
1210 2935 1284 2997 Bor-

70 3041 144 3106 barus
166 3065 243 3122 eum,
267 3065 358 3126 quem
381 3044 474 3106 ileum
497 3045 671 3116 confitetur,
694 3061 782 3104 unam
806 3041 933 3104 erebus
956 3041 1063 3104 creatis
1087 3039 1165 3101 ausit
1187 3037 1296 3116 dicere,

68 3163 113 3208 nec
131 3147 220 3212 luisse
242 3157 404 3227 antequem
426 3147 519 3208 lectus
542 3144 610 3208 est?
633 3145 678 3206 vel
700 3145 767 3223 quis
790 3151 846 3218 est,
870 3143 919 3223 qui
944 3144 982 3216 ei,
1005 3159 1093 3222 quem
1107 3141 1200 3202 [teum
1216 3157 1284 3202 ore·

69 3246 139 3322 didit,
159 3250 247 3312 tidem
271 3250 397 3328 deroget
419 3247 544 3308 dicenti:
569 3247 615 3310 lio
637 3257 682 3309 est
703 3247 788 3327 filius
809 3265 892 3308 meua
915 3245 1051 3316 dilectus,
1075 3261 1202 3320 eumque
1222 3259 1284 3303 nou

67 3348 144 3412 tilium
165 3353 216 3415 sed
240 3369 308 3414 rem
329 3352 436 3411 iacte-
459 3367 528 3410 esse
550 3345 643 3410 velit?
686 3347 798 3426 Nempe
821 3347 885 3409 lieri
907 3365 968 3408 uon
990 3353 1100 3425 potest,
1124 3344 1195 3423 quin
1217 3361 1284 3404 om·

68 3466 112 3510 nes
131 3453 275 3514 adversus
304 3450 372 3512 ilios
401 3451 474 3511 adeo
504 3448 687 3511 insanientes
720 3449 817 3510 aerius
846 3448 1044 3527 indignentur.
1096 3446 1202 3508 Verum
1232 3463 1288 3506 nec

67 3551 197 3616 etiamad
219 3552 394 3632 Scripturas
417 3551 577 3630 confugere
599 3549 657 3612 illis
680 3549 827 3628 integrum
850 3549 951 3611 luerit:
981 3550 1040 3611 iam
1063 3546 1141 3609 enim
1165 3547 1285 3625 saepius

69 3659 206 3718 ostensum
229 3635 279 3718 est
302 3671 428 3733 moxque
451 3652 644 3724 ostendetur,
673 3671 760 3712 voces
788 3651 960 3712 huiusmodi
989 3647 1136 3711 edivinia
1159 3645 1286 3708 oraculis

68 3771 125 3814 esse
143 3757 263 3835 penitus
287 3755 410 3817 abeona
454 3754 555 3832 ltaque
583 3754 700 3834 quarmo
728 3753 785 3815 illis
813 3760 906 3814 restat
935 3749 1108 3824 dicendum,
1139 3767 1172 3809 se
1200 3746 1286 3808 bisa

67 3849 175 3918 buhele
197 3857 331 3937 acceptis
354 3856 503 3919 insanisse
526 3855 564 3932 (si
587 3855 704 3935 quidem
728 3863 877 3917 tantorum
899 3855 1043 3916 melorum
1066 3851 1149 3912 solus
1172 3847 1220 3908 ille
1235 3865 1285 3908 sa·

68 3964 106 4015 tor
125 3968 192 4036 est),
215 3979 272 4040 age
296 3958 323 4021 ei
346 3958 528 4022 obsistamus
552 3961 690 4037 (namque
706 3975 772 4020 cum
787 3957 837 4017 illo
858 3955 946 4017 uobis
969 3951 1114 4034 perillus
1137 3955 1287 4010 certamen

93 4113 224 4163 c-.Gobler
246 4119 272 4162 et
290 4111 394 4160 delebat.
408 4111 430 4160 l.
449 4105 572 4160 duritiae.
600 4113 645 4161 Se·
733 4111 756 4159 b
775 4109 916 4171 Srgtterian
942 4120 991 4154 ουν
1015 4101 1109 4152 omittit.
1145 4099 1198 4152 blox
1223 4101 1286 4152 idem

65 4180 158 4234 turrira.
177 4191 200 4230 st
220 4181 263 4230 alii
282 4173 392 4226 baller.
535 4219 538 4226 .
699 4187 722 4227 et
740 4178 836 4252 Gobtgu
857 4171 1039 4224 eructuant.
1059 4160 1190 4230 t‘ffluttqr
1224 4170 1286 4222 Edili

92 4244 112 4292 d.
134 4247 230 4298 stese
232 4262 301 4310 q.uer
327 4247 425 4298 Gobler.
452 4255 475 4296 et
499 4245 604 4294 retetm
623 4245 645 4294 i.
698 4245 780 4294 etalii
800 4235 816 4302 ἦ
835 4243 955 4292 omittunt.

65 4313 153 4364 ttrdttr
172 4317 259 4365 etalii
277 4310 374 4364 tatem
411 4313 464 4363 lior
483 4328 541 4364 mss
560 4327 646 4363 omnes
733 4312 747 4360 i
768 4307 1128 4374 Stmrlrasuprnbebeutorpag
1137 4304 1195 4356 tta
1205 4301 1240 4372 [p
1243 4306 1285 4357 96

66 4389 105 4425 tn»
121 4395 225 4448 serap
247 4385 375 4433 eurrrvero
389 4373 450 4429 att
470 4373 566 4430 terre
582 4393 647 4446 γαρ
699 4375 852 4456 buiusedit.]

93 4463 111 4494 e
128 4451 197 4511 Sem
211 4439 565 4502 oout.fetctm.t.1oeeano
581 4447 645 4496 teir
735 4448 756 4496 b.
776 4459 818 4492 οτι
837 4445 929 4495 dcest'
923 4459 946 4495 ru
965 4443 1121 4506 Sequeriano,
1140 4441 1287 4492 uellere-n

93 4519 164 4567 lllid
167 4527 182 4568 tr
203 4519 322 4568 mendose
341 4511 509 4595 ρυπαρίσαν.
702 4513 879 4564 ordume.

94 4599 112 4640 r
129 4585 235 4636 Felcim,
255 4587 280 4635 5.
299 4577 515 4652 oueeqeu'pqoor.
738 4583 753 4632 Ι.
773 4582 912 4644 δι’·ευειίοη.
931 4571 968 4634 ὥς
985 4570 1123 4646 ἀλλότρια.
