3072 5056
253 319 314 380 ttt
651 331 677 376 ε.
693 327 1083 378 ιταιιιιιαιαοοιιειιαονι

165 483 307 568 νακτῆς
334 477 369 546 ἐν
390 479 528 564 Χριστῷ
556 483 703 558 πίστεως
729 475 788 565 τήν
815 473 923 566 ὀρθήν
943 499 1008 561 μου
1030 473 1202 564 φρόνησιν.
1245 475 1310 544 tta
1327 476 1381 560 μλν
1399 463 1443 542 νῦν

249 578 305 648 καὶ
326 573 621 666 τοῦςἈρειανοός,
645 578 740 665 ε’ίπερ
764 572 850 662 είχον
871 573 1062 663 ὑγιαίνοντα
1082 575 1140 644 τόν
1155 578 1241 657 νοῦν,
1263 578 1390 644 τοιαῦτα
1401 575 1445 642 λο-
1517 620 1518 654 η

249 679 405 767 γίζεσθαι
425 681 479 746 καλ
501 682 636 766 φρονεῖν
657 680 734 764 περὶ
750 681 810 744 τοῦ
826 677 1014 746 ἐπισκόπου
1027 697 1034 714 ·
1056 676 1168 746 πάντα
1181 677 1244 763 γάρ
1259 675 1378 744 ἐνώπια
1389 686 1445 754 τοῖς

251 783 420 848 σννιοῦσίν
442 779 588 848 ἐστικαὶ
610 773 701 867 όρθὰ
721 789 795 859 τοῖς
816 773 1004 866 εὑρίσκωσι
1024 780 1146 865 γνοῦσιν
1156 781 1187 859 ¹).
1231 775 1342 864 ἐπειδὴ
1364 777 1395 843 δέ
1411 775 1444 862 μή

124 904 127 912 ·
249 879 426 965 μαθόντες
443 877 519 967 ’τὴν
547 886 663 948 πίστιν
690 883 750 968 τῆς
776 881 958 967 καθολικῆς
989 873 1161 964 ἐναιλησίας
1188 876 1446 956 πεπτώκασινείς

165 975 414 1068 εωιάσέβειαν,
437 980 494 1050 καὶ
514 981 635 1049 λοιπὸν
656 981 715 1048 τὸν
737 983 813 1049 νοῦν
836 983 1075 1070 πεπηρωμένοι
1090 979 1279 1064 νομίζουσιν
1291 974 1372 1048 εἶναι
1389 981 1446 1046 1’καί
1512 1051 1513 1054 ,

248 1081 291 1150 τά
313 1077 403 1169 ὀρθά
424 1081 574 1170 στρεβλά,
597 1085 652 1150 καί
675 1083 808 1168 λέγουσι
828 1081 868 1170 τὸ
889 1083 950 1166 μέν
973 1083 1047 1168 φώς
1069 1078 1196 1160 σκότος,
1219 1078 1275 1146 οτό
1299 1079 1333 1147 δέ
1352 1079 1446 1158 σκότος
1512 1119 1519 1158 3

248 1184 437 1269 νομίζουσιν
459 1177 545 1250 εἶναι
567 1186 649 1272 φώς,
674 1178 851 1269 άναγκαίον
870 1185 926 1249 καὶ
947 1180 990 1248 τά
1012 1179 1047 1248 ἐκ
1067 1184 1134 1246 τών
1156 1177 1265 1248 ἄλλων
1287 1179 1446 1248 ἐπιστολῶν

246 1287 306 1351 τοῦ
334 1290 514 1353 Διονυσίου
544 1289 770 1371 παραθέσθαι
796 1282 917 1350 καὶτὸ
945 1283 1055 1350 αίτων
1083 1276 1191 1348 αότιῦν
1220 1281 1307 1369 πρὸς
1331 1284 1447 1350 πλείονα

247 1383 452 1470 κατάγνωσιν
483 1387 550 1451 τῶν
583 1385 762 1470 αλρειικιῦν.
808 1383 845 1466 ἐξ
875 1375 985 1452 αῦτιῦν
1011 1382 1073 1469 γάρ
1101 1380 1158 1448 καὶ
1184 1377 1280 1469 ἡμεῖς
1306 1381 1447 1468 μαθόντες

248 1480 335 1552 οὕτω
357 1487 435 1572 περὶ
457 1486 516 1553 τοῦ
540 1478 658 1572 ἀνδρὸς
681 1487 866 1574 φρονοῦμεν
888 1486 942 1551 καί
964 1482 1143 1572 γράφομεν.

335 1589 383 1652 13.
428 1580 487 1652 αἩ
517 1587 554 1654 δέ
582 1585 769 1676 πρόφασις,
804 1579 846 1653 δι’
869 1583 910 1673 ἣν
932 1584 1057 1672 ἔγραψε
1077 1583 1138 1662 τὰς
1159 1582 1263 1663 άλλας
1284 1582 1447 1662 ἐπιστολάς,

247 1683 354 1751 ’ἐστιν
387 1682 479 1775 αῦτη.
524 1692 705 1754 Διονυσίου
732 1689 792 1754 τοῦ
824 1684 1012 1755 ἐπισκόπου
1039 1683 1211 1768 μαθόντος
1238 1689 1317 1770 περὶ
1343 1681 1449 1752 τώνέν
1519 1755 1520 1758 ¹

246 1784 460 1856 Πενταπόλει
486 1790 540 1854 καὶ
569 1787 654 1875 ζήλῳ
676 1791 735 1877 τῆς
757 1782 926 1874 εῦσεβείας
946 1785 1152 1873 γράψαντος,
1181 1783 1276 1852 καθὰ
1297 1796 1449 1872 προείποι,

246 1884 330 1952 κατά
350 1889 409 1974 τῆς
431 1887 589 1974 αἱρέσεως
604 1889 786 1974 Σαβελλίου
807 1887 866 1973 τὴν
888 1886 975 1975 πρὸς
989 1881 1189 1973 Εὐφράνορα
1210 1887 1264 1952 καὶ
1285 1881 1451 1973 Ἀμμώνων

247 1981 436 2073 ἐπιστολήν,
459 1989 547 2066 τινὲς
567 1991 634 2055 τῶν
657 1984 726 2056 άπὸ
748 1992 807 2078 τῆς
822 1987 993 2077 ἐκκλησίας
1014 1981 1185 2076 ’άδελφών
1200 1989 1395 2074 φρονοῦντες
1406 1987 1451 2072 μέν

247 2076 376 2170 δρθιῦς,
408 2085 454 2173 μή
483 2085 705 2174 ἐρωτήσαντες
726 2091 763 2158 δέ
785 2084 900 2171 αότόν,
934 2089 991 2156 ἵνα
1012 2083 1089 2174 παρ’
1115 2082 1216 2154 αότοῦ
1236 2087 1377 2172 μάθωσι
1395 2089 1453 2164 πώς

247 2183 401 2270 ἔγραψεν,
424 2180 572 2272 άνῆλθον
594 2189 642 2268 είς
662 2190 721 2276 τήν
739 2186 860 2279 Ῥώμην
881 2191 935 2258 καὶ
957 2190 1186 2278 κατειρήκασιν
1201 2184 1305 2256 αῦτοῦ
1321 2189 1452 2276 παράσῷ
1520 2177 1521 2183 ¹

248 2278 412 2372 όμωνόμῳ
434 2281 536 2353 αὐτοῦ
558 2292 728 2377 Διονυσίῳ
749 2293 797 2369 τῷ
819 2289 995 2378 ἐπισκόπῳ
1014 2287 1144 2377 Ῥώμης.
1167 2283 1318 2376 κᾷκεῖνος
1332 2285 1454 2366 όκοόσας

247 2383 391 2471 ἔγραψεν
423 2381 507 2471 δμοῦ
535 2388 619 2456 κατά
640 2415 677 2458 τε
697 2393 764 2460 τιῦν
784 2390 828 2458 τά
848 2393 1031 2477 Σαβελλίου
1054 2387 1273 2470 δοξαζόντων,
1309 2387 1455 2460 καὶκατὰ

244 2487 312 2552 τών
334 2485 546 2575 φρονούντων
567 2492 681 2572 ταῦτα,
705 2486 791 2577 άπερ
813 2493 868 2558 καί
885 2489 1018 2578 Ἄρειος
1040 2490 1143 2576 λέγων
1165 2488 1329 2580 ἐξεβλήθη
1351 2494 1403 2580 τῆς
1415 2487 1455 2558 ἐκ·

244 2585 390 2674 κλησίας,
413 2588 489 2678 λ’σην
510 2589 671 2659 καὶκατὰ
692 2590 868 2678 διάμετρον
891 2586 1045 2677 άσέβειαν
1068 2585 1153 2657 είναι
1167 2591 1268 2676 λέγων
1285 2592 1345 2679 τήν
1358 2597 1456 2660 τεΣο-

243 2689 377 2772 βελλίου
404 2692 459 2758 καὶ
487 2689 546 2778 τήν
573 2695 640 2760 τών
667 2691 827 2780 λεγόντων
855 2697 978 2775 κτίσμα
1005 2693 1059 2757 καὶ
1091 2688 1221 2777 ποίημα
1241 2697 1317 2760 ’καί
1340 2691 1455 2782 γενητόν
1521 2679 1522 2690 ¹

247 2783 333 2858 εἶναι
359 2789 418 2858 τὸν
445 2795 505 2859 τοῦ
531 2796 618 2862 θεοῦ
640 2793 746 2879 λόγον.
792 2793 962 2861 ἐπέστειλε
997 2791 1032 2858 δέ
1055 2795 1109 2858 καλ
1131 2797 1303 2880 Διονυσίῳ
1325 2795 1457 2881 δηλώσει

244 2889 324 2974 περὶ
351 2879 397 2957 ιῦν
427 2893 576 2980 εἰρήκασι
596 2889 665 2960 κατ’
690 2889 800 2961 αῦτοῦ.
846 2895 900 2959 καλ
923 2887 1127 2979 ἀντέγραψεν
1150 2889 1251 2970 εὐθὺς
1272 2888 1389 2974 αότός,
1414 2893 1457 2960 καὶ

245 2986 415 3075 ἐπέγραψε
436 2991 479 3058 τὰ
498 2994 614 3078 βιβλία
636 2993 765 3080 ἐλέγχον
787 2997 842 3060 καί
864 2988 1057 3076 ἀπολογίας.
1095 2993 1242 3060 ἐνταῦθα
1263 2993 1304 3060 τὸ
1325 2993 1458 3081 μυσαρὸν

245 3083 458 3174 ἐργαστήριον
479 3094 546 3158 τῶν
568 3093 816 3178 ΙΙχριστομόιχιυν
836 3088 991 3159 κατανόει
1010 3091 1067 3160 καλ
1088 3097 1162 3173 πῶς
1184 3089 1278 3160 αότοὶ
1302 3092 1379 3164 καθ’
1395 3095 1459 3164 ἐον-

243 3188 310 3253 τῶν
331 3185 391 3274 τήν
412 3189 566 3280 αλσχόνην
588 3190 756 3282 ἐκίνησαν·
778 3199 959 3261 Διονυσίου
981 3192 1042 3281 γάρ
1064 3197 1123 3262 τοῦ
1145 3191 1335 3262 ἐπισκόπου
1354 3192 1460 3282 Ῥώμης

243 3285 435 3372 γράψαντος
467 3294 521 3357 καλ
553 3291 636 3360 κατά
663 3295 730 3360 τών
758 3293 919 3380 λεγόντων
946 3301 1067 3380 κτίσμα
1088 3293 1144 3364 καί
1165 3301 1298 3382 ποίημα
1320 3297 1378 3364 τὸν
1399 3295 1459 3363 νίόν

243 3388 303 3452 τοῦ
331 3391 432 3470 θεοῦ,
463 3392 628 3461 δείκνυται
654 3391 699 3481 μή
722 3397 779 3462 νῦν
801 3399 936 3483 πρῶτον
959 3390 1028 3464 ἀλλ’
1055 3396 1197 3464 έκπαλαι
1218 3396 1314 3484 παρὰ
1336 3399 1461 3466 πάντων

244 3480 559 3572 άναθεματισθείσα
580 3495 646 3561 τῶν
669 3495 906 3582 ἰχριστομάχων
925 3491 1106 3584 ’Λρειανών
1127 3492 1147 3582 ἡ
1171 3497 1307 3584 αἵρεσις.
1355 3499 1462 3568 ἔπειτα

242 3585 424 3656 Διονυσίου
452 3595 511 3658 τοῦ
541 3593 728 3663 ἐπισκόπου
751 3599 810 3685 τῆς
828 3591 1078 3685 Ἀλεξανδρείας
1100 3592 1372 3684 ἀπολογουμένου
1393 3603 1462 3686 περὶ

242 3677 282 3780 ἧς
304 3688 446 3778 ἐγροψεν
469 3691 648 3784 ἐπιστολῆς
654 3745 664 3776 ,
694 3700 925 3785 φαίνεταικαὶ
948 3693 1047 3777 αὐτὸς
1067 3697 1150 3785 μήτε
1172 3693 1278 3779 οῦτως
1300 3700 1462 3790 φρονήσας

243 3784 289 3868 ώς
310 3785 425 3859 Ιιαι’ντολ
448 3793 588 3879 λέγουσι,
611 3795 693 3883 μήτε
716 3793 802 3877 ὅλως
822 3797 881 3887 τήν
900 3795 1032 3886 Ἀρείου
1054 3799 1250 3880 κακοδοξίαν
1273 3799 1424 3889 ἐσχηκώς.

313 3979 336 4040 1)
353 3980 421 4031 Prot.
440 3981 465 4044 8,
482 3982 507 4032 θ.

275 4125 296 4159 ι.
314 4105 366 4171 τήν
383 4115 452 4167 deest
469 4118 492 4167 itt
511 4117 567 4180 fleg.
586 4125 610 4167 et
628 4119 652 4168 itt
670 4117 742 4170 ιδίιίι
759 4119 826 4170 doti·
911 4121 935 4171 δ.
953 4120 1018 4170 Haec
1035 4122 1121 4174 verba:
1146 4117 1153 4137 ‘
1175 4118 1205 4173 δέ
1220 4117 1366 4194 πρόφασις
1384 4115 1418 4173 δι’
1435 4113 1464 4183 ἣν

137 4223 143 4238 ,
240 4175 347 4240 διν-τίοι,
366 4181 468 4234 Ιιτόιιοι
485 4194 564 4235 tutem
584 4185 608 4234 in
626 4185 725 4236 Τιυελο.
743 4187 791 4237 λετ.
802 4196 826 4238 ιι
877 4180 984 4256 ἔγραψε
991 4182 1040 4241 τάς
1052 4179 1133 4244 ἄλλας
1140 4140 1294 4249 ἐπιστολάς.
1314 4183 1393 4242 ἐστιν
1401 4183 1462 4249 αῦτη

241 4243 280 4292 Fr·
297 4243 315 4292 ¹·
355 4307 363 4324 ,
484 4311 492 4328 ,
878 4257 908 4306 ιδ
928 4257 1026 4306 modum
1045 4258 1106 4308 titutt
1125 4260 1245 4311 iacentia
1264 4261 1378 4311 omnibus
1397 4261 1463 4310 editis

274 4310 297 4360 b.
314 4323 361 4359 και
378 4324 434 4394 tnta
458 4329 493 4366 τα
510 4319 578 4370 deest
596 4321 620 4370 ία
639 4321 737 4371 Tauria.
756 4321 825 4371 cott.
878 4331 902 4374 et
920 4324 1100 4388 manuscriptis,
1119 4329 1188 4390 qunti
1208 4341 1269 4391 ηοιε
1283 4329 1463 4394 εαόιιρυοοισι

240 4375 826 4458 lausailqgtturinomuibnteditisetittfleg.
878 4389 952 4440 alium
984 4393 1159 4444 constituerent
1188 4403 1324 4444 trtctatum.
1366 4396 1463 4444 Τεσώο.

274 4458 295 4494 ε.
314 4445 411 4499 Τισσια.
426 4449 498 4527 ρυλε.
512 4451 559 4504 let.
579 4454 618 4505 Fr.
628 4455 647 4506 1.
664 4448 698 4504 τὸ
717 4449 747 4506 δὲ
765 4452 826 4504 στί·
878 4471 934 4508 teto
959 4457 999 4507 sic.
1018 4457 1048 4508 εδ
1071 4463 1204 4522 maginem
1229 4461 1314 4511 habet:
1345 4453 1428 4525 λόγος
1447 4461 1464 4522 β

239 4521 287 4566 ¹⁰⁹
304 4510 366 4580 φῶν
383 4517 481 4568 ommis
499 4519 658 4573 ιὀιιιιαεδίίι.
878 4521 927 4574 τοῦ
944 4517 1065 4590 μεγάλου
1085 4517 1258 4578 Ἄθανασίου.
1292 4529 1371 4592 λίοςιιι·
1396 4529 1464 4579 λιλα-
