3072 5056
357 345 503 390 srrsrorn
517 345 555 388 ne
571 345 714 389 necnnrrs
730 343 874 388 arciense
890 344 1006 388 sruom.
1254 331 1296 392 59

84 513 141 557 mm
159 495 357 575 proteruntur,
381 496 429 558 his
451 496 592 569 indicant,
615 495 722 575 quibus
745 513 832 558 aures
856 513 946 556 sanae
963 501 998 572 et
1018 495 1151 572 integrae
1173 496 1382 558 santionem.

80 597 189 675 pietate.
230 597 262 658 ld
292 615 366 660 sane
394 605 423 658 ct
450 597 504 659 tibi
526 597 674 677 inspicere
697 604 727 658 et
747 597 894 677 imperitis
916 596 974 658 illis
996 595 1065 657 licet
1085 595 1195 657 audire.
1241 598 1295 658 Ni-

83 698 177 758 mirum
204 717 297 778 supra
325 707 479 760 ostensum
508 705 555 760 est
576 717 704 776 vereque
727 697 871 770 creditur,
901 697 1027 760 Verbum
1050 715 1118 760 esse
1141 716 1175 758 ex
1197 698 1296 771 Patre,

82 799 197 878 illudque
226 799 324 861 solum
352 800 508 879 proprium
536 799 601 860 eius
631 808 661 859 et
689 808 793 860 nature
822 800 913 860 letum
942 817 1018 859 esse.
1063 799 1105 858 Ex
1135 817 1194 878 quo
1218 800 1295 861 emim

82 899 131 960 alio
151 899 265 974 Filium,
288 901 339 979 qui
361 909 391 962 et
412 900 558 979 sapientia
580 907 626 960 est
648 908 677 960 et
700 898 839 972 Verbum,
863 900 894 960 in
916 918 974 978 quo
997 900 1095 961 omnia
1119 907 1189 962 sunt
1212 903 1295 974 lacta,

84 1019 157 1079 olnam
179 1019 213 1062 er
233 1001 299 1062 Ileo
322 1019 391 1064 esse
412 1000 534 1078 intelligi
557 998 670 1078 queat?
714 1001 822 1062 Verum
845 999 915 1061 illud
937 1019 1053 1078 quaque
1076 1019 1111 1060 ex
1134 1001 1295 1080 Scripturis

84 1101 235 1163 didicimus.
280 1101 368 1162 Pater
390 1101 469 1162 enim
492 1120 545 1180 por
567 1100 657 1162 David
680 1101 765 1162 dicit:
794 1101 955 1163 Eructavit
979 1117 1149 1162 cormeum
1172 1104 1297 1164 veodam

83 1203 186 1276 lanam,
209 1212 254 1264 et:
277 1203 327 1264 Ea·
348 1211 436 1264 utera
458 1214 529 1264 ante
552 1202 714 1282 luciferum
734 1207 827 1281 penui
847 1213 884 1264 te.
929 1200 1020 1262 Filius
1043 1200 1112 1262 item
1136 1201 1172 1262 de
1194 1203 1295 1282 scipso

83 1303 115 1362 ita
135 1303 166 1364 ad
187 1304 317 1366 ludaeos
340 1302 486 1382 loquitur:
510 1303 547 1364 Si
566 1303 648 1366 Dens
668 1314 760 1384 pater
783 1313 883 1366 uester
905 1313 991 1374 earet,
1015 1303 1179 1380 uituperetis
1196 1308 1297 1383 atique

84 1423 130 1464 me.
169 1403 230 1484 Epo
261 1407 340 1466 enim
368 1422 407 1465 ea
427 1404 522 1466 Patre
544 1409 640 1478 earet,
674 1413 705 1465 et
736 1403 860 1466 iterum:
895 1403 963 1465 Noa
985 1407 1055 1484 quia
1077 1403 1200 1465 Patrem
1223 1405 1297 1466 uidit

83 1506 239 1585 qaisquam,
262 1509 326 1566 nisi
346 1509 399 1587 pai
418 1518 464 1569 eat
486 1523 505 1566 a
527 1504 606 1576 llea,
630 1507 676 1568 dic
698 1507 773 1569 uidit
796 1505 926 1568 Patrem.
951 1505 1044 1566 ·ltem
1067 1503 1155 1565 illud:
1184 1504 1245 1584 lipo
1269 1515 1296 1566 et

82 1603 161 1666 Pater
186 1625 283 1668 unum
311 1623 431 1678 rumne,
461 1614 504 1666 et:
534 1606 595 1684 lipo
626 1609 658 1667 ia
682 1605 773 1668 Patre
795 1617 823 1668 et
844 1606 937 1668 Pater
959 1611 990 1667 ia
1011 1625 1071 1676 me,
1093 1605 1172 1666 idern
1195 1615 1242 1668 est
1263 1625 1297 1667 ae

83 1705 103 1764 si
123 1705 243 1767 diceret:
266 1705 330 1784 Ego
354 1725 389 1766 er
402 1707 489 1768 Patre
512 1724 577 1767 sum
601 1705 714 1767 recab
737 1725 773 1766 eo
795 1725 921 1784 possum
937 1706 1036 1766 dividi.
1070 1705 1198 1768 loannes
1217 1725 1294 1786 quo·

82 1823 129 1882 que
148 1807 230 1868 dicit:
265 1807 442 1888 Uaa‘peaitus
465 1807 578 1878 ratius,
609 1811 661 1888 pai
682 1817 728 1868 est
751 1811 782 1868 ia
805 1812 876 1872 siau
898 1806 1017 1876 Patris,
1041 1811 1104 1887 apae
1126 1811 1296 1870 enarravit.

81 1906 184 1968 Scilicet
204 1908 280 1970 haec
301 1908 368 1987 ipse
390 1907 574 1969 aSalvatore
596 1907 746 1969 didicerat.
790 1907 864 1968 Nam
886 1907 955 1986 quid
978 1907 1055 1968 aliud
1078 1907 1149 1968 illud
1173 1913 1204 1970 ia
1227 1912 1297 1970 aiau

84 2007 222 2084 signifieat,
247 2027 335 2088 quam
356 2027 455 2092 ueram
476 2008 542 2070 Filii
565 2027 600 2070 er
621 2009 708 2070 Patre
730 2006 976 2088 generationem?

156 2312 204 2373 22.
251 2309 283 2370 Si
311 2310 379 2388 quis
402 2330 473 2390 crgo
495 2311 589 2372 [lenm
612 2311 810 2390 compositmn
834 2329 900 2372 esse
923 2310 1088 2384 existimat,
1112 2319 1144 2372 ut
1165 2311 1196 2372 in
1220 2312 1293 2374 sula-

85 2411 177 2472 stantia
203 2410 357 2484 accidens,
387 2411 495 2474 velita
518 2421 550 2474 ut
572 2412 698 2491 aliquem
721 2412 903 2473 extrinsecus
925 2412 1063 2474 amictum
1086 2411 1207 2485 habeat,
1235 2431 1295 2490 quo

85 2519 262 2590 contegatur,
296 2521 347 2573 aut
378 2515 520 2592 quaedam
557 2513 666 2574 circum
695 2531 763 2574 eum
792 2513 869 2584 sint,
904 2531 977 2592 quae
1007 2513 1070 2574 eius
1098 2513 1294 2574 substantiam

86 2612 250 2690 compleant,
280 2612 354 2674 adea
383 2622 415 2675 ut
436 2633 503 2676 cum
525 2613 617 2674 Deum
640 2614 764 2674 dicimus
788 2612 832 2673 vel
853 2612 971 2674 Patrem
994 2613 1200 2685 nominamus,
1234 2631 1296 2674 nun

85 2709 136 2772 cius
156 2713 362 2788 substantiam,
386 2733 461 2792 quae
484 2733 539 2776 nec
559 2714 651 2776 videri
673 2733 728 2774 nec
749 2712 960 2790 comprehendi
980 2721 1090 2791 potest,
1112 2713 1165 2774 sed
1188 2712 1296 2789 aliquid

85 2831 184 2886 eorum,
205 2833 282 2892 quae
305 2815 415 2876 circum
438 2815 532 2894 ipsam
555 2822 642 2888 saint,
665 2814 881 2893 significemus3
910 2811 1060 2891 Synodum
1083 2830 1137 2890 per
1159 2831 1206 2874 me
1229 2812 1299 2874 licet

86 2911 222 2984 incuseut,
246 2933 322 2994 quae
344 2914 397 2976 llei
418 2913 526 2976 Filium
549 2935 584 2976 ex
607 2917 670 2976 eius
693 2913 859 2978 substantia
881 2932 949 2974 esse
973 2913 1136 2992 scripserit.
1179 2912 1294 2974 lntelli-

86 3023 143 3088 gant
168 3024 282 3090 mmcn,
310 3035 344 3078 se
366 3017 407 3077 ita
428 3016 584 3077 sentiendo
609 3017 754 3095 duplicem
777 3014 958 3093 impietatem
981 3011 1175 3075 committere.
1220 3015 1294 3076 Nam

85 3115 214 3190 quendam
236 3117 331 3178 Deum
353 3135 530 3197 corporeum
553 3117 704 3190 inducunt,
728 3124 758 3178 et
778 3115 936 3178 Dominum
958 3135 1019 3176 nou
1042 3114 1088 3177 sui
1111 3115 1218 3188 ranis,
1242 3116 1294 3176 sed

85 3231 180 3290 rerum,
203 3236 277 3296 quae
301 3217 412 3278 circum
433 3217 531 3296 ipsum
554 3227 633 3290 sunt,
656 3217 748 3278 tilium
773 3235 840 3278 esse
862 3216 1054 3278 mentiuntur.
1099 3216 1158 3278 Sed
1174 3215 1199 3275 si
1216 3215 1295 3276 Deus

86 3313 180 3393 aliquid
202 3319 327 3396 simplex
349 3325 413 3392 est,
438 3319 479 3379 uti
499 3337 602 3380 revera
625 3326 687 3390 est,
710 3318 801 3396 liquet
823 3317 895 3378 nihil
916 3336 992 3390 nae,
1022 3317 1101 3394 quod
1123 3316 1211 3401 veluti
1233 3317 1294 3376 cir-

87 3431 142 3474 cum
162 3418 254 3496 ipsum
278 3417 336 3491 sit,
358 3419 528 3492 nominare,
551 3437 618 3480 cum
639 3417 732 3478 [leuno
756 3417 881 3478 dicimus
904 3426 933 3477 et
954 3417 1072 3478 Patrem
1094 3417 1293 3490 neminemne,

88 3513 130 3574 sed
156 3515 245 3594 ipsam
275 3520 340 3580 eius
367 3519 565 3580 substantiam
595 3518 771 3598 significare.
817 3517 958 3590 Quamvis
982 3519 1060 3580 enim
1083 3517 1295 3597 comprehendi

88 3629 137 3673 non
155 3619 265 3694 possit,
288 3619 358 3698 quid
382 3621 499 3681 tandem
522 3621 562 3681 sit
582 3619 635 3680 Ilei
658 3617 841 3690 substantia,
864 3625 991 3680 attamen
1016 3619 1041 3678 si
1066 3618 1163 3678 solum
1184 3617 1290 3678 intelli-

88 3731 175 3787 gamus
196 3719 288 3782 ileum
310 3739 387 3794 esse,
410 3739 535 3798 cumque
559 3720 710 3799 Scriptura
734 3719 816 3780 illum
837 3707 1008 3780 huiusmo'di
1032 3717 1152 3780 vocibus
1175 3715 1294 3790 indicet,

88 3812 125 3872 sic
142 3835 194 3878 nos
217 3820 304 3882 etiam
326 3840 393 3882 cum
413 3821 507 3890 llenm
530 3827 560 3882 et
581 3821 698 3882 Patrem
721 3829 751 3881 et
771 3819 929 3880 llominum
952 3819 1094 3892 dicimus,
1124 3837 1185 3878 non
1206 3815 1293 3877 olium

88 3915 205 3988 prolecto
232 3921 358 4000 aliquem
387 3940 475 4002 quam
502 3921 599 4001 ipsum
623 3921 718 3982 solum
741 3920 877 3981 volumus
900 3918 1067 3997 significari.
1112 3917 1184 3978 Cum
1206 3913 1295 3992 igitur

88 4011 159 4076 dicit:
179 4019 237 4098 Epo
258 4041 326 4085 sum
349 4026 402 4101 pai
421 4041 504 4094 anm,
528 4031 571 4083 et:
593 4021 655 4103 Epo
679 4041 746 4082 sam
768 4021 916 4082 Iloma‘oas
939 4020 1038 4092 Deus,
1061 4036 1095 4078 aa
1117 4015 1292 4094 ubicumque
1303 4046 1379 4090 pm,

88 4111 221 4194 Scriptura
248 4122 319 4184 dicit
341 4123 439 4196 Dian
471 4141 538 4184 cum
566 4140 623 4182 mos
652 4123 709 4184 ista
737 4120 878 4200 legimus,
907 4117 980 4180 nihil
1002 4116 1080 4178 aliud
1102 4115 1293 4194 intelligimus

89 4213 347 4301 almumalmum
369 4223 464 4300 ipsam
488 4223 552 4284 cius
573 4222 848 4301 incomprehensam
872 4218 1076 4290 substantiam,
1100 4223 1130 4278 et
1151 4215 1230 4295 quod
1245 4217 1294 4277 ille

87 4312 128 4384 sit
148 4335 228 4395 quem
249 4341 318 4384 esse
341 4329 496 4384 testantur.
540 4323 634 4384 Nemo
657 4323 747 4402 igitur
770 4310 971 4400 obstupescat,
995 4337 1061 4379 cnm
1084 4317 1165 4380 audit
1187 4317 1293 4378 Filium

115 4479 135 4540 ᾗ.
151 4467 189 4518 Sic
205 4469 257 4546 dep.
281 4481 307 4524 nt
331 4483 355 4524 et
380 4473 467 4536 legitur
485 4474 550 4524 loen.
569 4474 594 4538 6,
613 4473 653 4524 46.
719 4501 721 4506 ·
741 4473 763 4522 b.
783 4471 890 4548 Sinite&
923 4471 983 4521 Editi
1003 4487 1058 4522 uera
1078 4479 1101 4522 et
1119 4469 1159 4520 alii
1177 4457 1288 4530 πατρός·

89 4525 126 4580 lln
142 4541 163 4582 et
179 4537 232 4589 aditi
247 4533 296 4588 τόν
313 4543 434 4592 omittunt.
741 4555 762 4589 e·
780 4539 837 4600 Ilou-
856 4532 948 4586 “⁹1⁶7-
