3158 5050
519 377 628 422 onnrro
644 377 683 422 rv.
698 377 816 424 oonvne
829 379 965 424 umeros.
1284 367 1348 432 ute
1399 413 1408 430 .

121 529 196 594 illud
217 529 348 594 Verbum
370 547 439 594 orro
460 530 570 593 terum
592 537 650 604 est,
671 528 702 592 in
724 547 784 610 qno
807 529 905 592 omnir
927 529 1003 597 seete
1025 539 1109 608 sunt,
1132 551 1189 596 neo
1210 533 1347 599 Christus
1356 551 1435 597 nnn

120 639 170 694 est
191 632 224 694 in
243 631 332 696 Petro
353 631 492 705 Verbum,
514 649 569 711 per
590 631 671 711 quod
693 632 795 694 omnin
815 632 891 695 iente
912 641 994 706 eunt,
1016 633 1107 716 ip'tur
1127 635 1263 699 Christus
1285 655 1349 700 non

119 737 217 798 taetus
240 740 288 796 eet
308 753 387 808 erro,
411 734 466 796 sed
488 735 564 796 torte
580 733 718 798 Christus
734 733 863 796 Verbum
886 733 1050 814 eppeiintus
1073 745 1130 800 est.
1174 739 1261 811 Quod
1280 739 1348 819 qni·

120 836 192 898 dem
223 835 250 897 si
272 853 375 898 rerum
403 845 464 909 eet,
497 835 596 916 primo
626 833 700 898 eiius
730 835 789 898 orit
817 854 904 915 quern
934 837 983 916 qui
1013 839 1136 900 nornine
1156 839 1349 919 signitiontur,

117 937 229 998 deinde
256 953 318 998 non
345 953 400 1017 per
423 955 490 999 eum
514 937 613 998 omnin
635 939 710 998 iectu
732 945 836 1011 erunt,
858 937 912 1000 sed
934 938 965 999 in
986 937 1055 1014 illo,
1078 940 1108 1000 in
1131 959 1191 1019 quo
1213 941 1351 1006 Christus

119 1053 239 1118 quorpre
267 1037 332 1119 ipse
353 1039 448 1102 ieotus
470 1045 526 1101 eet.
571 1037 626 1100 Sin
647 1045 746 1102 entem
767 1038 912 1114 dixerint,
941 1039 1115 1120 sapientium
1137 1041 1169 1104 in
1189 1041 1276 1105 Petro
1298 1045 1347 1107 in-

122 1148 188 1203 star
208 1139 357 1220 queritans
380 1159 462 1215 esse,
490 1140 538 1204 vel
567 1159 635 1202 eum
656 1141 833 1222 sapientiem
855 1140 951 1222 ipsam
973 1159 1062 1217 mser
1086 1161 1163 1223 quae
1184 1136 1274 1224 rupti
1294 1165 1347 1209 re·
1423 1190 1428 1204 .

121 1243 297 1304 censuimus
318 1241 445 1306 absurda
466 1240 639 1305 neeessario
663 1249 894 1322 consequentum,
916 1241 1052 1308 videlieet
1066 1263 1134 1308 oum
1149 1247 1350 1328 onmpositum

120 1361 204 1418 esee,
226 1344 333 1425 suique
354 1345 451 1426 ipsius
474 1363 543 1408 esse
564 1331 679 1426 putrem
701 1353 732 1407 et
751 1345 854 1408 filium.
898 1346 1008 1408 Verum
1028 1347 1207 1427 eoergnondi
1222 1347 1264 1410 ilii
1279 1358 1350 1412 sunt

122 1455 156 1510 et
176 1447 356 1509 connitenti.
401 1446 554 1527 Siquidem
575 1446 715 1521 Verbum,
741 1447 820 1526 quod
843 1447 874 1509 in
895 1445 958 1510 neo
980 1453 1042 1522 eet,
1064 1465 1121 1512 neo
1142 1459 1272 1514 ereetum
1293 1469 1351 1516 neo

120 1567 160 1610 ex
191 1547 285 1612 nihilo
316 1555 418 1630 potest
449 1567 527 1612 esse.
583 1548 616 1610 Si
647 1549 719 1612 item
751 1549 881 1612 Verbum
911 1548 942 1612 in
974 1550 1037 1613 Deo
1071 1543 1135 1626 est{
1171 1553 1236 1633 ipse
1269 1559 1350 1616 eerte

121 1649 259 1713 christun
292 1651 397 1726 inerit,
432 1652 483 1731 qui
516 1650 573 1713 nit:
607 1651 669 1732 Epo
701 1655 734 1715 in
762 1651 856 1716 Patre
888 1663 917 1716 et
945 1652 1039 1716 Peter
1065 1659 1100 1717 r'n
1125 1674 1171 1717 ene
1199 1665 1261 1730 este
1299 1655 1350 1734 qui

119 1753 202 1815 idun
223 1751 337 1816 ideireo
356 1753 528 1834 unigenitus
550 1761 607 1827 est,
630 1753 697 1832 qnia
719 1753 819 1816 nullus
840 1754 915 1816 nlius
938 1773 975 1817 ex
992 1773 1029 1816 eo
1044 1755 1081 1818 sit
1097 1751 1222 1836 genitos.
1265 1755 1351 1818 Unus

120 1855 173 1916 hio
200 1862 248 1916 est
267 1853 378 1928 nutus,
405 1855 456 1936 qui
478 1863 507 1916 et
527 1853 674 1931 Verbum,
704 1855 850 1935 sapientie
878 1863 907 1917 et
935 1857 1030 1920 virtus
1052 1858 1115 1919 sive
1136 1857 1269 1938 potentia
1292 1865 1351 1920 ost.

118 1957 184 2018 Neo
205 1957 284 2018 enim
306 1975 344 2018 ox
365 1957 415 2019 hio
435 1967 482 2020 est
501 1957 686 2036 oompositus
699 1957 791 2030 Deus,
812 1957 868 2020 sed
889 1958 996 2020 horum
1019 1967 1066 2022 est
1087 1961 1214 2039 genitor.
1257 1959 1349 2022 Nem·

120 2075 181 2137 que
203 2058 453 2138 quemadmodum
474 2075 524 2120 res
546 2065 661 2120 meotes
685 2058 783 2120 Verbo
805 2059 954 2138 producit,
976 2059 1017 2122 ite
1033 2061 1197 2146 seeundum
1211 2059 1351 2140 propriae

119 2159 273 2222 essentiae
294 2167 428 2221 notorem
452 2159 580 2222 Verbum
603 2159 705 2239 gignit,
728 2177 783 2239 per
804 2160 884 2239 quod
906 2160 1006 2222 omnio
1028 2161 1127 2236 efficit,
1149 2159 1230 2224 creat
1251 2169 1282 2223 et
1295 2161 1351 2223 nd·

119 2261 280 2324 minismet.
325 2259 476 2339 Siquidem
499 2261 598 2324 omnin
621 2261 718 2322 Verbo
742 2270 772 2324 et
793 2261 937 2341 sepientis
959 2265 1034 2325 iaetu
1049 2269 1138 2336 eum,¹
1152 2265 1276 2344 eiusque
1290 2264 1437 2326 im-r.er1.

119 2361 209 2444 perio
232 2361 372 2424 universe
392 2371 595 2442 perseverent.
638 2362 722 2426 idem
745 2371 842 2434 eutem
865 2363 902 2428 de
916 2363 1001 2426 uitio
1014 2365 1188 2440 uiuendum
1210 2364 1352 2427 nimirum

119 2466 147 2528 si
177 2464 254 2528 nihil
286 2464 380 2546 gignit
399 2463 497 2539 Deus,
527 2463 600 2527 nihil
629 2465 701 2526 item
728 2463 788 2543 egit
816 2464 881 2528 sire
900 2463 1005 2538 efficit,
1028 2483 1096 2528 nem
1120 2465 1184 2528 eius
1207 2467 1285 2530 tetus
1307 2474 1354 2529 est

119 2567 226 2641 Filius,
249 2585 412 2648 perquem
435 2567 504 2646 egit.
550 2566 604 2628 Sin
625 2565 735 2640 minus,
758 2565 794 2626 ed
817 2565 937 2628 ersdem
958 2565 1208 2646 interrogationes
1229 2568 1351 2630 ennem-

114 2647 182 2749 'que
204 2667 334 2730 absurde
354 2669 542 2749 impudentes
564 2667 595 2730 ni
618 2667 754 2730 homines
778 2665 978 2728 revolventur.

210 2775 241 2836 5.
285 2769 330 2836 Ex
355 2770 606 2845 Deuteronomio:
645 2769 701 2832 Vos
730 2779 845 2839 autern,
875 2770 928 2849 qui
953 2765 1124 2830 udinerete‘r
1146 2769 1266 2832 domino
1288 2769 1354 2832 Deo

119 2885 245 2946 oestro,
275 2876 378 2936 oe'ee‘tie
406 2875 546 2935 eneoern'
573 2873 721 2934 hodierno
749 2871 804 2932 ite.
840 2868 892 2930 Er
913 2867 961 2932 hir
983 2867 1082 2930 verbio
1105 2869 1266 2932 discrimen
1286 2867 1354 2932 Filii

120 2983 156 3038 et
177 2993 276 3037 rerum
299 2983 462 3138 ωηιξη]
483 2973 552 3035 iioet
573 2973 753 3054 perspieeve
776 2970 999 3050 intelligereque
1018 2969 1126 3035 riuum
1147 2971 1201 3034 uei
1223 2979 1355 3035 ereetum

122 3076 257 3138 minime»
271 3093 348 3140 erse.
418 3075 480 3138 nim
501 3093 572 3138 rero
587 3075 679 3138 Filius
701 3073 787 3136 dioit:
808 3071 871 3153 Boo
892 3071 1030 3136 urerer
1051 3091 1147 3136 unum
1164 3093 1286 3150 semer
1307 3080 1355 3138 etr

124 3177 190 3258 Eoo
211 3181 245 3240 ie
265 3177 361 3242 Putre
380 3187 408 3239 et
431 3177 524 3240 Peter
546 3182 579 3240 tn
600 3197 647 3240 me
668 3188 728 3248 est,
761 3191 815 3238 res
841 3181 940 3238 entem
968 3173 1063 3238 foetes
1089 3191 1156 3238 eum
1183 3175 1354 3255 protiriunt,

122 3279 257 3342 Domino
287 3279 457 3342 numerent.
502 3279 615 3360 Nempe
638 3277 767 3340 Verbum
795 3285 934 3358 tanqum
955 3277 1111 3358 proprium
1133 3286 1180 3340 est
1199 3277 1231 3338 in
1255 3277 1355 3352 Putre,

121 3391 157 3444 et
176 3399 227 3444 ros
249 3383 358 3454 tertre,
382 3388 416 3442 ut
435 3389 506 3459 pote
528 3399 603 3459 quse
626 3379 811 3460 extrinsecus
832 3378 982 3454 existunt,
1007 3377 1187 3454 &homeru
1213 3379 1356 3444 nimirum

122 3483 234 3544 nature
260 3481 374 3544 menno
401 3490 487 3555 sunt,
516 3481 665 3544 voluntate
687 3489 784 3544 nutem
807 3479 978 3544 adurerent
1021 3479 1140 3542 Etenim
1161 3479 1273 3554 iilius,
1304 3478 1356 3560 qui

123 3585 234 3646 netur!
263 3591 325 3653 eet.
359 3601 451 3646 unum
480 3591 527 3646 ost
555 3601 622 3646 oum
644 3581 795 3664 genitore,
816 3582 867 3662 qui
889 3599 961 3645 vero
983 3580 1169 3646 extrinsecus
1190 3579 1374 3659 adoptent,-

123 3684 229 3766 generi
250 3681 419 3764 effingitur
433 3684 497 3746 sivo
511 3683 661 3748 admont
696 3682 883 3746 Hinortetinr
896 3680 1012 3746 subdit:
1038 3681 1123 3755 Qeee
1137 3683 1222 3744 notio
1236 3695 1356 3758 mom,

122 3790 180 3850 erte·
197 3785 283 3851 neve
310 3784 562 3870 appropinquat?
608 3785 648 3850 nt
674 3784 761 3848 olibi:
792 3783 876 3853 neve
902 3786 1153 3866 oppropovqnoes
1175 3799 1239 3862 epo.
1281 3777 1357 3842 Nem

124 4022 172 4072 qne
184 4007 367 4071 importunitates
380 4007 551 4072 impudentibus
567 4007 617 4056 tun
635 4021 717 4057 erenr-
803 4005 819 4054 i.
844 4003 884 4056 Sir
901 4003 959 4068 Rep.
983 4012 1006 4054 et
1023 4003 1123 4066 Segeer.
1157 4002 1186 4051 it
1203 3999 1243 4050 elii
1259 4007 1283 4049 et
1299 3995 1359 4050 editi

124 4080 187 4125 rent.
221 4073 270 4125 Nor
286 4083 376 4136 omae,
401 4077 442 4139 qui
456 4075 504 4126 Dee
530 4077 631 4140 oppoetn'
647 4075 717 4126 eote
766 4067 821 4139 μέν
836 4073 957 4124 omittunt.
1120 4125 1128 4146 Ι

125 4144 205 4206 otique
222 4156 477 4208 rememoreramus
495 4159 544 4193 euvn
562 4145 588 4193 e'n
606 4144 648 4193 hoe
665 4144 716 4206 ipro
803 4156 827 4204 ς.
844 4141 931 4220 itepivv
948 4133 995 4188 everi
1010 4131 1065 4204 γὰρ
1083 4125 1150 4190 vion
1194 4135 1293 4212 §ernon
1310 4125 1358 4212 red

124 4209 174 4260 die.
210 4209 237 4258 in
255 4209 309 4260 etiir
327 4210 384 4259 item
407 4211 552 4260 editionibus
571 4225 618 4260 non
637 4209 717 4260 minue
768 4201 823 4276 γὰρ
841 4219 887 4256 και
904 4199 970 4261 otte.
1015 4206 1094 4256 Ceteri
1119 4211 1143 4252 et
1165 4203 1222 4252 edrtr
1239 4195 1285 4250 eat
1300 4213 1358 4280 perp

126 4275 192 4326 mrie
210 4277 362 4327 emendorum
380 4283 419 4327 eet
436 4277 483 4328 hoe
500 4277 588 4328 modo:
613 4279 719 4335 oeodrt
768 4271 815 4326 roi
838 4268 853 4324 vi
877 4267 942 4331 υἱός.
984 4273 1035 4324 Hor
1059 4269 1206 4324 votnm
1232 4277 1256 4320 et
1284 4269 1358 4320 etrtre

126 4345 189 4394 iilud
207 4351 248 4394 rte.
267 4347 438 4410 inpudentibus
455 4347 509 4396 terte
527 4353 660 4406 oererrert,
688 4359 719 4396 err
771 4345 889 4395 temnet.
909 4333 925 4391 δ’
942 4336 972 4391 δὲ
988 4333 1102 4397 ἔξωθεν,
1120 4339 1244 4390 nerum.
1333 4405 1358 4416 ..

124 4413 169 4462 e'tto
188 4413 373 4464 Deuteronomie':
391 4413 535 4463 vosautem
554 4413 594 4478 qni
613 4413 717 4478 Deorp-
803 4413 827 4462 ir.
846 4412 888 4462 ste
910 4411 1069 4474 nemeenpn
1098 4409 1203 4462 rodim
1249 4405 1279 4456 tt
1301 4405 1360 4484 editu

127 4479 201 4544 positi
220 4479 355 4546 delictique
365 4483 435 4542 ortis,
450 4482 558 4546 quaerite
567 4493 622 4530 eum
634 4482 659 4532 ivr
672 4482 719 4532 hoe
768 4477 873 4536 ποιῶν,
898 4492 1035 4544 perperene.
1078 4477 1187 4528 Nunnius
1210 4475 1267 4526 item
1290 4479 1362 4524 vertet

127 4547 185 4612 ivre
203 4548 250 4600 tie·
769 4549 993 4666 gervatum
1008 4561 1124 4613 noum,
1143 4543 1361 4612 ou'erruriuu·t
1397 4594 1411 4626 ,

790 4631 841 4666 eur.
1278 4661 1282 4668 .
