3022 5056
427 363 534 407 ostreo
551 365 572 406 t.
588 363 704 410 course
718 365 853 410 essenos.
926 355 930 363 ¹
1182 349 1243 414 245

51 518 187 578 diceretur:
205 515 251 578 Arc
269 519 391 580 umetis
413 518 484 597 quis
507 515 649 595 templum
670 515 728 578 liei
748 501 822 592 estis¹
841 527 871 578 et
893 515 1028 597 Spiritus
1052 515 1110 580 Dei
1130 518 1333 581 mercaturae

51 625 74 679 tr
92 615 188 680 relisi)
228 616 298 678 Cum
326 617 405 678 enim
428 615 573 678 Dominus
601 624 739 696 tanquam
767 607 866 680 bomo
889 619 1037 680 lavaretur
1058 619 1087 680 in
1110 619 1246 694 iordane,

52 717 167 798 nosipsi
193 717 222 779 in
248 717 298 780 illo
327 725 357 780 et
385 717 494 780 abillo
517 717 694 780 larabsmur.
740 717 813 780 Cum
835 719 906 781 item
928 719 1069 799 Spiritum
1091 705 1247 800 oooiperet,

51 839 94 882 nes
113 821 208 900 dignos
229 819 454 900 reddebetum
478 819 560 880 illum
581 819 791 899 acciperemus.
837 820 982 892 Quocirca
1004 838 1066 883 non
1094 823 1247 884 ut,Aaron

50 923 83 982 rel
101 921 179 984 barid
200 929 248 984 snt
268 921 318 983 nlii
340 939 445 984 omnes
468 922 508 982 ita
531 921 648 1002 etipse
670 921 737 984 oleo
761 929 807 982 est
829 930 953 998 unctus,
984 924 1052 996 sed,
1066 923 1150 986 aliter
1177 943 1248 1004 preo

48 1023 162 1085 omnibns
186 1023 230 1086 sni
260 1023 467 1098 consortibus,
498 1041 606 1102 nempe
636 1020 703 1086 oleo
730 1023 875 1099 laetitiae,
904 1025 984 1104 quod
1010 1044 1082 1087 esse
1104 1025 1250 1106 Spiritum

50 1135 159 1186 eroum
179 1125 224 1187 bis
246 1125 313 1205 ipse
334 1124 501 1205 Prophetae
523 1124 621 1186 verbis
644 1125 746 1186 docet:
774 1125 910 1206 Spiritus
934 1126 1059 1189 Domini
1078 1143 1171 1208 super
1192 1145 1246 1198 nes,

48 1245 76 1287 co
99 1227 316 1308 palaestrae
340 1245 397 1290 rere.
440 1225 523 1288 ldem
551 1227 668 1306 quoque
696 1226 737 1288 ait
763 1227 941 1306 Apostolus:
978 1227 1136 1302 Quonrotls
1157 1232 1255 1294 secie
1316 1210 1321 1221 ¹

48 1347 103 1387 eurr
121 1327 190 1390 lleur
212 1329 333 1409 Spiritu
360 1339 477 1392 cuncto.
523 1327 649 1401 Quando
669 1327 766 1407 igitur·
778 1327 838 1390 ista
860 1328 896 1392 de
918 1327 969 1390 illo
988 1327 1066 1394 dicta
1089 1336 1168 1404 sunt,
1191 1327 1249 1392 nisi

48 1447 104 1489 eum
122 1439 235 1492 amunta
266 1449 355 1494 cerne
383 1427 564 1510 baptismum
594 1429 624 1490 in
647 1428 774 1490 lordono
796 1431 944 1511 suscepit,
977 1439 1064 1512 atque
1091 1430 1122 1492 in
1150 1431 1249 1510 ipsum
1365 1479 1366 1482 ,

47 1530 174 1592 deseendit
193 1531 350 1612 Spiritus?
393 1531 431 1593 Et
451 1551 523 1593 vero
546 1532 611 1610 ipse
634 1529 752 1612 quidem
775 1531 920 1593 Dominus
942 1532 982 1594 ita
1002 1533 1149 1612 lotptitur:
1178 1533 1250 1612 Spi-

45 1631 107 1692 ritus
126 1634 156 1694 cle
176 1653 237 1696 orso
265 1637 405 1716 accipiet,
429 1633 543 1712 stiipe
565 1632 652 1694 illem
672 1636 777 1706 mitto,
806 1639 836 1694 et
856 1633 892 1696 ad
915 1633 1090 1712 discipulos:
1120 1634 1251 1714 Accipite

46 1733 172 1811 Spiritum
192 1748 342 1800 sunonem.
388 1733 588 1796 Nihilominus
610 1733 676 1814 ipse
698 1733 757 1807 ille,
780 1733 829 1813 qui
852 1743 885 1796 ut
907 1735 1034 1798 Verbum
1058 1746 1087 1797 et
1108 1733 1251 1816 splendor

44 1834 122 1898 Patris
141 1837 281 1918 Spiritum
315 1837 380 1899 aliis
403 1837 550 1916 impertit,
583 1854 662 1898 nunc
689 1835 796 1898 dicitur
822 1835 1015 1908 sunctillcari,
1044 1837 1112 1917 quia
1138 1835 1252 1899 scilicet

45 1937 118 1999 iectus
137 1939 224 2000 bomo
248 1947 300 2000 est
320 1939 445 2018 eiusque
467 1937 667 2000 sanctificatur
688 1957 808 2018 eorpus.
830 1938 925 1998 ·lnde
953 1938 1051 2017 itaquo
1083 1957 1139 2006 nos
1161 1938 1249 2000 etiem

42 2041 187 2103 narbonem
202 2050 231 2104 et
243 2041 376 2120 sigillum
391 2040 501 2101 babere
515 2039 711 2120 incoepimus,
735 2040 851 2102 dicente
866 2039 993 2102 loanne:
1009 2039 1047 2102 lit
1063 2059 1118 2102 uos
1129 2044 1250 2104 unctio·

44 2157 96 2200 nero
115 2142 221 2205 lebetis
244 2154 405 2206 arnecto.
449 2143 610 2222 Apostolus
632 2159 750 2222 quoque
772 2141 891 2203 scribit:
915 2139 954 2207 Et
976 2159 1030 2206 uos
1053 2135 1166 2221 riputati
1178 2125 1251 2206 sctis

44 2241 142 2319 Spiritu
163 2247 382 2324 promissionis
411 2255 526 2306 cuncto.
570 2243 645 2305 tttud
673 2243 763 2321 igitur
791 2251 914 2324 propter
941 2261 999 2304 nos
1029 2252 1059 2304 et
1085 2241 1251 2322 pronubis

43 2341 136 2405 elicitur.
177 2345 328 2419 eritlnsm
351 2365 421 2407 uero
444 2347 659 2407 incrementum
682 2345 713 2405 in
728 2344 844 2418 melius,
867 2361 943 2425 quse
957 2343 1074 2412 virttttis
1090 2343 1136 2404 rel
1155 2344 1251 2404 laoto-

43 2445 224 2508 mutemini
246 2466 366 2509 merces
387 2447 485 2528 possit
508 2466 543 2508 ex
564 2445 612 2508 bis
634 2445 779 2527 probari?
813 2446 945 2525 Namque
969 2445 994 2506 si
1011 2465 1077 2506 curn
1093 2431 1172 2509 lieus
1188 2461 1250 2506 nou

43 2555 115 2620 esset,
136 2549 225 2612 lactus
248 2547 360 2610 luisset
380 2547 459 2612 lleus
473 2559 490 2621 ,·
504 2548 530 2609 si
552 2567 618 2610 cum
640 2567 702 2609 uon
725 2553 808 2610 esset
828 2566 890 2619 rex,
914 2548 1024 2624 regiam
1047 2546 1155 2608 luisset
1176 2563 1341 2610 eon-ress.

41 2657 140 2711 serulus
161 2641 354 2729 dignitatem,
384 2649 495 2710 inesset
518 2667 590 2710 sene
611 2659 710 2712 vestra
731 2649 762 2710 in
785 2649 921 2709 oratione
943 2647 1048 2708 umbra
1072 2647 1175 2710 saltem
1196 2647 1252 2713 sli-

41 2765 86 2824 qua
105 2750 381 2814 uerisimilitudinis.
427 2751 480 2816 Sin
501 2758 599 2812 autem
621 2749 700 2813 [leus
722 2749 771 2811 ille
794 2757 856 2822 est,
886 2748 1010 2826 eiusque
1039 2757 1177 2810 aeternus
1207 2753 1255 2808 est

41 2847 163 2924 thronus,
191 2857 243 2932 qui
268 2870 381 2932 quaeso
404 2853 500 2931 potuit
521 2853 668 2931 prolicere
689 2851 784 2924 Deus,
814 2849 921 2930 quidve
942 2849 984 2910 illi
1007 2849 1123 2921 deerat,
1151 2846 1200 2927 qui
1223 2847 1278 2910 in·

40 2948 120 3013 Petris
141 2954 218 3040 solio
242 2952 391 3015 sedebat?
436 2953 591 3016 Praeterea
612 2947 659 3028 si,'
672 2961 704 3014 ut
726 2953 792 3033 ipse
807 2952 933 3014 affirmat
948 2951 1103 3023 Dominus,
1127 2947 1191 3011 eius
1207 2955 1256 3012 est

41 3050 167 3130 Spiritus,
196 3075 232 3118 ex
257 3073 354 3135 eoque
377 3055 497 3135 accipit,
527 3054 650 3135 ipseque
679 3053 761 3116 illum
783 3053 886 3127 mittit,
916 3071 975 3114 nou
1005 3051 1094 3131 igitur
1114 3049 1254 3123 verbum,

40 3161 166 3228 :rualenus
188 3157 322 3218 Verbum
345 3164 375 3217 et
397 3156 546 3235 Sapientis
569 3164 631 3230 est,
654 3175 670 3217 a
693 3153 823 3235 Spiritu,
846 3171 934 3235 quem
955 3153 1022 3233 ipse
1043 3151 1102 3226 dat,
1125 3151 1254 3232 ungitur,

42 3261 67 3312 ut
84 3255 174 3318 inlusa
196 3257 228 3320 in
244 3257 406 3320 maenum
430 3267 567 3337 tanquan:
589 3257 620 3320 in
641 3256 793 3319 hominem
812 3256 951 3318 sanctitas
973 3255 1004 3316 in
1027 3272 1132 3318 omues
1154 3251 1255 3316 homi·
1297 3280 1302 3294 ·

41 3356 136 3418 nesab
156 3359 224 3439 ipso
249 3359 426 3422 dimanaret.
470 3355 536 3422 Non
559 3357 638 3422 enim
660 3377 725 3421 ese
740 3357 818 3438 ipso,
841 3357 946 3438 inquit,
970 3357 1097 3437 Spiritus
1113 3353 1255 3434 loquitur,

42 3455 85 3516 sul
103 3457 194 3538 omnis
217 3481 234 3522 a
259 3460 357 3521 Verbo
380 3460 475 3522 datur.
519 3459 592 3522 Nam
614 3461 663 3522 bic
684 3459 858 3522 Psalmistee
883 3458 967 3520 locus
990 3455 1155 3536 superioris
1177 3453 1257 3518 baud

40 3565 79 3616 est
97 3559 262 3628 dissimilis.
307 3559 349 3623 Ut
373 3559 451 3624 enirn
477 3562 639 3641 Apostolus
668 3561 804 3642 scripsit:
840 3561 903 3634 Qui
930 3577 996 3622 men
1024 3563 1056 3621 ire
1076 3559 1180 3636 [eone
1202 3556 1260 3618 Der·

40 3909 162 3964 tetrius.
180 3910 251 3968 θεὸς
268 3907 410 3982 πνεύματι.
438 3913 517 3966 Ceteri
528 3923 551 3965 et
561 3899 618 3968 sutri
668 3916 759 3996 Anplic.
786 3915 885 3968 center.
911 3923 934 3964 et
954 3913 1059 3966 setosa.
1081 3910 1103 3960 l.
1120 3903 1165 3957 :tui
1183 3900 1261 3970 ipsit·

37 3975 91 4032 iric
106 3975 134 4030 ἰν
150 3977 299 4050 πνεύματι.
523 3997 528 4010 ’
665 3995 774 4050 peropto
791 3975 897 4048 ἔχομεν.
1074 4039 1080 4052 ι
1104 4035 1112 4058 ,
1185 4032 1194 4051 ,

65 4049 242 4104 d-floblerlsn.
262 4044 617 4116 etFelcbm.1.rtoipirrb
704 4063 729 4113 g.
757 4053 897 4114 Segasa-ten.
921 4043 1014 4114 voluer
1038 4057 1083 4093 rrae
1099 4053 1260 4118 serentur.

36 4106 121 4182 erpere,
404 4141 411 4152 ·
672 4120 772 4170 Gobler.
790 4123 813 4168 ot
832 4117 935 4170 l'elcltro.
950 4121 972 4166 l.
989 4107 1084 4162 reione
1101 4103 1129 4160 lx
1146 4121 1260 4158 τουτων.

63 4199 80 4232 c.
97 4189 196 4248 Segosa.
225 4185 327 4238 tinblsr.
346 4196 369 4237 et
384 4183 492 4236 Felclar.
512 4183 535 4236 i.
551 4176 621 4233 *ene
707 4187 730 4236 b.
743 4187 789 4235 .Sic
799 4187 898 4248 Segusr.
910 4183 1001 4243 testie.
1012 4179 1109 4232 Gobler.
1117 4185 1146 4255 pt
1156 4177 1261 4228 lelelm.

38 4247 132 4302 στέλλω.
166 4255 213 4305 Atti
235 4261 261 4303 et
279 4253 352 4303 editio
371 4251 488 4303 Commel.
508 4243 621 4302 ἇποπε-
675 4255 698 4304 l.
733 4249 777 4301 Alii
804 4265 859 4300 uero
887 4259 910 4299 et
936 4249 991 4298 editi
1015 4242 1174 4324 Aestimate.
1209 4245 1264 4298 ttm

37 4311 72 4366 lei,
106 4321 157 4372 llos
184 4323 292 4385 Segner.
310 4314 326 4370 ὁ
343 4313 442 4374 ἄλλοις.
479 4322 506 4371 ln
525 4321 579 4374 ullis
598 4328 622 4371 et
672 4319 772 4382 Ssguer.
790 4311 805 4365 A
823 4312 903 4382 λόγος
920 4308 998 4381 ὑμῶν
1015 4312 1092 4368 σκιᾶς
1109 4327 1180 4364 τινα.

38 4389 95 4436 etius
113 4384 126 4437 i
145 4391 231 4442 deest.
707 4389 722 4437 i.
742 4387 782 4436 Sic
800 4385 899 4448 Segnur.
918 4393 944 4433 nt
961 4392 985 4433 et
1003 4383 1060 4445 legit
1075 4381 1189 4432 Nunnius.
1213 4379 1263 4432 Sed

65 4457 78 4502 t.
95 4458 196 4520 Segner.
226 4457 327 4510 Gobler.
352 4465 375 4508 et
399 4439 622 4508 fulciminis.
674 4435 789 4522 r’r'propi
812 4453 926 4530 scribitur
952 4453 977 4502 in
994 4449 1110 4530 Sernes,
1137 4459 1163 4530 ut
1188 4463 1264 4526 saepe

40 4519 88 4571 tlrd.
109 4527 214 4586 sepner.
233 4523 284 4573 tori
302 4519 335 4572 ri
349 4505 466 4594 χρῖσμα,
504 4523 582 4576 Ceteri
600 4531 625 4574 et
675 4523 729 4576 eliis
748 4524 819 4572 etiam
837 4523 861 4570 io
880 4520 941 4570 locis
961 4527 1082 4582 contingit
1112 4517 1266 4588 ¹Atrieterlru

40 4591 84 4638 etto
106 4593 190 4642 cebro
221 4585 259 4642 τὸ
275 4587 413 4662 meopte.
452 4593 505 4643 llos
521 4593 625 4656 &guen
676 4582 724 4642 οὐκ
741 4581 796 4659 ἄρα
814 4581 828 4638 ὁ
846 4581 930 4675 λόγοςι
942 4579 1002 4640 tert
1018 4579 1064 4638 rui
1081 4578 1096 4646 ri
1115 4580 1212 4654 copis.
