3072 5056
365 341 509 386 errsrota
522 343 561 386 ua
576 343 720 387 cameris
736 345 879 388 aromate
895 346 1013 388 ermom.
1262 334 1303 398 83

92 493 186 572 impiae
206 510 275 556 suae
302 492 435 556 haeresis
463 493 695 573 propugnandae
722 513 811 558 causa
838 496 896 558 sibi
925 497 999 576 ipsis
1027 505 1098 560 sunt
1126 500 1387 576 commenti3e.aae.

91 593 215 674 quonum
234 593 328 656 ileum
356 605 387 656 et
408 593 526 656 Patrem
554 595 639 657 decet
666 595 775 674 gloria,
809 593 908 658 honor
935 606 965 658 el
992 597 1124 660 adoratio
1155 620 1212 663 arna
1235 621 1303 664 eum

88 693 212 774 principii
232 703 352 776 experte
375 694 507 758 eiusdem
529 695 604 758 Filio
629 703 658 758 el
680 696 793 772 Verbo,
821 717 878 760 nee
904 717 965 760 non
988 700 1176 764 sanctissimo
1199 722 1234 766 oc
1255 704 1300 766 ri-

88 795 161 856 rideo
182 795 308 876 Spiritu,
329 815 409 859 nunc
431 807 460 858 et
480 797 512 858 in
533 797 647 860 inlinila
669 798 784 860 saecula
807 799 1002 861 saeculorum.
1045 803 1147 865 Amen.
1224 789 1229 797 ⁸

491 1187 624 1246 ttttstttttt
642 1189 883 1246 classatellus

427 1305 536 1370 Epistola
554 1306 660 1356 adauae
677 1307 805 1370 paroeciae
822 1307 943 1356 homines.

158 1440 186 1499 l.
231 1436 313 1509 Quae
335 1437 662 1501 deiideEcclesiastica
684 1439 716 1501 in
737 1457 842 1520 magna
854 1439 975 1520 Synodo
987 1439 1112 1502 Nicaeae
1123 1451 1299 1522 congregata

82 1545 136 1598 acta
156 1546 234 1612 sunt,
257 1537 416 1601 verisimile
438 1548 484 1601 est
502 1557 568 1614 eos,
592 1539 700 1614 dilecti,
723 1540 840 1603 aliunde
854 1559 972 1622 quoque
989 1541 1138 1616 didicisse,
1161 1563 1228 1605 oum
1244 1563 1297 1606 so-,

82 1636 131 1698 leat
149 1640 225 1700 lama
245 1649 410 1704 admiratam
432 1659 532 1704 rerum
554 1641 755 1726 narrationem
770 1661 972 1722 praecurrere.
1010 1643 1118 1706 Verum
1136 1663 1174 1706 ne
1189 1646 1296 1708 huius-

81 1739 151 1800 modi
179 1759 301 1803 rumore
328 1760 378 1802 res
406 1742 492 1812 aliter
518 1742 605 1806 robis
633 1752 770 1806 narretur
799 1761 834 1805 ac
854 1761 955 1806 revera
979 1763 1013 1806 sc
1034 1745 1139 1819 hahet,
1173 1765 1298 1810 neeesse

81 1857 141 1901 esse
161 1840 298 1904 duximus
326 1843 363 1903 ad
392 1862 445 1904 ros
473 1843 603 1923 primum
631 1843 751 1924 quidem
779 1844 858 1906 illam
886 1844 954 1907 lidei
982 1845 1137 1908 formariam
1171 1848 1298 1923 mittere,

81 1958 145 2018 quae
165 1961 183 2001 a
205 1941 293 2004 nobis
315 1944 470 2024 proposita
493 1953 549 2018 est,
572 1945 680 2006 deinde
701 1945 833 2019 alteram,
857 1963 943 2024 quam
966 1945 1118 2008 nonnullis
1141 1947 1177 2009 ad
1194 1958 1296 2012 nostre

80 2042 155 2104 rerba
177 2043 286 2106 additis
308 2045 474 2108 ediderunt.
520 2045 620 2125 ltaque
642 2055 747 2108 noster
768 2045 893 2120 libellus,
917 2048 968 2127 qui
982 2055 1139 2127 praesente
1160 2050 1296 2129 piissimo

81 2140 251 2222 imperatore
272 2155 379 2207 nostro
400 2147 511 2221 lectus,
541 2155 641 2214 rectus
664 2156 694 2210 et
715 2147 936 2228 approbatione·
953 2149 1059 2228 dignus
1083 2159 1219 2213 esseest
1241 2152 1296 2214 de-

81 2243 206 2319 claratus,
228 2245 399 2308 huiusmodi
424 2257 480 2309 est.
1139 2246 1143 2252 ’

152 2449 182 2512 2.
227 2448 483 2521 Quemadmodum
513 2452 680 2531 accepimus
702 2450 738 2512 ab
760 2449 928 2530 episeopis,
958 2452 1007 2530 qui
1035 2469 1092 2513 nos
1121 2459 1296 2515 antecesse-

82 2556 148 2620 rant
168 2567 303 2612 necnon
324 2551 355 2612 in
370 2551 466 2632 prima
480 2552 638 2626 catechesi,
662 2561 692 2614 et
711 2569 778 2613 cnm
793 2552 994 2630 acciperemus
1009 2550 1166 2626 lavacrum,
1189 2571 1295 2631 quem-

83 2647 227 2712 admodum
254 2651 327 2713 item
355 2670 392 2713 ex
419 2651 526 2715 divinis
550 2652 706 2714 didicimus
734 2652 859 2724 litteris,
894 2669 929 2714 ac
956 2670 1021 2713 cum
1050 2653 1080 2712 in
1108 2652 1295 2734 Presbyterio

81 2753 133 2810 tum
153 2753 182 2813 in
204 2753 272 2832 ipso
297 2753 475 2834 Episcopatu
498 2753 678 2816 credidimus
700 2761 730 2814 et
751 2753 928 2824 docuimus,
953 2751 997 2812 sie
1018 2749 1106 2813 eliam
1127 2769 1208 2815 nunc
1228 2771 1294 2815 ore·
1321 2789 1324 2800 .

80 2847 171 2916 dentes
193 2853 282 2916 lidem
305 2863 438 2917 nostram
459 2853 545 2916 robis
568 2855 733 2926 ollerimus,
756 2871 831 2932 quae
853 2853 897 2914 sic
920 2850 1073 2914 sehabet.

152 3059 183 3122 3.
226 3055 382 3118 Credimus
403 3057 434 3118 in
455 3075 547 3119 unum
567 3055 674 3131 Deum,
695 3055 813 3117 Patrem
836 3055 1080 3134 omnipotentem,
1102 3053 1235 3116 omnium
1250 3055 1296 3117 vi·

79 3153 196 3218 sibilium
218 3165 249 3218 et
269 3157 460 3220 invisibilium
483 3159 665 3231 effectorem,
688 3166 717 3218 et
738 3157 769 3218 in
791 3175 883 3218 uuum
905 3155 1062 3218 [lominum
1084 3155 1184 3216 lesum
1207 3155 1294 3218 Glari·

81 3264 164 3332 stum,
191 3258 244 3320 Dei
266 3258 410 3333 terbum,
438 3259 532 3321 Deum
556 3279 592 3321 ex
613 3259 693 3331 Deo,
723 3259 821 3318 lumen
845 3277 879 3318 ex
902 3257 1028 3332 lumine,
1056 3255 1146 3318 uitam
1168 3275 1204 3318 ex
1225 3258 1293 3332 vila,

80 3355 173 3421 lilium
193 3359 387 3439 unigenitum,
411 3359 641 3439 primogenitum
663 3359 760 3420 omnis
782 3367 945 3432 creaturae,
967 3364 1034 3419 aule
1057 3359 1157 3420 omnia
1178 3359 1294 3422 saecula

81 3475 111 3517 er
128 3459 212 3522 Patre
232 3461 376 3540 genitum,
397 3479 452 3541 per
474 3479 562 3542 quern
585 3469 615 3523 et
637 3460 735 3522 omnia
757 3461 830 3520 lanta
853 3469 932 3532 sunt,
955 3459 1006 3539 qui
1022 3467 1146 3554 propter
1160 3469 1293 3522 nostram

80 3549 191 3624 amun
212 3563 382 3624 incarnatus
411 3571 456 3624 est
477 3571 508 3624 et
526 3563 605 3624 inter
626 3562 765 3624 homines
788 3560 875 3634 vixit,
904 3560 954 3640 qui
981 3579 1088 3640 passus
1117 3569 1165 3622 esi
1189 3569 1219 3622 et
1240 3581 1292 3623 re-

82 3661 196 3723 surrexit
215 3664 303 3725 lerlia
325 3662 373 3723 die
396 3669 426 3724 et
447 3663 580 3724 ascendit
601 3663 637 3725 ad
659 3663 793 3735 Patrem,
821 3661 987 3740 iterumque
1014 3680 1081 3723 cum
1102 3660 1195 3740 gloria
1217 3680 1381 3739 ven-pm,

84 3763 235 3837 iurasset,
263 3771 298 3826 ut
324 3763 435 3828 iudicet
460 3764 542 3826 rivos
573 3771 603 3826 el
628 3772 775 3826 mortuos.
820 3761 974 3824 Credimus
1003 3781 1121 3842 quoque
1148 3761 1293 3824 inunum

80 3857 207 3938 Spiritum
230 3875 382 3938 sanetum,
405 3867 570 3945 horumque
593 3863 754 3946 quemlibet
775 3883 843 3927 esse
866 3873 896 3926 et
918 3863 1045 3926 existere
1066 3861 1212 3925 eredimus
1235 3862 1293 3922 Pa-

110 4149 124 4196 l.
141 4151 213 4204 Editio
237 4153 356 4204 Gommcl.
375 4153 567 4222 npccmetcor.
605 4154 653 4204 So·
738 4155 753 4203 i.
772 4155 886 4204 Socrates
904 4141 1112 4214 ἐπιστεύσαμεν.

81 4221 344 4288 σειειπροιεθεῒσαν.
737 4223 759 4270 lr.
779 4221 899 4270 l'lreodor.
920 4221 1007 4269 omittit
1024 4211 1098 4283 ὑμῖν.
1137 4213 1197 4266 titt.
1211 4214 1292 4267 Gelas.

111 4299 129 4344 l·
146 4287 207 4352 -lpud
232 4289 311 4343 Gelas.
333 4290 408 4354 szic.
432 4292 542 4354 sequitur
566 4291 651 4339 huius·
704 4289 780 4353 szic.
799 4282 1011 4364 concinnatam,

82 4352 138 4400 modi
155 4357 249 4409 titulus:
267 4351 283 4417 ri
301 4347 350 4424 ὕφ’
370 4351 597 4423 ἢμῶνέκτεθεῖσα
608 4351 653 4406 πί·
738 4357 754 4420 l.
774 4355 895 4406 Tlaeodor.
914 4365 1043 4403 utrarum.

81 4427 141 4474 ΝΚ,
157 4425 208 4484 ider
226 4443 240 4476 a
257 4427 326 4476 nolis
344 4429 458 4490 exposito.
738 4437 771 4473 m.
782 4421 895 4472 Socrates
909 4416 957 4470 aci
967 4423 1062 4474 omittit.
1082 4421 1141 4472 llil.
1152 4420 1244 4470 baeer·

112 4485 132 4535 b·
149 4493 253 4543 Socrates
272 4493 360 4544 omittit
376 4507 396 4542 π
416 4486 480 4561 oirp.
501 4493 651 4548 liidl'lteo·
702 4481 809 4541 scritura
826 4481 942 4538 ἕκαστον
959 4501 982 4542 ct
1001 4507 1061 4556 quae
1073 4494 1228 4560 sequnnturr·

82 4547 128 4602 dor.
146 4545 184 4608 ira
199 4553 242 4608 aci
260 4555 292 4612 τὸ
309 4507 427 4630 isernia
445 4571 491 4614 ete.
703 4561 732 4612 ad
748 4550 843 4612 καθώς
860 4557 947 4612 desunt
966 4561 1029 4627 apud
1048 4559 1128 4612 Gelae.
1150 4555 1204 4616 Cyzi

1049 4641 1088 4694 6*
