3062 5044
482 325 628 372 asserens
643 325 681 374 rr.
698 325 735 372 to
751 255 946 374 πώποκα.
1003 330 1016 358 ·
1154 341 1159 354 ·
1256 309 1317 378 rso

99 476 149 558 qui
171 477 318 546 didicistis
340 475 446 542 Filium
468 495 529 542 non
552 495 620 569 osse
642 485 804 544 oreatnroro
831 479 898 558 iper
919 495 985 548 eum
1014 494 1141 562 nomque
1167 480 1403 546 crediturorum·

99 579 235 642 conditae
257 585 357 656 sunt),
379 579 582 660 interrogare:
603 580 692 643 Potor
712 598 783 663 ergo
805 590 852 647 oet
872 579 989 644 Filius?
1030 581 1088 646 lut
1104 581 1168 656 daie:
1190 582 1319 662 Spiritus

100 701 173 762 erqo
195 689 241 746 est
261 681 363 754 Filius,
387 691 417 744 et
436 681 528 744 iilius
550 681 614 762 ipse
637 691 684 744 est
701 677 832 766 Spiritus
855 681 1008 756 onomat,
1044 683 1117 748 firm
1138 690 1237 750 sutem
1253 683 1320 748 talio
1382 729 1391 752 .

98 783 239 863 cogitent,
262 792 292 846 et
312 792 393 852 extra
415 791 545 846 snorum
562 783 735 852 Trinitatem
751 793 838 852 eruut
852 790 882 846 et
901 785 980 850 othei
1000 784 1217 859 muniuntur,
1239 787 1321 868 quod

98 887 257 948 immutent
276 895 386 948 nomen
408 885 503 967 Potrio
526 893 555 950 et
574 885 639 950 Filii
663 894 693 948 et
713 886 842 966 Spiritus
865 885 977 960 saneti·
992 888 1227 969 oaustorrntqua
1247 887 1319 954 itnt

99 1007 157 1052 suo
185 987 327 1052 arbitratu
355 987 385 1050 in
414 987 637 1053 similitudinem
665 987 864 1065 generationis
892 989 1052 1062 homones.
1086 989 1166 1069 quod
1195 999 1320 1072 nepotes

97 1109 229 1170 osusque
256 1089 425 1163 nominent,
453 1109 488 1154 oo
514 1090 638 1156 deorum
666 1089 887 1170 generationem
915 1091 1163 1172 quomadmodum
1197 1093 1322 1172 gentiles

98 1193 249 1272 eiiinqant.
293 1191 359 1254 Non
381 1199 427 1256 est
448 1199 546 1256 autem
568 1192 641 1258 hoeo
661 1189 812 1257 Ecclesiae
832 1191 924 1267 tues.
954 1193 1023 1266 sed.
1056 1201 1089 1260 ut
1116 1194 1320 1268 atestinum,

98 1293 131 1354 in
151 1293 268 1358 Patrem
302 1293 457 1358 etlilium
481 1294 674 1383 otliipiritum
698 1302 849 1368 sonetum,
877 1295 994 1362 rorem
1022 1295 1149 1369 seilioat.
1183 1296 1233 1375 qui
1260 1315 1321 1360 non

99 1397 198 1476 possit
218 1413 290 1460 arne
318 1397 433 1470 vorari,
463 1395 584 1471 Filium,
618 1397 668 1477 qui
695 1414 757 1460 non
784 1396 881 1477 possit
909 1396 967 1462 diei
993 1405 1092 1479 pater,
1125 1405 1157 1462 ot
1178 1397 1321 1478 Spiritum

98 1507 241 1582 sanmuro
263 1515 324 1560 non
353 1497 410 1560 aiio
438 1515 526 1577 quam
553 1498 610 1560 boo
634 1498 754 1563 nornine
780 1499 967 1578 appellatum.
1015 1499 1059 1562 lie
1087 1499 1142 1566 loeo
1171 1500 1229 1564 tide
1260 1519 1322 1566 nou

99 1599 170 1662 iicet
200 1599 280 1664 uarie
312 1599 408 1680 loqui,
444 1599 498 1662 sed
529 1619 650 1680 semper
679 1601 767 1664 Potor
797 1610 882 1681 potor
914 1611 977 1675 ost,
1013 1608 1044 1664 et
1076 1601 1166 1670 uites
1203 1619 1322 1683 semper
1419 1623 1423 1632 ·

98 1702 194 1770 iilius,
231 1711 261 1764 ot
289 1701 419 1781 Spiritus
452 1711 574 1768 sommus
606 1721 726 1784 semper
756 1711 803 1767 est
833 1704 997 1784 dieiturque
1028 1705 1156 1783 Spiritus
1189 1714 1320 1770 sanetus.

98 1803 134 1866 ln
163 1803 359 1868 roourenin
381 1803 518 1868 humenis
545 1823 607 1866 non
634 1805 673 1868 ito
699 1823 733 1866 se
753 1823 803 1868 ros
830 1804 934 1878 hebet,
967 1807 1099 1886 quemvis
1126 1807 1226 1870 trimi
1254 1806 1321 1873 oto

99 1905 371 1970 eornminiseaniur.
419 1906 500 1968 Narn-
524 1907 773 1986 quemadmodum
805 1909 947 1988 seriptum
979 1918 1040 1972 est:
1073 1907 1139 1973 Non
1167 1916 1200 1970 ut
1229 1909 1321 1974 homo

97 2003 196 2080 Deus,
229 2007 269 2070 ita
301 2008 407 2070 dixerit
438 2009 558 2089 aliquis:
591 2027 652 2070 non
686 2018 719 2072 ut
749 2009 828 2072 Deus
861 2011 1023 2074 homines.'
1064 2011 1149 2090 Apud
1183 2010 1321 2078 homiues

99 2109 181 2170 enirn
209 2118 292 2190 pater
319 2127 380 2172 non
408 2127 528 2188 semper
554 2122 639 2190 poter
665 2119 725 2182 est,
759 2129 856 2191 nequo
877 2111 955 2176 ttius
977 2129 1095 2192 sempor
1116 2111 1205 2174 tilius.
1250 2113 1322 2176 Nom

95 2212 167 2292 ipso
194 2212 312 2292 quidem
338 2211 389 2274 titii
415 2221 499 2292 pater
526 2213 666 2286 eiiioitnr,
700 2212 751 2276 sert
785 2213 907 2280 alterius
935 2213 1001 2294 ipsa
1025 2214 1101 2280 lilius
1128 2213 1232 2280 extitit
1284 2214 1323 2278 Et

96 2315 180 2376 tilius
202 2331 268 2378 outo
290 2314 331 2377 sit
349 2313 443 2394 petris
466 2313 555 2388 iilius,
577 2315 698 2380 alterius
714 2323 798 2395 pater
812 2316 947 2384 affinitur.
978 2315 1123 2386 Abrohom
1138 2317 1228 2396 igitur
1242 2317 1321 2380 iilius

94 2435 167 2480 eum
189 2423 271 2478 esset
291 2416 448 2488 Noehoris,
478 2425 561 2496 pater
582 2418 676 2478 motus
699 2425 747 2480 est
767 2409 865 2492 tinae,
894 2426 923 2482 et
948 2418 1032 2482 tsooo
1052 2437 1119 2482 oum
1139 2427 1224 2482 esset
1243 2419 1334 2485 filius.

95 2517 248 2592 Abnouae,
277 2527 360 2596 poter
382 2519 440 2583 init
457 2516 554 2580 iaoob.
598 2517 809 2596 Unusquisque
832 2518 910 2582 enirn
941 2537 1007 2582 oum
1029 2519 1069 2582 sit
1089 2538 1159 2598 pors
1180 2519 1321 2598 pormtis,

95 2619 233 2684 nascitur
253 2619 372 2698 quidem
393 2619 482 2698 iiius,
506 2619 633 2688 etiioitur
653 2627 751 2683 autem
774 2619 888 2698 etipse
910 2619 1030 2687 alterius
1053 2629 1145 2699 prior.
1189 2620 1223 2684 iu
1245 2620 1406 2688 diri-onor.

96 2723 192 2784 nitate
213 2739 284 2784 vero
306 2739 365 2785 non
388 2721 441 2794 sie,
464 2721 603 2802 quoniam
626 2739 686 2784 uon
709 2721 786 2784 sieut
806 2721 900 2784 horno
914 2721 1004 2786 lions.
1048 2721 1136 2786 Potor
1149 2721 1247 2801 ioque
1261 2739 1322 2786 nou

95 2843 134 2884 er
156 2831 241 2903 patre
263 2830 324 2894 est,
354 2822 479 2902 ideoque
501 2841 561 2884 non
584 2821 677 2902 pqait
697 2839 781 2896 eum,
809 2822 860 2902 qui
886 2825 1002 2890 tuturus
1025 2823 1065 2888 sit
1085 2822 1206 2888 atnrius
1227 2831 1321 2904 pater,

98 2925 201 3006 neqne'
222 2924 315 2986 Filius
336 2943 407 3004 pars
429 2923 604 3001 ustionis,
627 2932 808 3004 quapropter
829 2943 890 2991 uon
912 2930 959 2989 ost
979 2925 1056 2994 tetus
1072 2925 1108 2988 ad
1121 2923 1324 3014 generandum

98 3027 204 3093 tilium.
248 3026 332 3092 Unde
361 3027 389 3100 iu
418 3027 526 3090 deitato
554 3025 728 3096 soloPoter
754 3025 877 3106 proprie
899 3026 1041 3110 solosque
1068 3034 1151 3106 poter
1179 3043 1245 3092 oum
1272 3026 1323 3100 sit,

100 3139 152 3190 est
172 3137 203 3192 ot
223 3129 278 3193 luit
300 3138 328 3192 et
357 3146 476 3208 semper
497 3129 563 3192 erit.
608 3127 645 3190 Et
665 3127 757 3191 Filius
779 3127 901 3207 proprio
923 3137 952 3190 ot
972 3127 1054 3198 solus
1075 3127 1167 3194 titius
1190 3135 1246 3194 ost
1289 3127 1325 3194 ln

101 3231 159 3297 hie
174 3231 250 3294 euim
273 3239 390 3296 constat
410 3231 497 3304 iliud,
527 3231 643 3296 Patrem
674 3247 794 3310 semper
815 3229 932 3295 Patrem
955 3238 984 3293 ot
1005 3229 1110 3298 rtrum
1129 3247 1252 3310 sempor
1262 3229 1325 3297 pq.

99 3331 413 3406 trenorcienci,
441 3332 584 3412 Spiritum
612 3339 746 3396 sonetum
775 3349 894 3411 semper
916 3331 1059 3412 spirituo
1085 3339 1220 3400 emotum
1248 3351 1326 3406 esso,

98 3447 131 3497 ot
161 3436 239 3504 hmo
266 3433 319 3498 [tei
346 3454 415 3502 esse
444 3442 474 3496 et
501 3435 707 3519 oPetretpor
733 3433 840 3502 titton
870 3433 932 3506 doti
961 3433 1118 3500 oredimus.
1169 3432 1219 3496 Sio
1245 3433 1325 3503 euim

98 3546 203 3600 saneto
225 3537 354 3600 Trinitas
376 3536 555 3599 invariabilis
577 3545 746 3625 permonet,
778 3535 808 3597 in
837 3553 894 3596 una
924 3535 1033 3596 deitate
1054 3533 1180 3612 eognito.
1223 3534 1341 3615 ltaque·

99 3641 153 3722 qni
174 3638 351 3718 interrogat:
373 3637 492 3717 Ergone
513 3636 605 3699 Filius
629 3644 677 3698 est
697 3633 851 3717 Spiritus?
873 3635 914 3708 iu
930 3635 979 3697 ille
994 3633 1228 3698 comminiscitur
1241 3633 1325 3715 quosi

101 3759 214 3806 nomen
235 3738 343 3804 mutari
364 3739 479 3819 possit,
508 3747 594 3818 wne
622 3755 676 3800 suo
706 3745 813 3818 sponte
841 3736 961 3800 insanit.
1004 3736 1043 3800 Et
1070 3735 1120 3816 qni
1148 3735 1324 3816 interrogat:

99 3841 221 3924 ungris
243 3859 314 3904 arne
342 3849 389 3904 est
409 3824 529 3904 Poteri'
549 3857 659 3902 nomeu
680 3839 760 3902 Patri
789 3837 960 3918 exeoqitons
989 3845 1069 3900 erret
1090 3835 1191 3900 cordo.
1235 3837 1324 3900 Cete-

100 3963 170 4008 rum
190 3945 317 4025 postium
338 3943 375 4006 od
396 3943 611 4006 haeretieorum
632 3941 846 4024 impudentiam
869 3941 1052 4021 respondere
1074 3958 1136 4004 non
1158 3947 1325 4020 ostreum,

136 4115 159 4148 a.
177 4089 374 4160 saguntino&
390 4093 480 4154 τοῦτο.
517 4095 568 4146 itur
586 4095 649 4146 idem
668 4103 691 4148 et
725 4080 733 4103 ⁸
776 4098 793 4146 i.
817 4095 857 4148 Sir
874 4095 930 4158 ideq.
950 4095 1083 4157 etssequor.
1119 4095 1180 4146 Editi
1198 4109 1253 4146 roro
1270 4085 1324 4144 r’rll

103 4167 161 4228 fleg.
180 4155 341 4229 adpreviari.
380 4165 441 4216 totu
458 4157 493 4214 sir
509 4157 636 4230 γεννητά.
742 4155 874 4244 siponeis.
910 4163 961 4214 llos
980 4163 1231 4243 iieqretsequerirn.
1247 4161 1325 4228 γοῦν.
1378 4200 1385 4213 .

138 4239 160 4286 is.
180 4234 278 4288 Gobler.
297 4243 320 4286 ot
337 4233 442 4292 tetctor.
455 4234 473 4284 l.
492 4232 625 4302 κριθοῖεν.
739 4231 802 4282 Edtu
819 4245 877 4280 our.
915 4227 953 4297 [tn
973 4245 1092 4294 mergens:
1111 4229 1240 4284 ilsmorrso
1257 4233 1328 4298 ispo!

140 4319 159 4350 r.
179 4304 234 4364 tteq.
259 4303 357 4364 Seqrrer.
383 4301 480 4354 Gobter.
499 4309 523 4352 et
541 4299 645 4352 intrim.
666 4299 688 4350 l.
740 4301 838 4364 ponitor
858 4314 911 4380 ‚pro
925 4299 1013 4380 'Turre
1030 4293 1148 4378 Notion]
1180 4299 1254 4350 Proto
1272 4307 1328 4380 post

98 4363 212 4485 ‘worda‘
229 4369 312 4488 infiliusi
329 4361 436 4488 m?
448 4446 471 4488 et
488 4435 529 4488 ret
545 4437 583 4486 tn
605 4435 615 4486 1
741 4361 845 4498 gfff?
859 4365 1036 4498 manerent
1053 4383 1077 4420 u
1092 4367 1172 4428 ‘dnum
1185 4368 1228 4420 ”d
1240 4367 1328 4432 mm

140 4439 162 4555 2¹1
178 4453 226 4556 sn²
244 4507 301 4568 neg.
321 4475 460 4570 sennen.
479 4515 503 4558 n
521 4453 592 4556 nien?
620 4471 689 4556 'sato
775 4519 798 4568 ς.
814 4497 914 4572 κυρίως
930 4505 999 4556 aon
1015 4505 1039 4556 n
1056 4503 1328 4558 moronensem·

101 4567 301 4638 porrotenus.
742 4573 823 4624 manni
843 4571 864 4624 l.
1280 4572 1288 4590 ⁸
