3128 5052
503 357 648 404 errorem
664 362 684 403 1.
699 362 737 402 nn
754 361 951 404 suasmeuau.
1258 349 1319 414 745

52 533 211 595 quoque
234 529 301 577 eum
322 511 437 574 Romae
456 520 636 585 remoretur,
660 511 775 574 ludaeis
799 511 836 572 ed
859 529 893 582 ee
914 513 1101 574 uenientibus
1115 514 1242 576 tidenter
1257 514 1407 577 aia-rm.

57 619 147 679 hat:
174 617 259 678 Beue
275 613 412 694 Spiritus
434 605 558 676 son'etus
582 614 702 676 loeutus
726 623 771 676 est
788 614 981 694 perlitatum
1000 615 1182 695 prophetam
1205 616 1244 679 od
1262 637 1322 698 po-

66 732 150 783 tres
178 703 313 780 vestros.
357 714 395 776 nt
416 715 452 776 ad
475 714 664 776 Timotheum
687 714 762 776 haee
782 712 901 776 eoiihit:
929 713 1067 796 Spiritus
1096 727 1196 779 nutem
1223 721 1323 779 mnni-

63 822 166 900 [εστι
192 819 279 889 dicit,
309 821 379 898 puin
406 820 440 878 iu
466 820 642 878 nouissimis
672 817 859 897 temporibus
890 817 1042 880 discedent
1064 819 1183 898 midam
1205 837 1224 880 o
1246 837 1324 892 suun

67 922 155 1003 fide,
182 920 374 982 attendentes
394 917 554 997 spiritibus
576 919 709 979 erroris,
753 916 900 990 Quocirca
923 937 989 980 eum
1011 918 1140 999 Spiritus
1162 919 1270 984 dieitur
1291 919 1323 982 in

67 1022 189 1102 aliquo
214 1037 293 1092 esse,
315 1018 444 1083 Verbum
467 1018 498 1080 in
519 1018 587 1098 ipso
610 1018 684 1080 dans
700 1018 844 1098 Spiritum
866 1019 1048 1099 intelligitur.
1091 1019 1248 1083 llinoeum
1263 1021 1322 1084 irn-

72 1124 226 1203 plerstur
246 1120 419 1201 prophetia,
450 1137 527 1200 quae
548 1119 633 1182 dieit:
662 1116 844 1204 Effundam
857 1122 891 1184 de
914 1121 1033 1202 Spiritu
1055 1139 1118 1184 meo
1142 1141 1236 1202 super
1259 1141 1323 1186 oar-

73 1244 156 1287 uem
187 1241 325 1294 eornuu,
352 1221 462 1284 Pardus
483 1221 538 1284 ait:
568 1221 739 1286 Semadutn
761 1223 1073 1286 subministrationem
1094 1223 1231 1304 Spiritus
1254 1222 1324 1288 iesu

79 1327 213 1389 Christi
231 1329 264 1386 iu
284 1343 339 1386 me.
384 1323 422 1384 Et
443 1323 479 1384 ad
495 1323 666 1385 Corinthios
682 1322 760 1386 idem
777 1323 896 1386 scribit:
919 1327 966 1387 dn
980 1329 1218 1406 euperirnentum
1233 1343 1325 1407 quoe*

82 1431 163 1488 ritis
189 1431 262 1498 eius,
285 1429 338 1508 gui
357 1429 390 1488 iu
412 1445 457 1488 ote
481 1425 618 1508 loquitur
642 1423 808 1490 Christus?
851 1425 882 1486 Si
906 1444 998 1506 porro
1018 1425 1157 1488 Christus
1180 1435 1252 1498 erat,
1274 1425 1324 1504 qui
1400 1447 1404 1454 ·

84 1528 122 1588 in
146 1545 184 1588 eo
208 1526 395 1606 loquebatur,
418 1526 609 1588 manifestum
633 1532 689 1598 est,
713 1509 826 1588 Christi
846 1525 939 1588 luisse
960 1527 1122 1606 Spiritum,
1146 1527 1196 1606 qui
1221 1526 1251 1588 in
1274 1526 1324 1589 illo

83 1628 282 1709 loquebatur.
325 1627 443 1690 Etenim
466 1645 534 1696 eum
556 1625 693 1688 Christus
715 1626 744 1688 io
767 1626 847 1690 tetis
869 1627 899 1688 in
921 1629 988 1707 ipso
1011 1629 1195 1708 loqueretur,
1216 1645 1325 1690 rursus

87 1731 142 1792 ille
166 1729 299 1792 dicebat:
332 1729 371 1792 Et
399 1748 482 1793 nuue
510 1748 574 1792 eeee
595 1727 740 1807 alligatus
770 1747 823 1808 epo
845 1728 964 1810 Spiritu
994 1731 1070 1793 vodo
1092 1734 1125 1792 in
1147 1729 1410 1801 ierosolimam.

88 1851 170 1914 quoe
193 1836 225 1892 iu
253 1849 288 1898 eu
310 1841 442 1894 uenturo
464 1840 537 1894 sunt
557 1829 633 1892 utili
651 1834 815 1909 ignorans,
848 1833 912 1892 uisi
938 1816 1017 1910 pund
1039 1829 1172 1912 Spiritus
1201 1841 1325 1894 sanetus

87 1952 153 2016 per
168 1929 304 1996 eioilntee
317 1943 514 2014 protestetur
527 1931 603 1994 mibi
622 1931 732 2002 diseno,
756 1934 898 2010 mortium
920 1930 1042 1994 eiueulo
1064 1945 1092 1996 et
1114 1932 1326 1997 tribulationes

90 2051 142 2096 me
162 2045 316 2098 mourut·
339 2033 424 2096 Unde
446 2051 512 2096 eum
536 2031 637 2094 Saooti
659 2031 775 2092 diuum:
799 2030 882 2094 [inea
897 2033 968 2094 dioit
983 2033 1142 2123 Dominus,
1166 2033 1326 2096 annaliter

93 2153 169 2198 sane
197 2117 284 2216 quam
311 2135 344 2196 in
371 2135 614 2215 Spiritusaneto
643 2133 820 2212 loquuntur.
854 2141 884 2196 et
912 2132 943 2196 iu
972 2133 1085 2214 Spiritu
1113 2134 1270 2215 loquentes
1296 2136 1328 2198 iu

94 2235 218 2299 Christo
239 2237 313 2298 haee
335 2227 438 2300 eadem
458 2237 629 2316 loquuntur.
675 2235 763 2308 Quod
787 2234 812 2296 si
834 2234 953 2314 Agabus
977 2236 1109 2298 inbutis
1132 2236 1224 2300 dieat:
1248 2236 1329 2301 Haut

96 2340 170 2402 dieii
192 2337 329 2420 Spiritus
351 2350 490 2410 seuerus,
522 2355 584 2400 uon
612 2337 695 2400 aliter
723 2337 794 2398 item
823 2335 1030 2416 intelligendus
1058 2347 1106 2400 est
1127 2355 1215 2416 quam
1238 2338 1328 2417 quod,

98 2440 225 2502 eumad
247 2439 345 2520 ipsum
367 2440 475 2502 laetum
498 2439 604 2502 luisset
624 2437 764 2510 Verbum,
789 2437 919 2516 Spiritus
941 2439 1119 2518 suggerebat
1138 2457 1215 2518 quae
1237 2439 1268 2500 in
1291 2457 1328 2500 eo

99 2542 287 2620 loqueretur,
317 2549 350 2602 ut
377 2551 407 2602 et
433 2559 508 2619 quae
527 2539 621 2602 Paulo
644 2538 836 2618 ierosolymis
865 2549 988 2600 ventura
1016 2549 1100 2601 erant
1127 2541 1329 2602 denunciaret.

101 2643 237 2704 Proiecto
260 2661 325 2704 cum
348 2641 477 2722 Spiritus
500 2641 591 2704 Paulo
615 2639 722 2701 iterum
744 2646 972 2719 protestaretur,
994 2640 1061 2718 ipse
1083 2640 1220 2702 Christus
1244 2640 1274 2700 in
1293 2658 1329 2701 eo

101 2743 285 2824 loquebatur,
308 2744 348 2806 ita
370 2751 404 2804 ut
425 2742 554 2823 Spiritus
575 2740 784 2804 testimonium
804 2740 843 2802 sit
865 2759 984 2820 quoque
1008 2741 1100 2810 Verbi,
1118 2739 1330 2802 testimonium.

103 2846 153 2908 Sie
179 2846 266 2908 etiam
294 2863 360 2908 etim
383 2844 511 2908 Verbum
540 2843 570 2906 in
599 2851 731 2906 saeuam
753 2841 904 2921 Virginem
933 2841 1052 2904 Manem
1081 2841 1214 2912 advenit,
1243 2837 1334 2903 simul

104 2965 220 3026 quoque
242 2947 334 3010 adluit
355 2947 484 3027 Spiritum
507 2956 538 3008 et
557 2945 686 3008 Verbum
710 2944 740 3006 in
763 2943 876 3024 Spiritu
903 2943 962 3006 sihi
984 2945 1041 3024 ipsi
1064 2961 1173 3023 eorpus
1194 2940 1333 3004 iorntavlt

107 3057 138 3110 et
157 3050 272 3129 opilavit,
296 3068 346 3112 res
368 3059 481 3111 ereatas
503 3066 557 3128 per
580 3047 714 3128 seipsum
729 3045 810 3108 Patri
826 3045 1006 3126 eoniungere
1029 3055 1060 3108 et
1081 3046 1190 3108 ollerre
1214 3043 1339 3143 omnia-1

859 3292 866 3307 Ι

109 3305 185 3353 manni
203 3304 226 3352 t.
272 3303 316 3354 tttt
347 3317 402 3352 uero
432 3311 455 3351 et
481 3303 536 3351 editi
557 3295 691 3386 ίγράφων.
744 3297 782 3364 τῷ
800 3313 943 3366 πνευματι.

110 3372 195 3422 ibidem
213 3373 270 3434 Reg.
286 3371 309 3422 b.
327 3363 359 3418 τὸ
377 3368 485 3436 πνεῦμα
503 3364 534 3418 τὸ
553 3383 641 3434 eyter.
778 3385 800 3430 3·
819 3371 875 3432 fleg.
894 3369 915 3419 l.
934 3379 957 3418 st
974 3369 1114 3428 Seguerian.
1139 3359 1334 3434 συμβησόμενᾶ

142 3455 161 3488 e.
183 3439 274 3501 liegl.
294 3446 317 3489 et
334 3441 433 3500 Seguer.
451 3431 571 3492 πλάνοις.
743 3451 800 3504 μοι.
828 3435 979 3500 lloxlieg.2.
999 3429 1043 3483 lire
1060 3437 1155 3486 omittit.
1192 3437 1335 3498 l’sulopost

141 3507 164 3554 d.
181 3508 220 3556 Sie
238 3507 294 3568 ling.
314 3507 337 3556 l.
362 3507 461 3567 Seguer.
486 3505 576 3568 buglis.
595 3505 693 3558 Gohier.
745 3505 800 3567 lieg.
818 3505 840 3553 l.
859 3509 992 3567 etSeguer.
1011 3497 1214 3569 διεμαρτύρατό
1230 3515 1287 3567 μοι,
1309 3510 1335 3551 ut

113 3573 334 3624 catatumbis
369 3575 450 3624 uidem
469 3582 541 3624 reete.
586 3573 631 3622 biii
650 3583 694 3624 eo·
745 3582 769 3623 et
791 3573 879 3635 legitor
902 3575 926 3622 in
952 3587 997 3622 ms.
1022 3573 1113 3620 codiee
1128 3571 1254 3619 Alexandr.
1281 3570 1334 3618 nori

113 3649 196 3690 temet
214 3642 270 3691 editi
287 3635 332 3690 uui
350 3589 367 3688 b
383 3637 488 3694 Παῦλος
506 3633 577 3706 ἔλεγε
595 3640 694 3706 Keptu-
746 3641 893 3692 Testamenti
917 3641 972 3690 odit.
993 3639 1144 3688 Omoiensis.
1187 3637 1238 3687 blot
1261 3635 1334 3700 iidem

114 3701 189 3760 otoo.
226 3707 316 3758 ibidem
343 3707 437 3770 liegl.
458 3705 604 3774 χορηγίαν.
643 3707 693 3756 blox
745 3708 840 3768 Regi.
860 3705 1040 3768 etSeguerian.
1060 3699 1228 3766 diruebant,
1253 3703 1293 3752 alii
1313 3707 1336 3751 tt

115 3775 180 3826 iidem
197 3773 231 3824 illi
250 3791 293 3826 sea
312 3791 370 3826 mss.
388 3777 424 3826 oio
442 3777 544 3828 hehent:
563 3769 695 3840 καὶπρὸς
746 3775 802 3824 editi
821 3765 863 3823 iu.
1324 3830 1331 3845 ι

115 3838 273 3910 Κορινθίους
290 3838 321 3892 δὲ
337 3837 468 3911 ἔγραφεν.
511 3845 574 3895 Editi
599 3859 654 3894 roro
673 3851 697 3892 et
782 3843 805 3892 h.
824 3841 917 3902 negt.
938 3840 1076 3892 Gohlerinn.
1096 3839 1241 3889 etielehm.
1260 3838 1283 3886 l.
1302 3849 1337 3896 po

116 3912 152 3990 alii
177 3903 221 3958 uui
248 3905 330 3960 πάλιν
355 3905 425 3978 πρὸς
451 3903 549 3966 αὐτοὺς
576 3903 589 3958 ὃ
616 3901 697 3962 αὐτὸς
747 3899 840 3963 obrui.
968 3927 994 3986 '-
1100 3977 1104 3984 Ι
1249 3972 1254 3983 Ι

116 3981 340 4114 intirmorum,
352 3981 633 4110 himebslbgiislehidblthh
644 3980 696 4095 therl-
747 3979 857 4094 reim?
874 3971 1339 4106 isignppapegtpgtepzopppppppkp

118 4123 179 4178 getse
203 4118 254 4166 noui
279 4115 425 4165 Testamenti
458 4117 573 4166 versionis
604 4121 696 4164 auctor.
747 4101 830 4176 obtul.
875 4111 931 4173 liog.
949 4109 973 4160 2.
1003 4101 1161 4174 ἔπιχορηγεῖ
1191 4101 1237 4154 uui
1266 4102 1341 4156 tutet

119 4184 158 4233 ilii
179 4191 202 4233 et
226 4184 282 4233 editi
308 4175 332 4232 el
357 4177 479 4248 δοκιμήν.
516 4185 622 4234 Graecos
641 4197 696 4231 aero
748 4170 831 4244 αὐτῷ.
875 4180 947 4228 hasil.
972 4169 1156 4242 ἀποχορηγεῖν
1182 4169 1228 4222 καὶ
1250 4170 1340 4223 λαλεῖν

121 4251 167 4300 neri
178 4252 322 4301 Testamenti
341 4258 418 4299 textus
436 4243 493 4298 inei
511 4244 626 4316 δοκιμήν
644 4251 696 4300 sine
749 4240 779 4296 ἐν
797 4239 881 4310 αὐτῷ,
915 4247 959 4296 biii
982 4254 1006 4294 et
1030 4245 1086 4293 editi
1111 4235 1279 4310 ἄποχορηγεῑ
1294 4237 1341 4290 καὶ

120 4318 163 4368 ulla
180 4333 233 4368 mss.
253 4319 309 4368 edit
329 4318 403 4367 Oxou.
425 4319 594 4382 discrepantia.
748 4310 839 4363 λαλεῖν
856 4307 886 4363 ἐν
904 4305 985 4377 αὐτῷ.
1021 4312 1095 4362 Paulo
1120 4321 1175 4376 post
1194 4305 1249 4373 Reg.
1271 4310 1293 4360 l.
1317 4317 1341 4360 et

150 4401 167 4434 e.
184 4386 222 4434 Sic
246 4384 341 4447 Regi.
367 4385 473 4445 Segoer„
495 4393 518 4436 et
544 4385 697 4448 bnglietons.
750 4385 852 4444 Seguer.
868 4373 1125 4446 διαμαρτυρομένου
1143 4378 1182 4444 egl
1200 4372 1307 4442 Παύλῳ.

121 4453 189 4504 Ceteri
206 4461 228 4504 et
245 4453 304 4502 editi
321 4445 456 4511 deturbet.
785 4453 807 4501 k.
826 4451 867 4500 Sic
884 4451 941 4510 lteg.
960 4450 981 4497 i.
1007 4457 1030 4497 et
1048 4447 1147 4510 Seguer.
1172 4449 1212 4511 qui
1237 4455 1261 4496 et
1279 4446 1340 4495 inira

151 4520 219 4570 tsie
241 4521 291 4582 hog
319 4519 341 4568 i.
366 4520 506 4580 Segueriau⁴
534 4519 657 4578 ingilena.
675 4528 699 4570 et
751 4518 839 4568 habent
857 4509 1052 4581 ourttsr'glero.
1088 4517 1131 4566 ihi
1154 4523 1178 4566 et
1196 4516 1253 4566 editi
1269 4509 1344 4562 tutet

142 3236 162 3284 h.
181 3223 430 3300 Sielieg.i.'8eguer.
450 3235 547 3286 Gohler.
566 3243 590 3284 et
608 3219 713 3284 Velelt?
744 3241 803 3284 tunt.
839 3232 883 3281 ttti
908 3241 931 3282 et
959 3233 1015 3282 editi
1039 3233 1127 3284 hobent
1145 3225 1287 3298 δεδεμένος
1304 3223 1334 3284 ir

123 4585 214 4638 iabin.
227 4588 248 4637 t.
284 4592 313 4638 tt
329 4589 387 4650 tteg.
400 4586 424 4638 2.
444 4579 548 4638 etherii.
559 4577 614 4650 lyei
625 4587 698 4638 omit·
751 4593 774 4636 et
792 4587 854 4636 iuba
873 4576 1030 4650 συνήρχετο.
