<?xml version="1.0" encoding="UTF-8"?>
<!DOCTYPE html PUBLIC "-//W3C//DTD XHTML 1.0 Transitional//EN"
    "http://www.w3.org/TR/xhtml1/DTD/xhtml1-transitional.dtd">
<html xmlns="http://www.w3.org/1999/xhtml" xml:lang="en" lang="en">
 <head>
  <title>
</title>
<meta http-equiv="Content-Type" content="text/html;charset=utf-8" />
  <meta name='ocr-system' content='tesseract 3.04.00' />
  <meta name='ocr-capabilities' content='ocr_page ocr_carea ocr_par ocr_line ocrx_word'/>
</head>
<body>
  <div class='ocr_page' id='page_1' title='image "./sanctiathanasii01athagoog_0648.png"; bbox 0 0 3122 5060; ppageno 0'>
   <div class='ocr_carea' id='block_1_1' title="bbox 436 310 1362 394">
    <p class='ocr_par' dir='ltr' id='par_1_1' title="bbox 436 310 1362 394">
     <span class='ocr_line' id='line_1_1' title="bbox 436 310 1362 394; baseline 0.008 -10"><span class='ocrx_word' id='word_1_1' title='bbox 436 310 442 319; x_wconf 55' lang='lat'><strong>¹</strong></span> <span class='ocrx_word' id='word_1_2' title='bbox 539 343 989 390; x_wconf 77' lang='lat' dir='ltr'><strong>ontT10111.cottrtrtAltttlt08.</strong></span> <span class='ocrx_word' id='word_1_3' title='bbox 1302 332 1362 394; x_wconf 86' lang='lat'><strong>601</strong></span> 
     </span>
    </p>
   </div>
   <div class='ocr_carea' id='block_1_2' title="bbox 102 493 1468 3725">
    <p class='ocr_par' dir='ltr' id='par_1_2' title="bbox 132 493 1449 1184">
     <span class='ocr_line' id='line_1_2' title="bbox 134 493 1449 576; baseline 0.001 -21"><span class='ocrx_word' id='word_1_4' title='bbox 134 503 197 566; x_wconf 89' lang='lat' dir='ltr'><strong>ost,</strong></span> <span class='ocrx_word' id='word_1_5' title='bbox 232 511 269 554; x_wconf 83' lang='lat' dir='ltr'><strong>ex</strong></span> <span class='ocrx_word' id='word_1_6' title='bbox 301 493 451 556; x_wconf 85' lang='lat' dir='ltr'><strong>voluntate</strong></span> <span class='ocrx_word' id='word_1_7' title='bbox 485 513 553 556; x_wconf 86' lang='lat' dir='ltr'><strong>esee</strong></span> <span class='ocrx_word' id='word_1_8' title='bbox 584 512 685 572; x_wconf 86' lang='lat' dir='ltr'><strong>posse.</strong></span> <span class='ocrx_word' id='word_1_9' title='bbox 732 494 884 575; x_wconf 90' lang='lat' dir='ltr'><strong>Siquidem</strong></span> <span class='ocrx_word' id='word_1_10' title='bbox 914 497 1008 576; x_wconf 85' lang='lat' dir='ltr'><strong>qualis</strong></span> <span class='ocrx_word' id='word_1_11' title='bbox 1030 497 1151 558; x_wconf 82' lang='lat' dir='ltr'><strong>cuiusve</strong></span> <span class='ocrx_word' id='word_1_12' title='bbox 1173 497 1256 558; x_wconf 92' lang='lat' dir='ltr'><strong>modi</strong></span> <span class='ocrx_word' id='word_1_13' title='bbox 1277 496 1449 562; x_wconf 68' lang='lat' dir='ltr'><strong>fueritneu.</strong></span> 
     </span>
     <span class='ocr_line' id='line_1_3' title="bbox 132 593 1366 678; baseline 0.005 -22"><span class='ocrx_word' id='word_1_14' title='bbox 132 595 221 658; x_wconf 85' lang='lat' dir='ltr'><strong>beata</strong></span> <span class='ocrx_word' id='word_1_15' title='bbox 243 593 292 663; x_wconf 79' lang='lat' dir='ltr'><strong>itta</strong></span> <span class='ocrx_word' id='word_1_16' title='bbox 314 603 428 670; x_wconf 87' lang='lat' dir='ltr'><strong>natura,</strong></span> <span class='ocrx_word' id='word_1_17' title='bbox 453 595 539 660; x_wconf 86' lang='lat' dir='ltr'><strong>tatem</strong></span> <span class='ocrx_word' id='word_1_18' title='bbox 563 604 594 657; x_wconf 86' lang='lat' dir='ltr'><strong>et</strong></span> <span class='ocrx_word' id='word_1_19' title='bbox 614 597 760 660; x_wconf 89' lang='lat' dir='ltr'><strong>eiusmodi</strong></span> <span class='ocrx_word' id='word_1_20' title='bbox 783 617 907 659; x_wconf 83' lang='lat' dir='ltr'><strong>neeesse</strong></span> <span class='ocrx_word' id='word_1_21' title='bbox 930 607 976 658; x_wconf 88' lang='lat' dir='ltr'><strong>est</strong></span> <span class='ocrx_word' id='word_1_22' title='bbox 996 617 1064 659; x_wconf 91' lang='lat' dir='ltr'><strong>esee</strong></span> <span class='ocrx_word' id='word_1_23' title='bbox 1078 597 1232 678; x_wconf 81' lang='lat' dir='ltr'><strong>proprium</strong></span> <span class='ocrx_word' id='word_1_24' title='bbox 1249 617 1284 659; x_wconf 83' lang='lat' dir='ltr'><strong>cx</strong></span> <span class='ocrx_word' id='word_1_25' title='bbox 1300 600 1366 678; x_wconf 86' lang='lat' dir='ltr'><strong>ipsa</strong></span> 
     </span>
     <span class='ocr_line' id='line_1_4' title="bbox 135 695 1365 762; baseline 0.004 -5"><span class='ocrx_word' id='word_1_26' title='bbox 135 705 235 757; x_wconf 89' lang='lat' dir='ltr'><strong>ortum</strong></span> <span class='ocrx_word' id='word_1_27' title='bbox 270 696 370 758; x_wconf 81' lang='lat' dir='ltr'><strong>letum.</strong></span> <span class='ocrx_word' id='word_1_28' title='bbox 415 696 492 758; x_wconf 89' lang='lat' dir='ltr'><strong>Hine</strong></span> <span class='ocrx_word' id='word_1_29' title='bbox 522 695 611 759; x_wconf 87' lang='lat' dir='ltr'><strong>Pater</strong></span> <span class='ocrx_word' id='word_1_30' title='bbox 642 709 703 760; x_wconf 89' lang='lat' dir='ltr'><strong>non</strong></span> <span class='ocrx_word' id='word_1_31' title='bbox 736 699 823 760; x_wconf 79' lang='lat' dir='ltr'><strong>dixit:</strong></span> <span class='ocrx_word' id='word_1_32' title='bbox 857 700 912 760; x_wconf 88' lang='lat' dir='ltr'><strong>llic</strong></span> <span class='ocrx_word' id='word_1_33' title='bbox 941 708 989 762; x_wconf 89' lang='lat' dir='ltr'><strong>est</strong></span> <span class='ocrx_word' id='word_1_34' title='bbox 1015 699 1162 762; x_wconf 87' lang='lat' dir='ltr'><strong>voluntate</strong></span> <span class='ocrx_word' id='word_1_35' title='bbox 1185 719 1250 762; x_wconf 88' lang='lat' dir='ltr'><strong>mea</strong></span> <span class='ocrx_word' id='word_1_36' title='bbox 1272 702 1365 762; x_wconf 84' lang='lat' dir='ltr'><strong>laetus</strong></span> 
     </span>
     <span class='ocr_line' id='line_1_5' title="bbox 135 781 1364 880; baseline 0.004 -22"><span class='ocrx_word' id='word_1_37' title='bbox 135 798 231 872; x_wconf 77' lang='lat' dir='ltr'><strong>illiue,</strong></span> <span class='ocrx_word' id='word_1_38' title='bbox 266 816 363 876; x_wconf 73' lang='lat' dir='ltr'><strong>[teque</strong></span> <span class='ocrx_word' id='word_1_39' title='bbox 391 815 478 877; x_wconf 90' lang='lat' dir='ltr'><strong>quem</strong></span> <span class='ocrx_word' id='word_1_40' title='bbox 501 818 568 860; x_wconf 91' lang='lat' dir='ltr'><strong>meo</strong></span> <span class='ocrx_word' id='word_1_41' title='bbox 592 799 714 862; x_wconf 90' lang='lat' dir='ltr'><strong>arbitrio</strong></span> <span class='ocrx_word' id='word_1_42' title='bbox 738 801 827 862; x_wconf 87' lang='lat' dir='ltr'><strong>babui</strong></span> <span class='ocrx_word' id='word_1_43' title='bbox 849 800 956 875; x_wconf 82' lang='lat' dir='ltr'><strong>lilium,</strong></span> <span class='ocrx_word' id='word_1_44' title='bbox 990 802 1045 862; x_wconf 90' lang='lat' dir='ltr'><strong>sed</strong></span> <span class='ocrx_word' id='word_1_45' title='bbox 1073 781 1246 880; x_wconf 77' lang='lat' dir='ltr'><strong>simpliciter</strong></span> <span class='ocrx_word' id='word_1_46' title='bbox 1268 801 1364 863; x_wconf 82' lang='lat' dir='ltr'><strong>Filius</strong></span> 
     </span>
     <span class='ocr_line' id='line_1_6' title="bbox 134 900 1362 983; baseline 0.002 -22"><span class='ocrx_word' id='word_1_47' title='bbox 134 919 249 971; x_wconf 73' lang='lat' dir='ltr'><strong>samu„</strong></span> <span class='ocrx_word' id='word_1_48' title='bbox 271 907 301 960; x_wconf 86' lang='lat' dir='ltr'><strong>et</strong></span> <span class='ocrx_word' id='word_1_49' title='bbox 325 900 429 980; x_wconf 88' lang='lat' dir='ltr'><strong>potius</strong></span> <span class='ocrx_word' id='word_1_50' title='bbox 458 905 490 964; x_wconf 79' lang='lat' dir='ltr'><strong>iu</strong></span> <span class='ocrx_word' id='word_1_51' title='bbox 519 921 577 983; x_wconf 84' lang='lat' dir='ltr'><strong>quo</strong></span> <span class='ocrx_word' id='word_1_52' title='bbox 604 904 679 964; x_wconf 82' lang='lat' dir='ltr'><strong>mibi</strong></span> <span class='ocrx_word' id='word_1_53' title='bbox 700 903 884 983; x_wconf 66' lang='lat' dir='ltr'><strong>complacui,</strong></span> <span class='ocrx_word' id='word_1_54' title='bbox 915 921 1042 982; x_wconf 90' lang='lat' dir='ltr'><strong>quorum</strong></span> <span class='ocrx_word' id='word_1_55' title='bbox 1064 903 1182 982; x_wconf 90' lang='lat' dir='ltr'><strong>quidem</strong></span> <span class='ocrx_word' id='word_1_56' title='bbox 1204 901 1362 964; x_wconf 81' lang='lat' dir='ltr'><strong>verborum</strong></span> 
     </span>
     <span class='ocr_line' id='line_1_7' title="bbox 135 1000 1449 1087; baseline 0.004 -26"><span class='ocrx_word' id='word_1_57' title='bbox 135 1000 313 1087; x_wconf 73' lang='lat' dir='ltr'><strong>significatio</strong></span> <span class='ocrx_word' id='word_1_58' title='bbox 336 1002 483 1082; x_wconf 84' lang='lat' dir='ltr'><strong>eiusmodi</strong></span> <span class='ocrx_word' id='word_1_59' title='bbox 507 1011 567 1066; x_wconf 85' lang='lat' dir='ltr'><strong>est:</strong></span> <span class='ocrx_word' id='word_1_60' title='bbox 592 1005 668 1078; x_wconf 88' lang='lat' dir='ltr'><strong>„llic</strong></span> <span class='ocrx_word' id='word_1_61' title='bbox 689 1013 735 1066; x_wconf 91' lang='lat' dir='ltr'><strong>est</strong></span> <span class='ocrx_word' id='word_1_62' title='bbox 756 1013 861 1068; x_wconf 86' lang='lat' dir='ltr'><strong>natura</strong></span> <span class='ocrx_word' id='word_1_63' title='bbox 875 1005 978 1080; x_wconf 85' lang='lat' dir='ltr'><strong>Filius,</strong></span> <span class='ocrx_word' id='word_1_64' title='bbox 1001 1005 1032 1066; x_wconf 92' lang='lat' dir='ltr'><strong>in</strong></span> <span class='ocrx_word' id='word_1_65' title='bbox 1054 1020 1114 1084; x_wconf 90' lang='lat' dir='ltr'><strong>quo</strong></span> <span class='ocrx_word' id='word_1_66' title='bbox 1137 1005 1269 1066; x_wconf 86' lang='lat' dir='ltr'><strong>omnium</strong></span> <span class='ocrx_word' id='word_1_67' title='bbox 1289 1023 1449 1084; x_wconf 72' lang='lat' dir='ltr'><strong>quaemus.</strong></span> 
     </span>
     <span class='ocr_line' id='line_1_8' title="bbox 136 1101 793 1184; baseline 0.006 -20"><span class='ocrx_word' id='word_1_68' title='bbox 136 1101 235 1176; x_wconf 84' lang='lat' dir='ltr'><strong>„mibi</strong></span> <span class='ocrx_word' id='word_1_69' title='bbox 259 1101 377 1181; x_wconf 78' lang='lat' dir='ltr'>placent</span> <span class='ocrx_word' id='word_1_70' title='bbox 399 1104 535 1168; x_wconf 84' lang='lat' dir='ltr'><strong>voluntas</strong></span> <span class='ocrx_word' id='word_1_71' title='bbox 557 1107 692 1184; x_wconf 79' lang='lat' dir='ltr'><strong>reposita</strong></span> <span class='ocrx_word' id='word_1_72' title='bbox 715 1113 793 1183; x_wconf 65' lang='lat' dir='ltr'><strong>estf‘</strong></span> 
     </span>
    </p>

    <p class='ocr_par' dir='ltr' id='par_1_3' title="bbox 134 1203 1439 2707">
     <span class='ocr_line' id='line_1_9' title="bbox 224 1203 1363 1286; baseline 0 -18"><span class='ocrx_word' id='word_1_73' title='bbox 224 1206 275 1268; x_wconf 86' lang='grc'><strong>66.</strong></span> <span class='ocrx_word' id='word_1_74' title='bbox 319 1203 397 1266; x_wconf 83' lang='lat' dir='ltr'><strong>Num</strong></span> <span class='ocrx_word' id='word_1_75' title='bbox 425 1224 513 1286; x_wconf 76' lang='lat' dir='ltr'><strong>erqo,</strong></span> <span class='ocrx_word' id='word_1_76' title='bbox 543 1207 610 1286; x_wconf 91' lang='lat' dir='ltr'><strong>quia</strong></span> <span class='ocrx_word' id='word_1_77' title='bbox 634 1227 670 1268; x_wconf 83' lang='lat' dir='ltr'><strong>ex</strong></span> <span class='ocrx_word' id='word_1_78' title='bbox 692 1218 795 1270; x_wconf 86' lang='lat' dir='ltr'><strong>namra</strong></span> <span class='ocrx_word' id='word_1_79' title='bbox 817 1227 878 1270; x_wconf 89' lang='lat' dir='ltr'><strong>non</strong></span> <span class='ocrx_word' id='word_1_80' title='bbox 901 1217 999 1270; x_wconf 82' lang='lat' dir='ltr'><strong>autem</strong></span> <span class='ocrx_word' id='word_1_81' title='bbox 1021 1227 1057 1270; x_wconf 83' lang='lat' dir='ltr'><strong>ex</strong></span> <span class='ocrx_word' id='word_1_82' title='bbox 1079 1208 1229 1270; x_wconf 85' lang='lat' dir='ltr'><strong>voluntate</strong></span> <span class='ocrx_word' id='word_1_83' title='bbox 1251 1207 1291 1268; x_wconf 88' lang='lat' dir='ltr'><strong>sit</strong></span> <span class='ocrx_word' id='word_1_84' title='bbox 1310 1208 1363 1268; x_wconf 86' lang='lat' dir='ltr'><strong>Fi-</strong></span> 
     </span>
     <span class='ocr_line' id='line_1_10' title="bbox 134 1301 1364 1384; baseline 0.005 -18"><span class='ocrx_word' id='word_1_85' title='bbox 134 1301 211 1379; x_wconf 87' lang='lat' dir='ltr'><strong>lius,</strong></span> <span class='ocrx_word' id='word_1_86' title='bbox 243 1312 362 1384; x_wconf 83' lang='lat' dir='ltr'><strong>praeter</strong></span> <span class='ocrx_word' id='word_1_87' title='bbox 391 1305 571 1370; x_wconf 88' lang='lat' dir='ltr'><strong>voluntatem</strong></span> <span class='ocrx_word' id='word_1_88' title='bbox 593 1309 689 1372; x_wconf 84' lang='lat' dir='ltr'><strong>Patria</strong></span> <span class='ocrx_word' id='word_1_89' title='bbox 718 1319 748 1372; x_wconf 88' lang='lat' dir='ltr'><strong>et</strong></span> <span class='ocrx_word' id='word_1_90' title='bbox 775 1312 898 1372; x_wconf 87' lang='lat' dir='ltr'><strong>nolente</strong></span> <span class='ocrx_word' id='word_1_91' title='bbox 917 1311 1004 1372; x_wconf 89' lang='lat' dir='ltr'><strong>Patre</strong></span> <span class='ocrx_word' id='word_1_92' title='bbox 1028 1319 1073 1371; x_wconf 87' lang='lat' dir='ltr'><strong>est</strong></span> <span class='ocrx_word' id='word_1_93' title='bbox 1094 1307 1209 1372; x_wconf 78' lang='lat' dir='ltr'><strong>Filius?</strong></span> <span class='ocrx_word' id='word_1_94' title='bbox 1245 1308 1364 1372; x_wconf 87' lang='lat' dir='ltr'><strong>llinime</strong></span> 
     </span>
     <span class='ocr_line' id='line_1_11' title="bbox 136 1393 1365 1492; baseline 0.006 -27"><span class='ocrx_word' id='word_1_95' title='bbox 136 1393 220 1468; x_wconf 81' lang='lat' dir='ltr'><strong>vero.</strong></span> <span class='ocrx_word' id='word_1_96' title='bbox 264 1405 324 1468; x_wconf 85' lang='lat' dir='ltr'><strong>Sed</strong></span> <span class='ocrx_word' id='word_1_97' title='bbox 344 1409 446 1488; x_wconf 86' lang='lat' dir='ltr'><strong>potius</strong></span> <span class='ocrx_word' id='word_1_98' title='bbox 468 1409 556 1472; x_wconf 84' lang='lat' dir='ltr'><strong>Pater</strong></span> <span class='ocrx_word' id='word_1_99' title='bbox 576 1410 767 1487; x_wconf 85' lang='lat' dir='ltr'><strong>vultFilium,</strong></span> <span class='ocrx_word' id='word_1_100' title='bbox 790 1419 878 1492; x_wconf 89' lang='lat' dir='ltr'><strong>atque</strong></span> <span class='ocrx_word' id='word_1_101' title='bbox 902 1419 932 1474; x_wconf 88' lang='lat' dir='ltr'><strong>ut</strong></span> <span class='ocrx_word' id='word_1_102' title='bbox 955 1412 1019 1491; x_wconf 88' lang='lat' dir='ltr'><strong>ipse</strong></span> <span class='ocrx_word' id='word_1_103' title='bbox 1041 1411 1186 1490; x_wconf 90' lang='lat' dir='ltr'><strong>loquitur:</strong></span> <span class='ocrx_word' id='word_1_104' title='bbox 1209 1411 1303 1472; x_wconf 84' lang='lat' dir='ltr'><strong>Peter</strong></span> <span class='ocrx_word' id='word_1_105' title='bbox 1319 1413 1365 1473; x_wconf 84' lang='lat' dir='ltr'><strong>di-</strong></span> 
     </span>
     <span class='ocr_line' id='line_1_12' title="bbox 137 1508 1364 1589; baseline 0.005 -21"><span class='ocrx_word' id='word_1_106' title='bbox 137 1509 205 1589; x_wconf 75' lang='lat' dir='ltr'><strong>le&#39;qit</strong></span> <span class='ocrx_word' id='word_1_107' title='bbox 225 1508 334 1572; x_wconf 79' lang='lat' dir='ltr'><strong>Filium</strong></span> <span class='ocrx_word' id='word_1_108' title='bbox 357 1521 385 1572; x_wconf 88' lang='lat' dir='ltr'><strong>et</strong></span> <span class='ocrx_word' id='word_1_109' title='bbox 407 1515 507 1573; x_wconf 82' lang='lat' dir='ltr'><strong>omnio</strong></span> <span class='ocrx_word' id='word_1_110' title='bbox 530 1513 659 1576; x_wconf 78' lang='lat' dir='ltr'><strong>ostendit</strong></span> <span class='ocrx_word' id='word_1_111' title='bbox 680 1514 737 1576; x_wconf 77' lang='lat' dir='ltr'><strong>etti.</strong></span> <span class='ocrx_word' id='word_1_112' title='bbox 791 1514 830 1576; x_wconf 88' lang='lat' dir='ltr'><strong>Ut</strong></span> <span class='ocrx_word' id='word_1_113' title='bbox 852 1514 932 1576; x_wconf 89' lang='lat' dir='ltr'><strong>enim</strong></span> <span class='ocrx_word' id='word_1_114' title='bbox 953 1531 1014 1574; x_wconf 89' lang='lat' dir='ltr'><strong>non</strong></span> <span class='ocrx_word' id='word_1_115' title='bbox 1037 1533 1071 1574; x_wconf 83' lang='lat' dir='ltr'><strong>ex</strong></span> <span class='ocrx_word' id='word_1_116' title='bbox 1093 1513 1243 1574; x_wconf 82' lang='lat' dir='ltr'><strong>voluntate</strong></span> <span class='ocrx_word' id='word_1_117' title='bbox 1265 1512 1364 1574; x_wconf 88' lang='lat' dir='ltr'><strong>bonus</strong></span> 
     </span>
     <span class='ocr_line' id='line_1_13' title="bbox 135 1599 1364 1690; baseline 0.007 -18"><span class='ocrx_word' id='word_1_118' title='bbox 135 1629 206 1672; x_wconf 88' lang='lat' dir='ltr'><strong>esse</strong></span> <span class='ocrx_word' id='word_1_119' title='bbox 227 1609 334 1690; x_wconf 85' lang='lat' dir='ltr'><strong>eoepit,</strong></span> <span class='ocrx_word' id='word_1_120' title='bbox 358 1629 413 1672; x_wconf 89' lang='lat' dir='ltr'><strong>nec</strong></span> <span class='ocrx_word' id='word_1_121' title='bbox 434 1621 532 1674; x_wconf 69' lang='lat' dir='ltr'><strong>umen</strong></span> <span class='ocrx_word' id='word_1_122' title='bbox 556 1599 810 1678; x_wconf 74' lang='lat' dir='ltr'><strong>contrementem</strong></span> <span class='ocrx_word' id='word_1_123' title='bbox 833 1624 863 1678; x_wconf 89' lang='lat' dir='ltr'><strong>et</strong></span> <span class='ocrx_word' id='word_1_124' title='bbox 885 1614 1062 1677; x_wconf 78' lang='lat' dir='ltr'>sententiam</span> <span class='ocrx_word' id='word_1_125' title='bbox 1085 1614 1254 1688; x_wconf 87' lang='lat' dir='ltr'><strong>estbonus,</strong></span> <span class='ocrx_word' id='word_1_126' title='bbox 1278 1633 1364 1680; x_wconf 84' lang='lat' dir='ltr'><strong>nnm-</strong></span> 
     </span>
     <span class='ocr_line' id='line_1_14' title="bbox 136 1712 1364 1794; baseline 0.003 -20"><span class='ocrx_word' id='word_1_127' title='bbox 136 1731 197 1791; x_wconf 79' lang='lat' dir='ltr'><strong>que</strong></span> <span class='ocrx_word' id='word_1_128' title='bbox 217 1712 275 1779; x_wconf 82' lang='lat' dir='ltr'><strong>boc</strong></span> <span class='ocrx_word' id='word_1_129' title='bbox 295 1712 361 1792; x_wconf 88' lang='lat' dir='ltr'><strong>ipse</strong></span> <span class='ocrx_word' id='word_1_130' title='bbox 382 1712 445 1774; x_wconf 79' lang='lat' dir='ltr'><strong>uolt</strong></span> <span class='ocrx_word' id='word_1_131' title='bbox 464 1715 545 1794; x_wconf 90' lang='lat' dir='ltr'><strong>quod</strong></span> <span class='ocrx_word' id='word_1_132' title='bbox 569 1725 632 1790; x_wconf 80' lang='lat' dir='ltr'><strong>est3</strong></span> <span class='ocrx_word' id='word_1_133' title='bbox 654 1716 695 1778; x_wconf 89' lang='lat' dir='ltr'><strong>ita</strong></span> <span class='ocrx_word' id='word_1_134' title='bbox 715 1717 783 1779; x_wconf 88' lang='lat' dir='ltr'><strong>licet</strong></span> <span class='ocrx_word' id='word_1_135' title='bbox 797 1717 890 1779; x_wconf 86' lang='lat' dir='ltr'><strong>Filius</strong></span> <span class='ocrx_word' id='word_1_136' title='bbox 913 1735 949 1778; x_wconf 83' lang='lat' dir='ltr'><strong>ex</strong></span> <span class='ocrx_word' id='word_1_137' title='bbox 970 1717 1124 1781; x_wconf 72' lang='lat' dir='ltr'><strong>voluntate</strong></span> <span class='ocrx_word' id='word_1_138' title='bbox 1142 1735 1211 1778; x_wconf 89' lang='lat' dir='ltr'><strong>esse</strong></span> <span class='ocrx_word' id='word_1_139' title='bbox 1233 1735 1295 1778; x_wconf 89' lang='lat' dir='ltr'><strong>non</strong></span> <span class='ocrx_word' id='word_1_140' title='bbox 1315 1716 1364 1778; x_wconf 88' lang='lat' dir='ltr'><strong>in-</strong></span> 
     </span>
     <span class='ocr_line' id='line_1_15' title="bbox 136 1813 1365 1896; baseline 0.003 -20"><span class='ocrx_word' id='word_1_141' title='bbox 136 1813 285 1893; x_wconf 82' lang='lat' dir='ltr'>coeperit,</span> <span class='ocrx_word' id='word_1_142' title='bbox 315 1831 376 1875; x_wconf 87' lang='lat' dir='ltr'><strong>non</strong></span> <span class='ocrx_word' id='word_1_143' title='bbox 405 1823 504 1876; x_wconf 87' lang='lat' dir='ltr'><strong>tamen</strong></span> <span class='ocrx_word' id='word_1_144' title='bbox 526 1826 644 1896; x_wconf 87' lang='lat' dir='ltr'><strong>praeter</strong></span> <span class='ocrx_word' id='word_1_145' title='bbox 665 1818 845 1880; x_wconf 83' lang='lat' dir='ltr'><strong>voluntatem</strong></span> <span class='ocrx_word' id='word_1_146' title='bbox 867 1827 897 1882; x_wconf 87' lang='lat' dir='ltr'><strong>et</strong></span> <span class='ocrx_word' id='word_1_147' title='bbox 918 1828 1048 1880; x_wconf 78' lang='lat' dir='ltr'><strong>mentem</strong></span> <span class='ocrx_word' id='word_1_148' title='bbox 1070 1817 1167 1878; x_wconf 90' lang='lat' dir='ltr'><strong>Petris</strong></span> <span class='ocrx_word' id='word_1_149' title='bbox 1191 1827 1246 1880; x_wconf 90' lang='lat' dir='ltr'><strong>est.</strong></span> <span class='ocrx_word' id='word_1_150' title='bbox 1291 1817 1365 1880; x_wconf 88' lang='lat' dir='ltr'><strong>Nam</strong></span> 
     </span>
     <span class='ocr_line' id='line_1_16' title="bbox 135 1914 1364 1999; baseline 0.002 -21"><span class='ocrx_word' id='word_1_151' title='bbox 135 1914 387 1996; x_wconf 83' lang='lat' dir='ltr'><strong>quemadmodum</strong></span> <span class='ocrx_word' id='word_1_152' title='bbox 416 1935 499 1979; x_wconf 90' lang='lat' dir='ltr'><strong>suam</strong></span> <span class='ocrx_word' id='word_1_153' title='bbox 529 1919 590 1981; x_wconf 86' lang='lat' dir='ltr'><strong>vult</strong></span> <span class='ocrx_word' id='word_1_154' title='bbox 617 1920 682 1998; x_wconf 89' lang='lat' dir='ltr'><strong>ipse</strong></span> <span class='ocrx_word' id='word_1_155' title='bbox 708 1919 923 1994; x_wconf 71' lang='lat' dir='ltr'><strong>substantiam,</strong></span> <span class='ocrx_word' id='word_1_156' title='bbox 953 1919 998 1980; x_wconf 89' lang='lat' dir='ltr'><strong>eie</strong></span> <span class='ocrx_word' id='word_1_157' title='bbox 1019 1937 1084 1980; x_wconf 91' lang='lat' dir='ltr'><strong>cum</strong></span> <span class='ocrx_word' id='word_1_158' title='bbox 1108 1919 1199 1979; x_wconf 83' lang='lat' dir='ltr'><strong>Filius</strong></span> <span class='ocrx_word' id='word_1_159' title='bbox 1222 1919 1364 1999; x_wconf 86' lang='lat' dir='ltr'><strong>proprius</strong></span> 
     </span>
     <span class='ocr_line' id='line_1_17' title="bbox 137 2017 1367 2099; baseline 0.003 -21"><span class='ocrx_word' id='word_1_160' title='bbox 137 2017 178 2078; x_wconf 87' lang='lat' dir='ltr'><strong>sit</strong></span> <span class='ocrx_word' id='word_1_161' title='bbox 199 2017 264 2080; x_wconf 88' lang='lat' dir='ltr'><strong>eius</strong></span> <span class='ocrx_word' id='word_1_162' title='bbox 286 2027 425 2092; x_wconf 88' lang='lat' dir='ltr'><strong>naturae,</strong></span> <span class='ocrx_word' id='word_1_163' title='bbox 453 2037 515 2080; x_wconf 92' lang='lat' dir='ltr'><strong>non</strong></span> <span class='ocrx_word' id='word_1_164' title='bbox 542 2027 662 2099; x_wconf 86' lang='lat' dir='ltr'><strong>praeter</strong></span> <span class='ocrx_word' id='word_1_165' title='bbox 683 2021 861 2086; x_wconf 87' lang='lat' dir='ltr'><strong>voluntatem</strong></span> <span class='ocrx_word' id='word_1_166' title='bbox 885 2020 949 2082; x_wconf 88' lang='lat' dir='ltr'><strong>eius</strong></span> <span class='ocrx_word' id='word_1_167' title='bbox 973 2028 1029 2082; x_wconf 90' lang='lat' dir='ltr'><strong>est.</strong></span> <span class='ocrx_word' id='word_1_168' title='bbox 1072 2019 1179 2081; x_wconf 83' lang='lat' dir='ltr'><strong>Filium</strong></span> <span class='ocrx_word' id='word_1_169' title='bbox 1202 2037 1273 2098; x_wconf 79' lang='lat' dir='ltr'><strong>ergo</strong></span> <span class='ocrx_word' id='word_1_170' title='bbox 1294 2019 1367 2082; x_wconf 89' lang='lat' dir='ltr'><strong>velit</strong></span> 
     </span>
     <span class='ocr_line' id='line_1_18' title="bbox 135 2117 1366 2202; baseline 0.001 -22"><span class='ocrx_word' id='word_1_171' title='bbox 135 2128 169 2180; x_wconf 92' lang='lat' dir='ltr'><strong>et</strong></span> <span class='ocrx_word' id='word_1_172' title='bbox 189 2117 291 2198; x_wconf 78' lang='lat' dir='ltr'><strong>diligat</strong></span> <span class='ocrx_word' id='word_1_173' title='bbox 311 2118 416 2192; x_wconf 87' lang='lat' dir='ltr'><strong>Pater,</strong></span> <span class='ocrx_word' id='word_1_174' title='bbox 446 2137 540 2199; x_wconf 90' lang='lat' dir='ltr'><strong>eaque</strong></span> <span class='ocrx_word' id='word_1_175' title='bbox 559 2121 676 2184; x_wconf 87' lang='lat' dir='ltr'><strong>ratione</strong></span> <span class='ocrx_word' id='word_1_176' title='bbox 698 2123 747 2202; x_wconf 91' lang='lat' dir='ltr'><strong>pie</strong></span> <span class='ocrx_word' id='word_1_177' title='bbox 769 2122 837 2201; x_wconf 89' lang='lat' dir='ltr'><strong>quis</strong></span> <span class='ocrx_word' id='word_1_178' title='bbox 860 2122 971 2201; x_wconf 76' lang='lat' dir='ltr'><strong>cogitet</strong></span> <span class='ocrx_word' id='word_1_179' title='bbox 993 2121 1089 2184; x_wconf 87' lang='lat' dir='ltr'><strong>lleurn</strong></span> <span class='ocrx_word' id='word_1_180' title='bbox 1109 2139 1170 2182; x_wconf 87' lang='lat' dir='ltr'><strong>non</strong></span> <span class='ocrx_word' id='word_1_181' title='bbox 1193 2121 1288 2193; x_wconf 89' lang='lat' dir='ltr'><strong>nolle,</strong></span> <span class='ocrx_word' id='word_1_182' title='bbox 1310 2121 1366 2182; x_wconf 87' lang='lat' dir='ltr'><strong>sed</strong></span> 
     </span>
     <span class='ocr_line' id='line_1_19' title="bbox 135 2219 1366 2303; baseline 0.003 -23"><span class='ocrx_word' id='word_1_183' title='bbox 135 2219 221 2282; x_wconf 82' lang='lat' dir='ltr'><strong>velle.</strong></span> <span class='ocrx_word' id='word_1_184' title='bbox 267 2219 381 2282; x_wconf 80' lang='lat' dir='ltr'><strong>Etenim</strong></span> <span class='ocrx_word' id='word_1_185' title='bbox 404 2219 495 2283; x_wconf 78' lang='lat' dir='ltr'><strong>Filius</strong></span> <span class='ocrx_word' id='word_1_186' title='bbox 529 2222 631 2284; x_wconf 90' lang='lat' dir='ltr'><strong>eadem</strong></span> <span class='ocrx_word' id='word_1_187' title='bbox 660 2223 825 2296; x_wconf 85' lang='lat' dir='ltr'><strong>voluntate,</strong></span> <span class='ocrx_word' id='word_1_188' title='bbox 861 2241 918 2303; x_wconf 89' lang='lat' dir='ltr'><strong>qua</strong></span> <span class='ocrx_word' id='word_1_189' title='bbox 940 2241 1008 2284; x_wconf 88' lang='lat' dir='ltr'><strong>eum</strong></span> <span class='ocrx_word' id='word_1_190' title='bbox 1030 2223 1091 2285; x_wconf 83' lang='lat' dir='ltr'><strong>rnlt</strong></span> <span class='ocrx_word' id='word_1_191' title='bbox 1112 2223 1213 2303; x_wconf 85' lang='lat' dir='ltr'><strong>Pater,</strong></span> <span class='ocrx_word' id='word_1_192' title='bbox 1247 2221 1366 2284; x_wconf 86' lang='lat' dir='ltr'><strong>Patrem</strong></span> 
     </span>
     <span class='ocr_line' id='line_1_20' title="bbox 136 2322 1366 2404; baseline 0.001 -21"><span class='ocrx_word' id='word_1_193' title='bbox 136 2323 204 2401; x_wconf 81' lang='lat' dir='ltr'><strong>ipse</strong></span> <span class='ocrx_word' id='word_1_194' title='bbox 231 2330 324 2396; x_wconf 87' lang='lat' dir='ltr'><strong>amat,</strong></span> <span class='ocrx_word' id='word_1_195' title='bbox 355 2322 416 2384; x_wconf 87' lang='lat' dir='ltr'><strong>ruit</strong></span> <span class='ocrx_word' id='word_1_196' title='bbox 445 2331 475 2384; x_wconf 89' lang='lat' dir='ltr'><strong>et</strong></span> <span class='ocrx_word' id='word_1_197' title='bbox 502 2323 645 2396; x_wconf 88' lang='lat' dir='ltr'><strong>honorat,</strong></span> <span class='ocrx_word' id='word_1_198' title='bbox 678 2343 795 2404; x_wconf 91' lang='lat' dir='ltr'><strong>unaque</strong></span> <span class='ocrx_word' id='word_1_199' title='bbox 818 2336 864 2387; x_wconf 89' lang='lat' dir='ltr'><strong>est</strong></span> <span class='ocrx_word' id='word_1_200' title='bbox 884 2325 1036 2398; x_wconf 81' lang='lat' dir='ltr'><strong>voluntas,</strong></span> <span class='ocrx_word' id='word_1_201' title='bbox 1070 2338 1146 2404; x_wconf 87' lang='lat' dir='ltr'><strong>quae</strong></span> <span class='ocrx_word' id='word_1_202' title='bbox 1168 2343 1204 2384; x_wconf 82' lang='lat' dir='ltr'><strong>ex</strong></span> <span class='ocrx_word' id='word_1_203' title='bbox 1225 2324 1314 2386; x_wconf 87' lang='lat' dir='ltr'><strong>Patre</strong></span> <span class='ocrx_word' id='word_1_204' title='bbox 1334 2323 1366 2384; x_wconf 90' lang='lat' dir='ltr'><strong>in</strong></span> 
     </span>
     <span class='ocr_line' id='line_1_21' title="bbox 135 2422 1365 2504; baseline 0.001 -20"><span class='ocrx_word' id='word_1_205' title='bbox 135 2423 213 2484; x_wconf 80' lang='lat' dir='ltr'><strong>Filio</strong></span> <span class='ocrx_word' id='word_1_206' title='bbox 235 2422 344 2497; x_wconf 82' lang='lat' dir='ltr'><strong>existit,</strong></span> <span class='ocrx_word' id='word_1_207' title='bbox 367 2423 408 2484; x_wconf 87' lang='lat' dir='ltr'><strong>ita</strong></span> <span class='ocrx_word' id='word_1_208' title='bbox 430 2432 463 2484; x_wconf 84' lang='lat' dir='ltr'><strong>ut</strong></span> <span class='ocrx_word' id='word_1_209' title='bbox 483 2424 554 2488; x_wconf 88' lang='lat' dir='ltr'><strong>inde</strong></span> <span class='ocrx_word' id='word_1_210' title='bbox 574 2425 666 2488; x_wconf 82' lang='lat' dir='ltr'><strong>Filios</strong></span> <span class='ocrx_word' id='word_1_211' title='bbox 689 2426 719 2488; x_wconf 89' lang='lat' dir='ltr'><strong>in</strong></span> <span class='ocrx_word' id='word_1_212' title='bbox 741 2427 829 2488; x_wconf 85' lang='lat' dir='ltr'><strong>Patre</strong></span> <span class='ocrx_word' id='word_1_213' title='bbox 852 2436 882 2487; x_wconf 90' lang='lat' dir='ltr'><strong>et</strong></span> <span class='ocrx_word' id='word_1_214' title='bbox 902 2426 990 2488; x_wconf 80' lang='lat' dir='ltr'><strong>Pater</strong></span> <span class='ocrx_word' id='word_1_215' title='bbox 1012 2426 1042 2486; x_wconf 92' lang='lat' dir='ltr'><strong>in</strong></span> <span class='ocrx_word' id='word_1_216' title='bbox 1057 2425 1131 2486; x_wconf 83' lang='lat' dir='ltr'><strong>Filio</strong></span> <span class='ocrx_word' id='word_1_217' title='bbox 1155 2426 1365 2504; x_wconf 79' lang='lat' dir='ltr'><strong>conspiciatur.</strong></span> 
     </span>
     <span class='ocr_line' id='line_1_22' title="bbox 136 2523 1364 2604; baseline 0 -18"><span class='ocrx_word' id='word_1_218' title='bbox 136 2524 232 2588; x_wconf 86' lang='lat' dir='ltr'><strong>Nemo</strong></span> <span class='ocrx_word' id='word_1_219' title='bbox 261 2523 351 2604; x_wconf 76' lang='lat' dir='ltr'><strong>igitur</strong></span> <span class='ocrx_word' id='word_1_220' title='bbox 380 2543 416 2586; x_wconf 84' lang='lat' dir='ltr'><strong>ex</strong></span> <span class='ocrx_word' id='word_1_221' title='bbox 439 2525 583 2588; x_wconf 82' lang='lat' dir='ltr'><strong>Valentini</strong></span> <span class='ocrx_word' id='word_1_222' title='bbox 610 2528 765 2590; x_wconf 89' lang='lat' dir='ltr'><strong>sententia·</strong></span> <span class='ocrx_word' id='word_1_223' title='bbox 784 2525 1006 2588; x_wconf 84' lang='lat' dir='ltr'><strong>antecedentem</strong></span> <span class='ocrx_word' id='word_1_224' title='bbox 1034 2526 1154 2588; x_wconf 86' lang='lat' dir='ltr'><strong>inducat</strong></span> <span class='ocrx_word' id='word_1_225' title='bbox 1175 2526 1364 2600; x_wconf 68' lang='lat' dir='ltr'><strong>volumtatem,</strong></span> 
     </span>
     <span class='ocr_line' id='line_1_23' title="bbox 135 2625 1439 2707; baseline 0 -19"><span class='ocrx_word' id='word_1_226' title='bbox 135 2626 307 2706; x_wconf 84' lang='lat' dir='ltr'><strong>nulliusque</strong></span> <span class='ocrx_word' id='word_1_227' title='bbox 330 2625 553 2690; x_wconf 83' lang='lat' dir='ltr'><strong>deliberationis</strong></span> <span class='ocrx_word' id='word_1_228' title='bbox 576 2627 701 2690; x_wconf 86' lang='lat' dir='ltr'><strong>obtentu</strong></span> <span class='ocrx_word' id='word_1_229' title='bbox 722 2629 855 2707; x_wconf 81' lang='lat' dir='ltr'><strong>seipsum</strong></span> <span class='ocrx_word' id='word_1_230' title='bbox 878 2627 1007 2688; x_wconf 87' lang='lat' dir='ltr'><strong>medium</strong></span> <span class='ocrx_word' id='word_1_231' title='bbox 1025 2627 1107 2686; x_wconf 85' lang='lat' dir='ltr'><strong>inter</strong></span> <span class='ocrx_word' id='word_1_232' title='bbox 1130 2626 1229 2688; x_wconf 77' lang='lat' dir='ltr'><strong>soloen</strong></span> <span class='ocrx_word' id='word_1_233' title='bbox 1245 2627 1366 2689; x_wconf 87' lang='lat' dir='ltr'><strong>Patrem</strong></span> <span class='ocrx_word' id='word_1_234' title='bbox 1433 2666 1439 2675; x_wconf 91' lang='lat'>-</span> 
     </span>
    </p>

    <p class='ocr_par' dir='ltr' id='par_1_4' title="bbox 102 2727 1468 3725">
     <span class='ocr_line' id='line_1_24' title="bbox 102 2727 1367 2808; baseline 0 -18"><span class='ocrx_word' id='word_1_235' title='bbox 102 2771 108 2778; x_wconf 91' lang='lat'><em>-</em></span> <span class='ocrx_word' id='word_1_236' title='bbox 136 2727 295 2808; x_wconf 88' lang='lat' dir='ltr'><strong>solumque</strong></span> <span class='ocrx_word' id='word_1_237' title='bbox 317 2727 425 2790; x_wconf 85' lang='lat' dir='ltr'><strong>Filium</strong></span> <span class='ocrx_word' id='word_1_238' title='bbox 446 2730 553 2791; x_wconf 87' lang='lat' dir='ltr'><strong>audeat</strong></span> <span class='ocrx_word' id='word_1_239' title='bbox 575 2729 737 2792; x_wconf 82' lang='lat' dir='ltr'><strong>intrudere.</strong></span> <span class='ocrx_word' id='word_1_240' title='bbox 781 2728 934 2808; x_wconf 86' lang='lat' dir='ltr'><strong>Siquidem</strong></span> <span class='ocrx_word' id='word_1_241' title='bbox 962 2729 1086 2789; x_wconf 87' lang='lat' dir='ltr'><strong>insanus</strong></span> <span class='ocrx_word' id='word_1_242' title='bbox 1109 2727 1157 2788; x_wconf 90' lang='lat' dir='ltr'><strong>ille</strong></span> <span class='ocrx_word' id='word_1_243' title='bbox 1180 2727 1284 2802; x_wconf 88' lang='lat' dir='ltr'><strong>luerit,</strong></span> <span class='ocrx_word' id='word_1_244' title='bbox 1315 2728 1367 2806; x_wconf 83' lang='lat' dir='ltr'><strong>qeii</strong></span> 
     </span>
     <span class='ocr_line' id='line_1_25' title="bbox 135 2827 1366 2906; baseline 0.002 -18"><span class='ocrx_word' id='word_1_245' title='bbox 135 2829 319 2906; x_wconf 79' lang='lat' dir='ltr'><strong>voluntatem</strong></span> <span class='ocrx_word' id='word_1_246' title='bbox 354 2841 383 2892; x_wconf 92' lang='lat' dir='ltr'><strong>et</strong></span> <span class='ocrx_word' id='word_1_247' title='bbox 421 2830 663 2892; x_wconf 85' lang='lat' dir='ltr'><strong>deliberationem</strong></span> <span class='ocrx_word' id='word_1_248' title='bbox 703 2830 782 2892; x_wconf 88' lang='lat' dir='ltr'><strong>inter</strong></span> <span class='ocrx_word' id='word_1_249' title='bbox 814 2829 930 2892; x_wconf 84' lang='lat' dir='ltr'><strong>Patrem</strong></span> <span class='ocrx_word' id='word_1_250' title='bbox 970 2838 1000 2890; x_wconf 92' lang='lat' dir='ltr'><strong>et</strong></span> <span class='ocrx_word' id='word_1_251' title='bbox 1030 2827 1136 2890; x_wconf 89' lang='lat' dir='ltr'><strong>Filium</strong></span> <span class='ocrx_word' id='word_1_252' title='bbox 1170 2828 1366 2892; x_wconf 89' lang='lat' dir='ltr'><strong>collocaverit.</strong></span> 
     </span>
     <span class='ocr_line' id='line_1_26' title="bbox 135 2926 1446 3009; baseline 0 -17"><span class='ocrx_word' id='word_1_253' title='bbox 135 2930 297 2992; x_wconf 77' lang='lat' dir='ltr'><strong>Enimvero</strong></span> <span class='ocrx_word' id='word_1_254' title='bbox 319 2931 398 2994; x_wconf 90' lang='lat' dir='ltr'><strong>eliud</strong></span> <span class='ocrx_word' id='word_1_255' title='bbox 421 2941 478 3008; x_wconf 89' lang='lat' dir='ltr'><strong>est,</strong></span> <span class='ocrx_word' id='word_1_256' title='bbox 501 2933 529 2994; x_wconf 91' lang='lat' dir='ltr'><strong>ei</strong></span> <span class='ocrx_word' id='word_1_257' title='bbox 551 2931 648 2994; x_wconf 83' lang='lat' dir='ltr'><strong>dieas:</strong></span> <span class='ocrx_word' id='word_1_258' title='bbox 669 2932 825 2994; x_wconf 76' lang='lat' dir='ltr'><strong>voluntate</strong></span> <span class='ocrx_word' id='word_1_259' title='bbox 847 2933 941 2996; x_wconf 88' lang='lat' dir='ltr'><strong>lactus</strong></span> <span class='ocrx_word' id='word_1_260' title='bbox 964 2938 1020 3004; x_wconf 88' lang='lat' dir='ltr'><strong>est,</strong></span> <span class='ocrx_word' id='word_1_261' title='bbox 1044 2926 1074 2992; x_wconf 82' lang='lat' dir='ltr'><strong>et</strong></span> <span class='ocrx_word' id='word_1_262' title='bbox 1088 2929 1177 3001; x_wconf 87' lang='lat' dir='ltr'><strong>aliud,</strong></span> <span class='ocrx_word' id='word_1_263' title='bbox 1195 2930 1223 2992; x_wconf 87' lang='lat' dir='ltr'><strong>ei</strong></span> <span class='ocrx_word' id='word_1_264' title='bbox 1238 2928 1365 2999; x_wconf 74' lang='lat' dir='ltr'><strong>dixeris:</strong></span> <span class='ocrx_word' id='word_1_265' title='bbox 1388 2998 1393 3009; x_wconf 38' lang='lat'>¹</span> <span class='ocrx_word' id='word_1_266' title='bbox 1441 2946 1446 2959; x_wconf 95' lang='grc'><strong><em>·</em></strong></span> 
     </span>
     <span class='ocr_line' id='line_1_27' title="bbox 136 3031 1466 3124; baseline 0 -30"><span class='ocrx_word' id='word_1_267' title='bbox 136 3032 215 3094; x_wconf 83' lang='lat' dir='ltr'><strong>Eum</strong></span> <span class='ocrx_word' id='word_1_268' title='bbox 237 3032 325 3094; x_wconf 85' lang='lat' dir='ltr'><strong>Pater</strong></span> <span class='ocrx_word' id='word_1_269' title='bbox 347 3033 441 3112; x_wconf 78' lang='lat' dir='ltr'><strong>diligit</strong></span> <span class='ocrx_word' id='word_1_270' title='bbox 462 3043 492 3096; x_wconf 88' lang='lat' dir='ltr'><strong>et</strong></span> <span class='ocrx_word' id='word_1_271' title='bbox 513 3034 589 3110; x_wconf 85' lang='lat' dir='ltr'><strong>vult,</strong></span> <span class='ocrx_word' id='word_1_272' title='bbox 619 3041 652 3094; x_wconf 89' lang='lat' dir='ltr'><strong>nt</strong></span> <span class='ocrx_word' id='word_1_273' title='bbox 679 3041 750 3114; x_wconf 85' lang='lat' dir='ltr'><strong>pote</strong></span> <span class='ocrx_word' id='word_1_274' title='bbox 772 3033 822 3114; x_wconf 92' lang='lat' dir='ltr'><strong>qui</strong></span> <span class='ocrx_word' id='word_1_275' title='bbox 843 3036 948 3094; x_wconf 83' lang='lat' dir='ltr'><strong>naturd</strong></span> <span class='ocrx_word' id='word_1_276' title='bbox 970 3032 1112 3112; x_wconf 84' lang='lat' dir='ltr'><strong>proprius</strong></span> <span class='ocrx_word' id='word_1_277' title='bbox 1135 3031 1180 3094; x_wconf 90' lang='lat' dir='ltr'><strong>eui</strong></span> <span class='ocrx_word' id='word_1_278' title='bbox 1203 3031 1244 3094; x_wconf 88' lang='lat' dir='ltr'><strong>sit</strong></span> <span class='ocrx_word' id='word_1_279' title='bbox 1263 3031 1367 3094; x_wconf 81' lang='lat' dir='ltr'><strong>Filius.</strong></span> <span class='ocrx_word' id='word_1_280' title='bbox 1458 3109 1466 3124; x_wconf 92' lang='lat'><em>.</em></span> 
     </span>
     <span class='ocr_line' id='line_1_28' title="bbox 137 3133 1368 3214; baseline 0 -18"><span class='ocrx_word' id='word_1_281' title='bbox 137 3133 216 3196; x_wconf 86' lang='lat' dir='ltr'><strong>Nam</strong></span> <span class='ocrx_word' id='word_1_282' title='bbox 243 3134 294 3214; x_wconf 90' lang='lat' dir='ltr'><strong>qui</strong></span> <span class='ocrx_word' id='word_1_283' title='bbox 322 3134 411 3197; x_wconf 84' lang='lat' dir='ltr'><strong>dixit:</strong></span> <span class='ocrx_word' id='word_1_284' title='bbox 442 3135 486 3198; x_wconf 80' lang='lat' dir='ltr'><strong>Ex</strong></span> <span class='ocrx_word' id='word_1_285' title='bbox 515 3135 663 3198; x_wconf 79' lang='lat' dir='ltr'><strong>voluntate</strong></span> <span class='ocrx_word' id='word_1_286' title='bbox 685 3137 779 3198; x_wconf 85' lang='lat' dir='ltr'><strong>lbetus</strong></span> <span class='ocrx_word' id='word_1_287' title='bbox 801 3143 867 3210; x_wconf 91' lang='lat' dir='ltr'><strong>est,</strong></span> <span class='ocrx_word' id='word_1_288' title='bbox 900 3134 998 3214; x_wconf 88' lang='lat' dir='ltr'><strong>primo</strong></span> <span class='ocrx_word' id='word_1_289' title='bbox 1022 3133 1105 3196; x_wconf 87' lang='lat' dir='ltr'><strong>illum</strong></span> <span class='ocrx_word' id='word_1_290' title='bbox 1125 3133 1283 3214; x_wconf 87' lang='lat' dir='ltr'><strong>aliquando</strong></span> <span class='ocrx_word' id='word_1_291' title='bbox 1306 3151 1368 3196; x_wconf 88' lang='lat' dir='ltr'><strong>nou</strong></span> 
     </span>
     <span class='ocr_line' id='line_1_29' title="bbox 138 3230 1468 3316; baseline 0.002 -18"><span class='ocrx_word' id='word_1_292' title='bbox 138 3235 235 3298; x_wconf 82' lang='lat' dir='ltr'><strong>luisse</strong></span> <span class='ocrx_word' id='word_1_293' title='bbox 262 3235 417 3316; x_wconf 75' lang='lat' dir='ltr'><strong>signifieat.</strong></span> <span class='ocrx_word' id='word_1_294' title='bbox 467 3237 581 3300; x_wconf 88' lang='lat' dir='ltr'><strong>Deinde</strong></span> <span class='ocrx_word' id='word_1_295' title='bbox 609 3237 745 3298; x_wconf 86' lang='lat' dir='ltr'><strong>voluntas</strong></span> <span class='ocrx_word' id='word_1_296' title='bbox 773 3237 804 3297; x_wconf 91' lang='lat' dir='ltr'><strong>in</strong></span> <span class='ocrx_word' id='word_1_297' title='bbox 831 3244 987 3315; x_wconf 88' lang='lat' dir='ltr'><strong>utramque</strong></span> <span class='ocrx_word' id='word_1_298' title='bbox 1014 3243 1129 3315; x_wconf 86' lang='lat' dir='ltr'><strong>partem</strong></span> <span class='ocrx_word' id='word_1_299' title='bbox 1161 3230 1368 3316; x_wconf 65' lang='lat' dir='ltr'><strong>propmdendi</strong></span> <span class='ocrx_word' id='word_1_300' title='bbox 1454 3273 1468 3301; x_wconf 67' lang='grc' dir='ltr'><strong><em>ο</em></strong></span> 
     </span>
     <span class='ocr_line' id='line_1_30' title="bbox 139 3335 1415 3428; baseline -0.004 -26"><span class='ocrx_word' id='word_1_301' title='bbox 139 3336 201 3402; x_wconf 78' lang='lat' dir='ltr'><strong>rim</strong></span> <span class='ocrx_word' id='word_1_302' title='bbox 223 3335 323 3412; x_wconf 89' lang='lat' dir='ltr'><strong>babet,</strong></span> <span class='ocrx_word' id='word_1_303' title='bbox 345 3339 390 3400; x_wconf 85' lang='lat' dir='ltr'><strong>uti</strong></span> <span class='ocrx_word' id='word_1_304' title='bbox 413 3339 635 3418; x_wconf 86' lang='lat' dir='ltr'><strong>supradictum</strong></span> <span class='ocrx_word' id='word_1_305' title='bbox 657 3347 719 3414; x_wconf 89' lang='lat' dir='ltr'><strong>eet,</strong></span> <span class='ocrx_word' id='word_1_306' title='bbox 748 3356 783 3400; x_wconf 90' lang='lat' dir='ltr'><strong>ae</strong></span> <span class='ocrx_word' id='word_1_307' title='bbox 803 3336 930 3418; x_wconf 86' lang='lat' dir='ltr'><strong>proinde</strong></span> <span class='ocrx_word' id='word_1_308' title='bbox 951 3337 1081 3418; x_wconf 79' lang='lat' dir='ltr'><strong>cogitare</strong></span> <span class='ocrx_word' id='word_1_309' title='bbox 1102 3336 1222 3410; x_wconf 79' lang='lat' dir='ltr'><strong>liceret,</strong></span> <span class='ocrx_word' id='word_1_310' title='bbox 1252 3336 1368 3403; x_wconf 77' lang='lat' dir='ltr'><strong>Patrem</strong></span> <span class='ocrx_word' id='word_1_311' title='bbox 1410 3418 1415 3428; x_wconf 28' lang='grc' dir='ltr'>ι</span> 
     </span>
     <span class='ocr_line' id='line_1_31' title="bbox 137 3438 1416 3521; baseline 0 -21"><span class='ocrx_word' id='word_1_312' title='bbox 137 3439 277 3521; x_wconf 82' lang='lat' dir='ltr'><strong>potuisse</strong></span> <span class='ocrx_word' id='word_1_313' title='bbox 298 3438 378 3502; x_wconf 88' lang='lat' dir='ltr'><strong>nolle</strong></span> <span class='ocrx_word' id='word_1_314' title='bbox 398 3440 515 3504; x_wconf 83' lang='lat' dir='ltr'><strong>Filium.</strong></span> <span class='ocrx_word' id='word_1_315' title='bbox 557 3440 645 3521; x_wconf 81' lang='lat' dir='ltr'><strong>btqui</strong></span> <span class='ocrx_word' id='word_1_316' title='bbox 667 3441 776 3514; x_wconf 87' lang='lat' dir='ltr'><strong>dicere,</strong></span> <span class='ocrx_word' id='word_1_317' title='bbox 798 3439 906 3502; x_wconf 83' lang='lat' dir='ltr'><strong>Filium</strong></span> <span class='ocrx_word' id='word_1_318' title='bbox 927 3438 1064 3519; x_wconf 87' lang='lat' dir='ltr'><strong>potuisse</strong></span> <span class='ocrx_word' id='word_1_319' title='bbox 1079 3456 1140 3500; x_wconf 93' lang='lat' dir='ltr'><strong>oon</strong></span> <span class='ocrx_word' id='word_1_320' title='bbox 1156 3456 1236 3512; x_wconf 88' lang='lat' dir='ltr'><strong>esse,</strong></span> <span class='ocrx_word' id='word_1_321' title='bbox 1252 3455 1369 3500; x_wconf 85' lang='lat' dir='ltr'><strong>summa</strong></span> <span class='ocrx_word' id='word_1_322' title='bbox 1408 3487 1416 3500; x_wconf 84' lang='grc'><em>,</em></span> 
     </span>
     <span class='ocr_line' id='line_1_32' title="bbox 137 3539 1368 3622; baseline -0.002 -20"><span class='ocrx_word' id='word_1_323' title='bbox 137 3549 220 3602; x_wconf 87' lang='lat' dir='ltr'><strong>certe</strong></span> <span class='ocrx_word' id='word_1_324' title='bbox 240 3539 377 3622; x_wconf 78' lang='lat' dir='ltr'><strong>impietas</strong></span> <span class='ocrx_word' id='word_1_325' title='bbox 399 3550 430 3605; x_wconf 89' lang='lat' dir='ltr'><strong>et</strong></span> <span class='ocrx_word' id='word_1_326' title='bbox 450 3542 571 3606; x_wconf 85' lang='lat' dir='ltr'><strong>audacia</strong></span> <span class='ocrx_word' id='word_1_327' title='bbox 593 3551 655 3616; x_wconf 88' lang='lat' dir='ltr'><strong>eet,</strong></span> <span class='ocrx_word' id='word_1_328' title='bbox 683 3560 758 3622; x_wconf 88' lang='lat' dir='ltr'><strong>quae</strong></span> <span class='ocrx_word' id='word_1_329' title='bbox 780 3539 878 3621; x_wconf 88' lang='lat' dir='ltr'><strong>ipsam</strong></span> <span class='ocrx_word' id='word_1_330' title='bbox 898 3541 996 3602; x_wconf 89' lang='lat' dir='ltr'><strong>Patris</strong></span> <span class='ocrx_word' id='word_1_331' title='bbox 1018 3547 1154 3602; x_wconf 87' lang='lat' dir='ltr'><strong>naturam</strong></span> <span class='ocrx_word' id='word_1_332' title='bbox 1176 3540 1318 3612; x_wconf 85' lang='lat' dir='ltr'><strong>lacessat,</strong></span> <span class='ocrx_word' id='word_1_333' title='bbox 1340 3539 1368 3600; x_wconf 88' lang='lat' dir='ltr'><strong>ei</strong></span> 
     </span>
     <span class='ocr_line' id='line_1_33' title="bbox 136 3638 1367 3725; baseline -0.003 -19"><span class='ocrx_word' id='word_1_334' title='bbox 136 3641 278 3706; x_wconf 84' lang='lat' dir='ltr'><strong>nimirum</strong></span> <span class='ocrx_word' id='word_1_335' title='bbox 300 3641 345 3718; x_wconf 91' lang='lat' dir='ltr'><strong>id,</strong></span> <span class='ocrx_word' id='word_1_336' title='bbox 369 3643 449 3724; x_wconf 89' lang='lat' dir='ltr'><strong>quod</strong></span> <span class='ocrx_word' id='word_1_337' title='bbox 469 3643 625 3725; x_wconf 85' lang='lat' dir='ltr'><strong>proprium</strong></span> <span class='ocrx_word' id='word_1_338' title='bbox 647 3643 711 3706; x_wconf 88' lang='lat' dir='ltr'><strong>eius</strong></span> <span class='ocrx_word' id='word_1_339' title='bbox 734 3649 798 3716; x_wconf 87' lang='lat' dir='ltr'><strong>est,</strong></span> <span class='ocrx_word' id='word_1_340' title='bbox 820 3642 954 3723; x_wconf 87' lang='lat' dir='ltr'><strong>potuerit</strong></span> <span class='ocrx_word' id='word_1_341' title='bbox 974 3659 1037 3704; x_wconf 92' lang='lat' dir='ltr'><strong>oon</strong></span> <span class='ocrx_word' id='word_1_342' title='bbox 1059 3659 1138 3702; x_wconf 86' lang='lat' dir='ltr'><strong>cese.</strong></span> <span class='ocrx_word' id='word_1_343' title='bbox 1182 3639 1265 3701; x_wconf 86' lang='lat' dir='ltr'><strong>idem</strong></span> <span class='ocrx_word' id='word_1_344' title='bbox 1286 3638 1367 3702; x_wconf 90' lang='lat' dir='ltr'><strong>enim</strong></span> 
     </span>
    </p>
   </div>
   <div class='ocr_carea' id='block_1_3' title="bbox 134 3887 1426 4642">
    <p class='ocr_par' dir='ltr' id='par_1_5' title="bbox 138 3887 1426 4028">
     <span class='ocr_line' id='line_1_34' title="bbox 174 3887 1368 3972; baseline -0.006 -24"><span class='ocrx_word' id='word_1_345' title='bbox 174 3911 196 3948; x_wconf 88' lang='lat' dir='ltr'><strong>e.</strong></span> <span class='ocrx_word' id='word_1_346' title='bbox 214 3897 316 3960; x_wconf 73' lang='lat' dir='ltr'><strong>Sessoer.</strong></span> <span class='ocrx_word' id='word_1_347' title='bbox 334 3895 433 3950; x_wconf 83' lang='lat' dir='ltr'><strong>Gobler.</strong></span> <span class='ocrx_word' id='word_1_348' title='bbox 452 3906 475 3948; x_wconf 87' lang='lat' dir='ltr'><strong>et</strong></span> <span class='ocrx_word' id='word_1_349' title='bbox 487 3895 593 3948; x_wconf 78' lang='lat' dir='ltr'><strong>i&#39;elelm.</strong></span> <span class='ocrx_word' id='word_1_350' title='bbox 605 3897 628 3948; x_wconf 91' lang='lat' dir='ltr'><strong>l.</strong></span> <span class='ocrx_word' id='word_1_351' title='bbox 645 3891 730 3945; x_wconf 64' lang='lat' dir='ltr'><strong>eune</strong></span> <span class='ocrx_word' id='word_1_352' title='bbox 780 3887 903 3946; x_wconf 65' lang='lat' dir='ltr'><strong>totvm.</strong></span> <span class='ocrx_word' id='word_1_353' title='bbox 941 3895 969 3945; x_wconf 84' lang='lat' dir='ltr'><strong>lt</strong></span> <span class='ocrx_word' id='word_1_354' title='bbox 986 3894 1026 3944; x_wconf 84' lang='lat' dir='ltr'><strong>alil</strong></span> <span class='ocrx_word' id='word_1_355' title='bbox 1045 3901 1068 3942; x_wconf 84' lang='lat' dir='ltr'><strong>er</strong></span> <span class='ocrx_word' id='word_1_356' title='bbox 1086 3891 1143 3944; x_wconf 85' lang='lat' dir='ltr'><strong>editi</strong></span> <span class='ocrx_word' id='word_1_357' title='bbox 1160 3893 1196 3972; x_wconf 74' lang='lat' dir='ltr'><strong>eje</strong></span> <span class='ocrx_word' id='word_1_358' title='bbox 1214 3893 1277 3942; x_wconf 91' lang='lat' dir='ltr'><strong>bune</strong></span> <span class='ocrx_word' id='word_1_359' title='bbox 1288 3892 1368 3960; x_wconf 69' lang='lat' dir='ltr'><strong>locon</strong></span> 
     </span>
     <span class='ocr_line' id='line_1_35' title="bbox 138 3953 1426 4028; baseline -0.006 -14"><span class='ocrx_word' id='word_1_360' title='bbox 138 3979 195 4016; x_wconf 77' lang='grc' dir='ltr'><strong>τοι.</strong></span> <span class='ocrx_word' id='word_1_361' title='bbox 231 3967 287 4028; x_wconf 64' lang='lat' dir='ltr'><strong>lter.</strong></span> <span class='ocrx_word' id='word_1_362' title='bbox 309 3965 330 4016; x_wconf 91' lang='lat' dir='ltr'><strong>l.</strong></span> <span class='ocrx_word' id='word_1_363' title='bbox 348 3961 465 4026; x_wconf 72' lang='grc' dir='ltr'><strong>πέληται.</strong></span> <span class='ocrx_word' id='word_1_364' title='bbox 780 3965 883 4014; x_wconf 82' lang='lat' dir='ltr'><strong>babent:</strong></span> <span class='ocrx_word' id='word_1_365' title='bbox 913 3954 968 4027; x_wconf 80' lang='grc' dir='ltr'><strong>εἴγε</strong></span> <span class='ocrx_word' id='word_1_366' title='bbox 992 3955 1024 4010; x_wconf 82' lang='grc' dir='ltr'><strong>τὸ</strong></span> <span class='ocrx_word' id='word_1_367' title='bbox 1049 3953 1121 4012; x_wconf 73' lang='grc' dir='ltr'><strong><em>ἴδιον</em></strong></span> <span class='ocrx_word' id='word_1_368' title='bbox 1144 3959 1228 4021; x_wconf 67' lang='lat' dir='ltr'><strong>eneis·</strong></span> <span class='ocrx_word' id='word_1_369' title='bbox 1249 3955 1368 4026; x_wconf 73' lang='lat' dir='ltr'><strong>elyseo,</strong></span> <span class='ocrx_word' id='word_1_370' title='bbox 1414 3981 1426 4001; x_wconf 73' lang='grc' dir='ltr'>ι</span> 
     </span>
    </p>

    <p class='ocr_par' dir='ltr' id='par_1_6' title="bbox 134 4017 1405 4244">
     <span class='ocr_line' id='line_1_36' title="bbox 174 4017 1405 4099; baseline -0.004 -16"><span class='ocrx_word' id='word_1_371' title='bbox 174 4034 191 4083; x_wconf 85' lang='lat' dir='ltr'><strong>l.</strong></span> <span class='ocrx_word' id='word_1_372' title='bbox 210 4033 282 4084; x_wconf 80' lang='lat' dir='ltr'><strong>basil.</strong></span> <span class='ocrx_word' id='word_1_373' title='bbox 300 4028 351 4093; x_wconf 73' lang='lat' dir='ltr'><strong>triv</strong></span> <span class='ocrx_word' id='word_1_374' title='bbox 367 4049 413 4099; x_wconf 80' lang='lat' dir='ltr'><strong>pro</strong></span> <span class='ocrx_word' id='word_1_375' title='bbox 431 4047 472 4087; x_wconf 78' lang='lat' dir='ltr'><strong>ru</strong></span> <span class='ocrx_word' id='word_1_376' title='bbox 489 4033 569 4084; x_wconf 87' lang='lat' dir='ltr'><strong>babet.</strong></span> <span class='ocrx_word' id='word_1_377' title='bbox 603 4033 655 4084; x_wconf 83' lang='lat' dir='ltr'><strong>ttox</strong></span> <span class='ocrx_word' id='word_1_378' title='bbox 675 4039 731 4096; x_wconf 86' lang='lat' dir='ltr'><strong>post</strong></span> <span class='ocrx_word' id='word_1_379' title='bbox 781 4023 900 4092; x_wconf 72' lang='grc' dir='ltr'><strong>ἠδύνατο</strong></span> <span class='ocrx_word' id='word_1_380' title='bbox 927 4023 965 4097; x_wconf 75' lang='grc' dir='ltr'><strong>μὴ</strong></span> <span class='ocrx_word' id='word_1_381' title='bbox 989 4017 1060 4079; x_wconf 69' lang='grc' dir='ltr'><strong><em>εἶναι</em></strong></span> <span class='ocrx_word' id='word_1_382' title='bbox 1083 4019 1191 4093; x_wconf 71' lang='grc' dir='ltr'><strong>ἀγαθός</strong></span> <span class='ocrx_word' id='word_1_383' title='bbox 1214 4036 1259 4088; x_wconf 77' lang='lat' dir='ltr'><strong>etc</strong></span> <span class='ocrx_word' id='word_1_384' title='bbox 1296 4028 1405 4079; x_wconf 76' lang='lat' dir='ltr'><strong>Paulo·-</strong></span> 
     </span>
     <span class='ocr_line' id='line_1_37' title="bbox 134 4095 1369 4169; baseline -0.002 -21"><span class='ocrx_word' id='word_1_385' title='bbox 134 4095 226 4169; x_wconf 71' lang='grc' dir='ltr'><strong><em>μέσον</em></strong></span> <span class='ocrx_word' id='word_1_386' title='bbox 250 4103 306 4164; x_wconf 73' lang='lat' dir='ltr'><strong>fleg.</strong></span> <span class='ocrx_word' id='word_1_387' title='bbox 325 4102 347 4151; x_wconf 92' lang='lat' dir='ltr'><strong>l.</strong></span> <span class='ocrx_word' id='word_1_388' title='bbox 365 4110 389 4151; x_wconf 88' lang='lat' dir='ltr'><strong>et</strong></span> <span class='ocrx_word' id='word_1_389' title='bbox 406 4102 546 4164; x_wconf 74' lang='lat' dir='ltr'><strong>Segouiam</strong></span> <span class='ocrx_word' id='word_1_390' title='bbox 571 4101 661 4152; x_wconf 83' lang='lat' dir='ltr'><strong>addunt</strong></span> <span class='ocrx_word' id='word_1_391' title='bbox 678 4112 728 4156; x_wconf 79' lang='lat' dir='ltr'><strong>nr,</strong></span> <span class='ocrx_word' id='word_1_392' title='bbox 781 4108 838 4164; x_wconf 79' lang='lat' dir='ltr'><strong>poet</strong></span> <span class='ocrx_word' id='word_1_393' title='bbox 856 4100 912 4158; x_wconf 72' lang='lat' dir='ltr'><strong>lteq.</strong></span> <span class='ocrx_word' id='word_1_394' title='bbox 934 4099 955 4148; x_wconf 90' lang='lat' dir='ltr'><strong>l.</strong></span> <span class='ocrx_word' id='word_1_395' title='bbox 979 4106 1003 4146; x_wconf 86' lang='lat' dir='ltr'><strong>et</strong></span> <span class='ocrx_word' id='word_1_396' title='bbox 1026 4100 1125 4160; x_wconf 75' lang='lat' dir='ltr'><strong>seguer.</strong></span> <span class='ocrx_word' id='word_1_397' title='bbox 1145 4105 1168 4145; x_wconf 89' lang='lat' dir='ltr'><strong>ot</strong></span> <span class='ocrx_word' id='word_1_398' title='bbox 1188 4104 1211 4145; x_wconf 84' lang='lat' dir='ltr'><strong>et</strong></span> <span class='ocrx_word' id='word_1_399' title='bbox 1230 4097 1286 4159; x_wconf 75' lang='lat' dir='ltr'><strong>legit</strong></span> <span class='ocrx_word' id='word_1_400' title='bbox 1304 4097 1369 4146; x_wconf 85' lang='lat' dir='ltr'><strong>Neu-</strong></span> 
     </span>
     <span class='ocr_line' id='line_1_38' title="bbox 137 4155 1369 4244; baseline -0.006 -24"><span class='ocrx_word' id='word_1_401' title='bbox 137 4169 206 4234; x_wconf 89' lang='lat' dir='ltr'><strong>qood</strong></span> <span class='ocrx_word' id='word_1_402' title='bbox 223 4170 247 4219; x_wconf 89' lang='lat' dir='ltr'><strong>in</strong></span> <span class='ocrx_word' id='word_1_403' title='bbox 266 4169 321 4220; x_wconf 83' lang='lat' dir='ltr'><strong>eliis</strong></span> <span class='ocrx_word' id='word_1_404' title='bbox 340 4177 364 4218; x_wconf 88' lang='lat' dir='ltr'><strong>et</strong></span> <span class='ocrx_word' id='word_1_405' title='bbox 381 4169 452 4219; x_wconf 82' lang='lat' dir='ltr'><strong>editio</strong></span> <span class='ocrx_word' id='word_1_406' title='bbox 471 4169 546 4220; x_wconf 85' lang='lat' dir='ltr'><strong>deest.</strong></span> <span class='ocrx_word' id='word_1_407' title='bbox 781 4167 837 4217; x_wconf 83' lang='lat' dir='ltr'><strong>nine</strong></span> <span class='ocrx_word' id='word_1_408' title='bbox 860 4158 948 4219; x_wconf 70' lang='lat' dir='ltr'><strong>citur</strong></span> <span class='ocrx_word' id='word_1_409' title='bbox 970 4155 1013 4214; x_wconf 65' lang='lat' dir='ltr'><strong>let</strong></span> <span class='ocrx_word' id='word_1_410' title='bbox 1028 4155 1190 4242; x_wconf 60' lang='grc' dir='ltr'><strong>γεννητικὸς1</strong></span> <span class='ocrx_word' id='word_1_411' title='bbox 1203 4161 1236 4244; x_wconf 65' lang='grc' dir='ltr'><strong>τῇ</strong></span> <span class='ocrx_word' id='word_1_412' title='bbox 1254 4155 1337 4228; x_wconf 68' lang='lat' dir='ltr'><strong>qiam</strong></span> <span class='ocrx_word' id='word_1_413' title='bbox 1355 4156 1369 4212; x_wconf 83' lang='lat' dir='ltr'><strong>d</strong></span> 
     </span>
    </p>

    <p class='ocr_par' dir='ltr' id='par_1_7' title="bbox 136 4223 1417 4446">
     <span class='ocr_line' id='line_1_39' title="bbox 174 4223 1370 4316; baseline -0.006 -30"><span class='ocrx_word' id='word_1_414' title='bbox 174 4251 197 4300; x_wconf 71' lang='lat' dir='ltr'><strong>q.</strong></span> <span class='ocrx_word' id='word_1_415' title='bbox 217 4237 322 4301; x_wconf 82' lang='lat' dir='ltr'><strong>Uterque</strong></span> <span class='ocrx_word' id='word_1_416' title='bbox 345 4238 447 4316; x_wconf 61' lang='lat' dir='ltr'><strong>Regios,</strong></span> <span class='ocrx_word' id='word_1_417' title='bbox 472 4237 571 4299; x_wconf 68' lang='lat' dir='ltr'><strong>Sequar.</strong></span> <span class='ocrx_word' id='word_1_418' title='bbox 590 4237 687 4288; x_wconf 87' lang='lat' dir='ltr'><strong>Gobter.</strong></span> <span class='ocrx_word' id='word_1_419' title='bbox 706 4243 731 4286; x_wconf 85' lang='lat' dir='ltr'><strong>et</strong></span> <span class='ocrx_word' id='word_1_420' title='bbox 780 4227 880 4312; x_wconf 64' lang='grc' dir='ltr'><strong><em>ποοῆρ.</em></strong></span> <span class='ocrx_word' id='word_1_421' title='bbox 915 4235 973 4296; x_wconf 72' lang='lat' dir='ltr'><strong>lteg.</strong></span> <span class='ocrx_word' id='word_1_422' title='bbox 992 4232 1024 4312; x_wconf 66' lang='grc'><strong>2.1</strong></span> <span class='ocrx_word' id='word_1_423' title='bbox 1043 4223 1129 4285; x_wconf 73' lang='grc' dir='ltr'><strong><em>οὕτως</em></strong></span> <span class='ocrx_word' id='word_1_424' title='bbox 1147 4243 1193 4310; x_wconf 61' lang='lat' dir='ltr'><strong>agee</strong></span> <span class='ocrx_word' id='word_1_425' title='bbox 1216 4224 1258 4281; x_wconf 81' lang='grc' dir='ltr'><strong>αεὶ</strong></span> <span class='ocrx_word' id='word_1_426' title='bbox 1274 4225 1320 4280; x_wconf 67' lang='grc' dir='ltr'><strong>καὶ</strong></span> <span class='ocrx_word' id='word_1_427' title='bbox 1336 4229 1370 4299; x_wconf 72' lang='grc' dir='ltr'><strong>τῇ</strong></span> 
     </span>
     <span class='ocr_line' id='line_1_40' title="bbox 136 4293 1370 4369; baseline -0.003 -14"><span class='ocrx_word' id='word_1_428' title='bbox 136 4297 480 4368; x_wconf 75' lang='lat' dir='ltr'><strong>retelm.1.eeeteeeeoee.</strong></span> <span class='ocrx_word' id='word_1_429' title='bbox 518 4305 598 4355; x_wconf 82' lang='lat' dir='ltr'><strong>Ceteri</strong></span> <span class='ocrx_word' id='word_1_430' title='bbox 615 4313 639 4355; x_wconf 88' lang='lat' dir='ltr'><strong>et</strong></span> <span class='ocrx_word' id='word_1_431' title='bbox 656 4305 730 4354; x_wconf 86' lang='lat' dir='ltr'><strong>editio</strong></span> <span class='ocrx_word' id='word_1_432' title='bbox 781 4313 866 4369; x_wconf 79' lang='grc' dir='ltr'><strong><em>φοοεο</em></strong></span> <span class='ocrx_word' id='word_1_433' title='bbox 887 4311 1044 4367; x_wconf 72' lang='lat' dir='ltr'><strong>ymnum</strong></span> <span class='ocrx_word' id='word_1_434' title='bbox 1061 4293 1076 4347; x_wconf 86' lang='lat' dir='ltr'><strong>d</strong></span> <span class='ocrx_word' id='word_1_435' title='bbox 1094 4311 1191 4364; x_wconf 78' lang='grc' dir='ltr'><em>πατηρ.</em></span> <span class='ocrx_word' id='word_1_436' title='bbox 1227 4300 1271 4350; x_wconf 77' lang='lat' dir='ltr'><strong>llll</strong></span> <span class='ocrx_word' id='word_1_437' title='bbox 1290 4306 1370 4350; x_wconf 79' lang='lat' dir='ltr'><strong>entem</strong></span> 
     </span>
     <span class='ocr_line' id='line_1_41' title="bbox 137 4355 1417 4446; baseline -0.005 -24"><span class='ocrx_word' id='word_1_438' title='bbox 137 4371 258 4422; x_wconf 78' lang='lat' dir='ltr'><strong>Geminei.</strong></span> <span class='ocrx_word' id='word_1_439' title='bbox 275 4363 431 4436; x_wconf 62' lang='lat' dir='ltr'><strong>perihodos</strong></span> <span class='ocrx_word' id='word_1_440' title='bbox 781 4380 806 4421; x_wconf 85' lang='lat' dir='ltr'><strong>et</strong></span> <span class='ocrx_word' id='word_1_441' title='bbox 823 4370 880 4419; x_wconf 81' lang='lat' dir='ltr'><strong>editt</strong></span> <span class='ocrx_word' id='word_1_442' title='bbox 898 4360 1006 4446; x_wconf 53' lang='grc' dir='ltr'><strong><em>ἂγοῇὸς</em></strong></span> <span class='ocrx_word' id='word_1_443' title='bbox 1022 4359 1064 4416; x_wconf 76' lang='lat' dir='ltr'><strong>eet</strong></span> <span class='ocrx_word' id='word_1_444' title='bbox 1079 4361 1126 4416; x_wconf 76' lang='lat' dir='ltr'><strong>eei</strong></span> <span class='ocrx_word' id='word_1_445' title='bbox 1142 4359 1370 4434; x_wconf 76' lang='grc' dir='ltr'><strong><em>τῇφόοεογεννη-</em></strong></span> <span class='ocrx_word' id='word_1_446' title='bbox 1407 4355 1417 4386; x_wconf 65' lang='lat'>⁸</span> 
     </span>
    </p>

    <p class='ocr_par' dir='ltr' id='par_1_8' title="bbox 138 4430 1372 4642">
     <span class='ocr_line' id='line_1_42' title="bbox 174 4430 1370 4503; baseline -0.004 -13"><span class='ocrx_word' id='word_1_447' title='bbox 174 4441 199 4492; x_wconf 89' lang='lat' dir='ltr'><strong>b.</strong></span> <span class='ocrx_word' id='word_1_448' title='bbox 217 4441 259 4491; x_wconf 78' lang='lat' dir='ltr'><strong>Sic</strong></span> <span class='ocrx_word' id='word_1_449' title='bbox 276 4439 364 4503; x_wconf 63' lang='grc' dir='ltr'><strong>Πομ.</strong></span> <span class='ocrx_word' id='word_1_450' title='bbox 383 4440 484 4503; x_wconf 77' lang='grc' dir='ltr'><strong><em>8οςοοο.</em></strong></span> <span class='ocrx_word' id='word_1_451' title='bbox 503 4437 730 4490; x_wconf 72' lang='lat' dir='ltr'><strong>bobienetielel·</strong></span> <span class='ocrx_word' id='word_1_452' title='bbox 780 4431 856 4490; x_wconf 72' lang='grc' dir='ltr'><strong><em>ποιὸς·</em></strong></span> <span class='ocrx_word' id='word_1_453' title='bbox 872 4430 886 4485; x_wconf 77' lang='lat' dir='ltr'><strong>d</strong></span> <span class='ocrx_word' id='word_1_454' title='bbox 904 4447 1004 4500; x_wconf 68' lang='lat' dir='ltr'><strong>norro.</strong></span> <span class='ocrx_word' id='word_1_455' title='bbox 1042 4436 1133 4486; x_wconf 84' lang='lat' dir='ltr'><strong>ibidem</strong></span> <span class='ocrx_word' id='word_1_456' title='bbox 1153 4437 1185 4485; x_wconf 84' lang='lat' dir='ltr'><strong>tte</strong></span> <span class='ocrx_word' id='word_1_457' title='bbox 1203 4472 1210 4486; x_wconf 92' lang='lat'><strong><em>.</em></strong></span> <span class='ocrx_word' id='word_1_458' title='bbox 1229 4435 1251 4485; x_wconf 90' lang='lat' dir='ltr'><strong>l.</strong></span> <span class='ocrx_word' id='word_1_459' title='bbox 1269 4441 1370 4500; x_wconf 68' lang='lat' dir='ltr'><strong>sequor.</strong></span> 
     </span>
     <span class='ocr_line' id='line_1_43' title="bbox 138 4449 1372 4567; baseline -0.001 -11"><span class='ocrx_word' id='word_1_460' title='bbox 138 4507 222 4558; x_wconf 81' lang='lat' dir='ltr'><strong>manci</strong></span> <span class='ocrx_word' id='word_1_461' title='bbox 241 4509 263 4559; x_wconf 90' lang='lat' dir='ltr'><strong>l.</strong></span> <span class='ocrx_word' id='word_1_462' title='bbox 299 4509 348 4559; x_wconf 84' lang='lat' dir='ltr'><strong>Sed</strong></span> <span class='ocrx_word' id='word_1_463' title='bbox 366 4509 464 4560; x_wconf 85' lang='lat' dir='ltr'><strong>Gobler.</strong></span> <span class='ocrx_word' id='word_1_464' title='bbox 483 4515 507 4558; x_wconf 87' lang='lat' dir='ltr'><strong>et</strong></span> <span class='ocrx_word' id='word_1_465' title='bbox 524 4507 629 4558; x_wconf 76' lang='lat' dir='ltr'><strong>ielelm.</strong></span> <span class='ocrx_word' id='word_1_466' title='bbox 645 4507 667 4556; x_wconf 91' lang='lat' dir='ltr'><strong>l.</strong></span> <span class='ocrx_word' id='word_1_467' title='bbox 686 4508 730 4557; x_wconf 83' lang='lat' dir='ltr'><strong>ba·</strong></span> <span class='ocrx_word' id='word_1_468' title='bbox 781 4506 880 4557; x_wconf 80' lang='lat' dir='ltr'><strong>Gobler.</strong></span> <span class='ocrx_word' id='word_1_469' title='bbox 904 4512 929 4555; x_wconf 88' lang='lat' dir='ltr'><strong>et</strong></span> <span class='ocrx_word' id='word_1_470' title='bbox 951 4505 1056 4555; x_wconf 73' lang='lat' dir='ltr'><strong>rateto.</strong></span> <span class='ocrx_word' id='word_1_471' title='bbox 1077 4504 1100 4554; x_wconf 88' lang='grc'><strong>1.</strong></span> <span class='ocrx_word' id='word_1_472' title='bbox 1117 4496 1149 4551; x_wconf 79' lang='grc' dir='ltr'><strong>τὸ</strong></span> <span class='ocrx_word' id='word_1_473' title='bbox 1167 4449 1308 4567; x_wconf 60' lang='lat' dir='ltr'><strong>ditarem</strong></span> <span class='ocrx_word' id='word_1_474' title='bbox 1342 4505 1372 4555; x_wconf 81' lang='lat' dir='ltr'><strong>et</strong></span> 
     </span>
     <span class='ocr_line' id='line_1_44' title="bbox 139 4565 1240 4642; baseline -0.005 -17"><span class='ocrx_word' id='word_1_475' title='bbox 139 4575 198 4626; x_wconf 86' lang='lat' dir='ltr'><strong>beet</strong></span> <span class='ocrx_word' id='word_1_476' title='bbox 216 4567 253 4630; x_wconf 79' lang='lat' dir='ltr'><strong>eir</strong></span> <span class='ocrx_word' id='word_1_477' title='bbox 269 4567 295 4626; x_wconf 80' lang='lat' dir='ltr'><strong>el</strong></span> <span class='ocrx_word' id='word_1_478' title='bbox 311 4567 416 4642; x_wconf 68' lang='grc' dir='ltr'><strong><em>ἔλεγν.</em></strong></span> <span class='ocrx_word' id='word_1_479' title='bbox 443 4576 564 4642; x_wconf 83' lang='lat' dir='ltr'><strong>iidemque</strong></span> <span class='ocrx_word' id='word_1_480' title='bbox 587 4584 611 4626; x_wconf 89' lang='lat' dir='ltr'><strong>et</strong></span> <span class='ocrx_word' id='word_1_481' title='bbox 628 4575 685 4638; x_wconf 73' lang='lat' dir='ltr'><strong>lieq.</strong></span> <span class='ocrx_word' id='word_1_482' title='bbox 706 4573 730 4624; x_wconf 89' lang='lat'><strong>1.</strong></span> <span class='ocrx_word' id='word_1_483' title='bbox 781 4575 805 4624; x_wconf 89' lang='lat' dir='ltr'><strong>in</strong></span> <span class='ocrx_word' id='word_1_484' title='bbox 824 4573 912 4624; x_wconf 78' lang='lat' dir='ltr'><strong>ceteris</strong></span> <span class='ocrx_word' id='word_1_485' title='bbox 930 4581 954 4622; x_wconf 85' lang='lat' dir='ltr'><strong>et</strong></span> <span class='ocrx_word' id='word_1_486' title='bbox 971 4573 1042 4623; x_wconf 85' lang='lat' dir='ltr'><strong>editis</strong></span> <span class='ocrx_word' id='word_1_487' title='bbox 1060 4573 1130 4624; x_wconf 86' lang='lat' dir='ltr'><strong>deest</strong></span> <span class='ocrx_word' id='word_1_488' title='bbox 1145 4565 1240 4638; x_wconf 65' lang='grc' dir='ltr'><strong>λέγειν.</strong></span> 
     </span>
    </p>
   </div>
   <div class='ocr_carea' id='block_1_4' title="bbox 0 0 1571 5060">
    <p class='ocr_par' dir='ltr' id='par_1_9' title="bbox 0 0 1571 5060">
     <span class='ocr_line' id='line_1_45' title="bbox 0 0 1571 5060; baseline 0 0"><span class='ocrx_word' id='word_1_489' title='bbox 0 0 1571 5060; x_wconf 95' lang='lat' dir='ltr'><strong> </strong></span> 
     </span>
    </p>
   </div>
  </div>
 </body>
</html>
