3048 5052
460 345 568 390 auerso
584 347 605 388 ι.
622 347 737 390 conans
752 347 886 391 caunos.
919 395 926 408 ,
1220 335 1281 402 193

33 535 38 552 ·
72 502 120 561 bec
144 517 232 580 usque
260 506 374 578 tempus
397 497 532 560 nonnulli
555 497 673 561 illorum
694 498 797 577 pneris
820 497 851 559 in
873 499 973 560 lorum
996 509 1173 578 occurrunt,
1205 519 1367 584 quoscum

71 602 245 681 interrogant,
267 619 326 662 non
341 599 460 680 quidem
477 618 512 661 ex
527 599 635 661 divinis
651 599 824 679 Scripturis,
847 601 900 663 sed
916 601 996 663 reiut
1011 621 1051 665 ec
1066 606 1167 667 cordis
1182 607 1280 668 ubun-

72 705 161 764 doetia
180 702 347 765 huiusmodi
369 700 459 762 verba
482 707 667 762 eructantes:
692 700 772 774 „Qui
793 709 849 772 est,
873 721 991 774 eumne,
1014 704 1065 784 qui
1080 706 1214 769 nondum
1230 726 1281 770 es-

72 813 146 878 ‚,set‚
171 803 239 866 iecit
259 823 295 866 ex
317 803 428 876 nihilo,
458 823 496 865 an
519 803 568 884 qui
591 802 649 864 iam
672 802 776 866 esset?
820 803 902 866 Fecit
924 805 1014 884 igitur
1036 825 1120 881 eum,
1150 809 1200 889 qni
1223 809 1281 872 iem

73 917 159 977 „eron
186 924 223 968 an
251 905 385 985 quinon
408 904 523 968 erati“
567 905 606 966 Et
626 922 749 967 rursus:
773 905 931 978 „Unumne
952 915 1000 970 est
1020 909 1281 988 non-genitum,

73 1007 133 1078 „rel
149 1006 228 1070 duo?
270 1007 348 1070 Num
371 1007 462 1071 Filius
490 1007 585 1070 libero
613 1005 766 1086 praeditus
789 1017 836 1070 est
857 1008 995 1084 arbitrio,
1025 1011 1205 1091 propriaque
1226 1031 1281 1075 ro-

73 1108 272 1180 „laudunen
294 1117 442 1184 mutatur,
473 1128 540 1172 cum
568 1115 691 1171 namrae
719 1107 758 1170 sit
785 1109 959 1172 mutabilis?
1003 1111 1065 1174 Nec
1086 1111 1164 1174 enirn
1186 1112 1282 1175 instar

70 1209 183 1289 ..lapidis
211 1218 257 1273 est
283 1230 341 1292 per
360 1230 395 1272 se
416 1229 541 1272 manens
564 1209 760 1272 inmobilior*
805 1211 918 1274 Deinde
948 1212 1134 1276 mulierculas
1162 1231 1281 1293 quoqne

69 1311 236 1386 oanreniuut,
259 1333 333 1393 quas
349 1313 499 1376 indecoris
517 1313 601 1374 hisee
615 1311 805 1375 sermonibus
819 1315 1046 1393 aggrediuntur:
1070 1313 1167 1389 „Num
1189 1315 1282 1380 lilium

68 1413 202 1482 „habuisti
224 1415 400 1495 priusquam
422 1413 570 1495 pareres?
591 1415 671 1494 atqui
692 1415 941 1494 quemadmodum
957 1435 1018 1478 non
1033 1416 1117 1496 prius
1139 1417 1281 1493 habuisti,

68 1515 127 1584 „sio
144 1533 197 1578 neo
219 1517 278 1578 luit
298 1517 352 1578 Dei
373 1517 467 1578 Filius
489 1525 647 1595 antequam
670 1524 878 1578 nasceretur.·‘
920 1517 1101 1581 Huiusmodi
1122 1519 1209 1582 dictis
1225 1521 1282 1582 tri-

64 1617 170 1694 pudiant
189 1617 311 1698 inglorii
332 1618 373 1679 illi
396 1618 533 1681 homines
556 1618 709 1698 Deumque
737 1619 865 1682 similem
893 1619 1047 1681 hominum
1067 1621 1199 1701 lingunt,
1231 1622 1282 1701 qui

65 1737 119 1780 osni
136 1739 169 1781 ee
191 1719 381 1784 Christianos
404 1739 474 1782 esse
495 1719 687 1801 praedicant,
711 1720 771 1784 Dei
789 1722 919 1802 qlorrirna
940 1733 1061 1786 mutum
1082 1728 1114 1785 ιἰι
1135 1724 1281 1788 similitu·-

65 1821 147 1884 da'nenr
166 1826 308 1902 imuqr‘nie
331 1821 544 1903 corruptibilis
567 1821 707 1884 bominis.

134 1927 181 1988 23.
226 1926 309 1988 Sane
331 1925 367 1986 ad
389 1925 446 1986 ista
468 1943 508 1986 ne
529 1923 714 2004 respondere
736 1923 855 2003 quidem
877 1943 1004 2004 aequum
1027 1932 1117 1998 esset,
1141 1926 1215 1987 adeo
1230 1925 1280 1987 in-

64 2025 130 2086 sulsa
158 2039 227 2088 sunt
253 2035 289 2088 et
316 2027 425 2107 inepta.
469 2025 578 2088 Verum
607 2043 646 2086 ne
678 2025 797 2088 illarum
825 2025 957 2089 haeresis
979 2026 1089 2106 aliquid
1122 2027 1280 2090 soliditatis

63 2125 156 2188 babere
174 2129 329 2202 rideatur,
363 2145 415 2190 eos
443 2127 492 2189 hic
519 2127 564 2188 rel
593 2127 697 2188 saltem
727 2127 999 2190 obiterconlutnre
1021 2129 1280 2209 operaepretium

64 2230 150 2304 luerit,
177 2232 309 2292 manime
329 2238 455 2311 propter
475 2229 680 2304 mulierculas,
704 2247 780 2310 quae
800 2229 837 2291 ab
860 2231 918 2292 illis
941 2229 1212 2294 circumveniuntur
1234 2233 1279 2294 la-

65 2329 162 2394 rillime.
204 2333 242 2396 lit
267 2351 338 2395 vero
361 2332 412 2408 illi,
436 2332 487 2413 qui
510 2331 566 2394 ista
589 2331 701 2406 dicunt,
723 2332 916 2394 architectum
932 2332 1020 2394 etiam
1043 2332 1083 2392 ita
1105 2332 1281 2394 debuissent

65 2431 245 2515 interrogare:
274 2433 426 2509 „Potesne
448 2434 516 2496 sine
537 2425 815 2498 subiecta'materia
837 2432 1017 2496 aedificare?
1043 2445 1077 2496 ut
1097 2443 1196 2498 autem
1218 2453 1279 2497 non

64 2543 175 2613 „potes,
209 2537 254 2599 sio
286 2555 342 2598 neo
363 2535 443 2598 lleus
473 2535 585 2615 absque
613 2536 745 2599 subiecta
776 2535 897 2598 materia
927 2554 976 2597 res
1005 2535 1160 2597 universas
1182 2536 1282 2616 potuit

64 2637 220 2704 ‚‚ellicere.“
270 2637 450 2700 Debuissent
477 2655 596 2718 quoque
624 2657 640 2698 a
670 2637 795 2716 singulis
823 2638 995 2699 hominibus
1025 2637 1185 2698 sciscitari:
1214 2636 1281 2709 „dn

63 2747 159 2815 „potes
179 2757 250 2802 esse
277 2739 342 2802 sine
364 2738 456 2802 loco?
488 2739 567 2820 atqui
596 2747 629 2800 ut
656 2757 717 2800 non
746 2749 851 2818 potes,
880 2739 920 2800 ita
949 2737 1037 2800 etiarn
1059 2737 1138 2800 Deus
1161 2737 1190 2798 in
1213 2737 1280 2800 loco

62 2847 151 2910 ‚,est·‘
194 2841 245 2903 Sia
271 2840 351 2902 enim
373 2840 414 2902 illi
437 2842 486 2902 rel
505 2841 611 2904 saltem
633 2840 671 2902 ab
692 2839 880 2903 audientibus
899 2847 1078 2919 cogerentur
1093 2837 1281 2901 erubescere.

61 2939 145 3012 Quare
166 2943 245 3006 enim
272 2961 339 3006 eum
361 2943 467 3005 Filium
489 2944 551 3005 Deo
575 2961 644 3005 essa
667 2942 830 3016 audierint,
866 2949 927 3003 tuns
949 2940 1008 3021 ipsi
1031 2941 1067 3002 ad
1089 2939 1207 3020 seipsos
1230 2959 1281 3002 re-

61 3043 203 3120 spicientes
226 3063 300 3108 eum
322 3045 432 3108 audent
453 3063 572 3125 negare,
594 3063 661 3108 curn
684 3043 859 3106 cerebrum
882 3062 983 3106 creare
1006 3051 1035 3104 et
1056 3044 1154 3104 iacere
1175 3041 1280 3104 audie·

61 3143 118 3218 not,
137 3165 197 3208 non
219 3147 327 3209 itidem
349 3147 476 3208 humanu
500 3145 678 3227 opponunt?
712 3146 799 3225 Atqui
822 3163 876 3226 par
899 3155 964 3208 erat
985 3145 1084 3220 etiarn,
1108 3163 1160 3206 eos
1182 3143 1213 3204 in
1228 3163 1279 3206 re-

62 3261 114 3306 rnm
134 3251 288 3312 creatione
319 3248 506 3328 intelligenda
535 3250 662 3311 humana
691 3247 821 3328 cogitare
855 3257 885 3310 et
906 3248 1058 3310 materiam
1080 3246 1142 3308 Deo
1166 3264 1279 3326 suune·-

62 3343 153 3424 dure,
185 3361 219 3414 nt
248 3351 346 3412 [tauro
375 3360 539 3412 creatorem
568 3369 637 3412 esse
666 3349 832 3412 inlicientes
862 3349 980 3411 demum
1008 3367 1074 3410 cunr
1100 3345 1281 3409 llaniclraeis

63 3448 257 3514 volutarentur.
306 3451 395 3525 Quod
417 3452 443 3515 si
466 3454 530 3532 ipsa
546 3451 599 3514 liei
621 3452 705 3513 nolio
728 3451 775 3512 bis
796 3451 908 3514 maiora
930 3452 1009 3531 cogit
1030 3451 1169 3529 cogitare,
1191 3459 1356 3529 etquenam

63 3547 103 3610 nbi
120 3553 162 3614 rel
184 3563 304 3617 tantum
326 3556 392 3633 quis
414 3553 551 3628 audierit,
574 3553 674 3616 statim
690 3553 785 3616 credit
799 3561 972 3632 certumque
988 3552 1086 3620 babet.
1109 3551 1202 3613 Deum
1218 3567 1279 3610 non

65 3665 94 3708 ω
112 3657 192 3718 modo
216 3675 291 3720 esse
313 3675 372 3736 quo
395 3675 452 3717 nos
475 3649 591 3730 sumus,
614 3656 668 3718 sed
691 3675 759 3720 esse
780 3662 813 3717 ut
833 3655 944 3729 Deum,
967 3673 1023 3717 neo
1044 3671 1145 3716 creare
1168 3660 1201 3713 ut
1220 3651 1280 3711 ho-

120 3837 204 3905 *lene
222 3843 389 3894 non-lactum.

60 3968 101 4049 laq
118 3973 213 4038 Sequor.
233 3977 335 4028 Gobler.
354 3985 378 4026 et
390 3977 494 4026 Felclnr.
505 3976 529 4027 5.
547 3971 594 4026 eni
610 3970 640 4025 dr
691 3983 715 4026 et
733 3976 832 4039 Segusa.
850 3969 896 4024 eui
918 3967 976 4022 ἔδει
997 3967 1043 4021 καὶ
1059 3963 1183 4048 icquar.
1219 3967 1279 4016 ibid.

61 4049 163 4118 agerere·
178 4036 290 4098 attede
328 4045 390 4096 Edili
413 4039 460 4093 xci
483 4037 514 4093 dr
530 4039 640 4099 radron*
690 4045 747 4095 editi
768 4044 885 4093 mendose
905 4045 990 4092 buliens
1010 4037 1068 4087 coir
1085 4037 1244 4104 ανθρωιιον.

61 4107 147 4164 «waic,
725 4113 741 4162 Ι.
761 4113 801 4160 s'ic
819 4115 935 4166 Sennea..
954 4111 994 4158 ubl
1013 4117 1035 4156 el
1055 4119 1217 4182 omues'nass.
1238 4105 1280 4150 bn-

16 4172 19 4178 “
89 4179 109 4225 b.
125 4181 164 4230 Sia
187 4183 293 4244 Sequor.
316 4181 415 4232 Gobler.
441 4189 465 4230 et
489 4181 596 4231 Felrlm.
617 4181 637 4232 Ι.
689 4181 747 4229 bene
766 4169 931 4226 ἀκουόντων.
967 4177 1029 4224 boin
1055 4164 1281 4224 bacernensi
1351 4193 1362 4202 ·

63 4241 386 4313 ineditisouremdlooet
405 4241 638 4312 torseruntque
691 4241 769 4312 παρὰ
793 4244 850 4292 τοῖν
874 4236 1007 4292 dadanus.
1044 4242 1096 4290 lior
1114 4244 1213 4303 Segosa.
1232 4233 1281 4288 liar

61 4303 146 4369 ³5¹⁰&
163 4318 241 4368 ἄεισι.
272 4318 363 4367 nomm
376 4319 474 4378 Sequor.
486 4309 641 4384 ἂρχιτίκτο-
691 4309 744 4384 μὲν
756 4305 921 4362 ἀκούσωσιν.

62 4390 106 4430 var.
139 4387 229 4446 analio.
250 4377 439 4453 ἂρχιιίκτονιι.
728 4399 759 4432 ιιι.
786 4383 826 4430 Sre
850 4384 949 4438 snsoer.
970 4377 1069 4427 Golden.
1090 4385 1113 4426 et
1131 4377 1227 4426 lebino
1260 4376 1280 4423 1.

89 4449 100 4494 t.
119 4451 277 4515 sitsi-cuer.
312 4463 340 4506 lt
358 4457 398 4506 elii
418 4464 442 4505 et
460 4455 640 4505 editiominonl
693 4453 743 4514 uoq
770 4453 826 4500 item
846 4437 1281 4497 basil.arlrtrtrn.5.bat···nte'nv·

64 4503 234 4586 ὗιιιιιιψίης,
691 4515 763 4574 τούς.
798 4518 860 4568 Editi
878 4509 917 4570 eie
933 4507 1033 4568 αὐτοὺς
1048 4509 1101 4582 μὲν
1117 4505 1271 4575 euocata*

91 4587 110 4634 l.
127 4594 226 4652 aegaee.
245 4585 292 4639 arei
308 4581 365 4641 ἔδει
381 4583 506 4642 ἕκαστον.
542 4591 641 4642 Gobler.
693 4601 745 4642 rec.

92 4671 211 4722 benacan
225 4689 278 4724 ore.
291 4691 364 4724 occa.
377 4692 428 4725 ιιι.
1048 4666 1080 4717 ¹³
