3106 5056
460 319 628 368 nument.
644 320 762 368 conum
774 319 910 368 muros.
1230 303 1294 372 Gt

99 473 180 536 uetes
197 481 225 536 et
242 471 417 548 smirnam
444 471 682 554 quondoquidem
713 491 770 538 uec
790 481 852 536 tres
875 471 956 536 soles
978 471 1007 534 in
1030 471 1196 553 exemplum
1218 491 1292 553 pro-
1303 489 1383 536 esse.

97 576 277 652 posuerimus,
310 577 365 638 sed
395 575 490 638 solem
521 583 552 638 et
582 573 774 656 splendorem
805 592 953 655 unamque
984 574 1077 640 lucen
1106 593 1141 636 ex
1169 575 1236 638 sole
1263 575 1294 637 in

97 675 231 754 splendore
258 677 445 740 existentem.
487 677 531 740 lta
552 693 645 738 unum
672 675 864 755 agnoscimus
892 674 1085 756 principium,
1113 693 1169 738 nec
1195 676 1295 756 opifici

97 775 175 838 Verbo
194 769 339 842 dirusum
360 778 488 858 ιίἰφιοω
508 777 670 842 divinitatis
692 778 831 852 modurn,
861 777 914 841 sed
937 778 1031 857 ipsum
1054 777 1148 842 solius
1170 777 1224 840 llci
1245 777 1294 840 di·

96 877 224 943 riuitatem
253 879 457 952 nerduinus,
489 897 526 942 eo
559 879 639 959 qnod
672 899 709 942 ex
738 879 805 959 ipso
839 888 939 942 nattum
969 879 1017 942 sit.
1061 879 1168 943 Verum
1201 880 1293 944 multo

95 981 198 1058 sequtus
216 981 315 1044 Ariani
336 981 468 1042 accusari
489 980 608 1059 possint
628 982 740 1044 multos
762 982 808 1044 vel
823 983 911 1044 etiam
927 981 1024 1046 nullos
1039 981 1114 1044 deos
1129 980 1294 1053 admittere,

95 1081 186 1161 quippe
205 1082 253 1162 qni
274 1083 374 1162 inepte
395 1082 585 1154 contendant,
607 1092 637 1144 et
658 1083 763 1146 Filium
786 1093 941 1146 externum
964 1091 1153 1162 creatumque
1176 1101 1243 1144 esse
1266 1091 1295 1146 et

93 1182 214 1260 Spintum
239 1194 375 1248 mucttsm
404 1203 421 1245 e
450 1183 544 1246 nibilo
573 1203 652 1247 esse.
695 1185 747 1246 Vel
776 1185 856 1248 enim
877 1185 1006 1248 Verbum
1029 1203 1091 1248 non
1114 1203 1181 1246 esse
1201 1183 1295 1251 boun

93 1284 216 1348 leuantur
235 1305 362 1349 necesse
384 1295 441 1358 est,
462 1285 509 1348 rel
530 1286 555 1348 si
570 1286 665 1348 Deum
687 1305 766 1360 esse,
789 1288 857 1368 quia
879 1287 909 1351 id
930 1288 1074 1369 scriptum
1093 1295 1149 1359 est,
1172 1285 1295 1354 intueri

91 1402 142 1446 nou
159 1387 287 1460 mdoant,
308 1389 468 1468 ipsumque
490 1387 581 1450 velint
601 1395 724 1452 naturae
738 1389 835 1454 Patris
858 1409 926 1454 esse
946 1389 1091 1464 elienum3
1114 1387 1234 1469 plauum
1250 1395 1296 1473 est

92 1485 185 1550 multos
202 1489 273 1550 deos
297 1497 423 1570 prepter
443 1489 592 1550 diversam
621 1489 740 1552 illerum
769 1499 905 1556 naturum
933 1491 970 1554 ab
997 1492 1057 1554 illis
1087 1490 1203 1564 induci,
1235 1490 1295 1552 nisi

91 1585 155 1648 lorte
177 1589 266 1654 llenm
299 1591 383 1652 illum
415 1590 538 1652 nonnisi
572 1592 840 1654 communicatione
867 1613 935 1656 esse
958 1593 1001 1656 uti
1022 1611 1073 1658 res
1096 1592 1168 1655 alios
1191 1609 1295 1658 omues

89 1685 172 1750 dcere
191 1709 250 1754 non
270 1701 441 1754 vereantm,
477 1691 586 1754 Verum
607 1691 635 1754 si
657 1693 731 1756 boec
744 1692 861 1758 illorum
877 1703 925 1756 est
939 1698 1096 1767 sententis,
1119 1713 1181 1758 uon
1196 1695 1295 1758 minue

88 1785 158 1868 impii
184 1801 251 1854 sunt
282 1793 430 1865 habendi,
462 1793 513 1874 qui
540 1811 649 1874 nempe
677 1795 804 1857 Verbum
827 1795 906 1858 inter
927 1815 976 1858 res
998 1805 1110 1859 celeres
1132 1796 1295 1870 cotloccou

88 1892 153 1968 qnod
180 1895 255 1958 obsit
283 1903 319 1958 ut
345 1895 434 1958 nobis
468 1911 597 1975 uuquam
626 1895 656 1956 iu
684 1906 812 1961 mentem
841 1898 948 1960 veniat.
992 1897 1144 1978 Siquidem
1167 1917 1225 1964 unu
1246 1907 1294 1960 est

86 1991 228 2058 lisinitetis
249 2000 358 2070 forms,
381 2015 456 2077 qnae
478 1996 581 2060 eadem
604 2005 651 2060 est
671 2015 789 2078 quoque
811 1999 842 2060 in
857 1999 965 2062 Verbo.
999 1999 1082 2062 Unus
1105 1999 1224 2080 inquom
1246 2007 1380 2066 estesse

86 2091 154 2157 Deus
173 2098 272 2174 Peter,
305 2104 336 2161 in
358 2099 461 2179 seipso
482 2099 634 2174 existens,
655 2118 722 2162 curu
744 2100 775 2162 in
798 2101 937 2164 omnibus
959 2109 1023 2176 est,
1045 2101 1075 2164 iu
1097 2101 1174 2164 Filio
1194 2111 1293 2168 aulen

84 2213 228 2274 apparens,
262 2219 333 2265 cnm
354 2219 410 2280 per
430 2219 479 2262 res
502 2217 607 2263 omnes
629 2201 779 2280 pervadit,
807 2202 935 2282 itemque
958 2204 989 2266 iu
1012 2203 1142 2284 Spiritu,
1172 2223 1239 2268 curu
1261 2205 1293 2268 io

84 2298 206 2364 omnibus
227 2321 282 2383 per
307 2301 436 2364 Verbum
459 2302 490 2364 in
512 2303 578 2382 ipso
600 2301 712 2380 Spiritu
735 2303 802 2382 egit
836 2303 886 2366 Sic
907 2304 985 2366 euim
1007 2323 1099 2369 unum
1120 2324 1175 2386 per
1190 2305 1292 2368 Triui-

82 2405 159 2462 lalem
172 2401 265 2466 Deum
290 2421 360 2468 essa
382 2404 574 2477 confitentum
596 2421 670 2482 quuc
685 2403 804 2484 quidem
826 2411 928 2466 nostra
951 2385 1097 2470 nubentis
1118 2407 1206 2486 longe
1227 2425 1293 2470 me-

79 2496 127 2562 llus
147 2521 209 2566 cum
230 2505 345 2584 pietate
367 2505 514 2584 congruit,
537 2523 623 2584 quem
648 2505 837 2568 midtilonnis
854 2507 1064 2587 multiplexque
1077 2507 1294 2596 naereticorum

80 2597 211 2678 liunus,
235 2625 307 2670 com
329 2624 418 2668 unum
440 2606 472 2668 ln
495 2606 640 2668 Trinitete
662 2605 843 2670 diuinitatem
865 2627 1097 2688 propnqnemus.

153 2711 200 2776 le.
242 2708 380 2788 Namque
402 2709 429 2769 si
449 2725 512 2770 uon
535 2707 576 2768 ite
598 2725 632 2770 se
660 2725 710 2768 res
731 2707 836 2781 babet,
868 2709 921 2771 sed
943 2709 1072 2774 Verbum
1094 2729 1111 2772 e
1131 2705 1225 2774 nibilo
1248 2711 1294 2774 ls-

79 2815 147 2870 ctun
166 2819 197 2872 et
217 2817 354 2874 meatum
384 2817 450 2882 est;
483 2807 528 2870 rel
557 2826 628 2888 ergo
651 2826 712 2870 non
734 2817 782 2870 est
802 2810 883 2872 Deus
906 2828 1010 2884 verus,
1041 2829 1108 2876 urm
1136 2813 1255 2898 situua
1278 2826 1301 2876 e·

77 2907 157 2972 rebus
187 2913 318 2984 creetis,
349 2909 396 2972 rel
423 2910 448 2972 si
477 2909 640 2988 Scripturis
673 2910 814 2989 refragari
843 2929 904 2974 non
933 2912 1075 2976 audentes
1098 2913 1192 2976 lleum
1214 2913 1295 2976 illum

77 3012 219 3088 appellens,
241 3015 338 3095 igitur
358 3031 484 3078 neeesse
507 3021 555 3074 est
576 3022 609 3074 ut
629 3012 706 3074 duos
722 3013 796 3074 deos
818 3013 982 3082 admittunt,
1004 3033 1097 3080 uuum
1118 3023 1295 3090 creatorem,

75 3121 193 3178 cresum
219 3115 331 3189 dium,
366 3133 400 3177 ac
427 3113 544 3178 dnobus
565 3115 693 3193 proinde
715 3114 846 3178 dominis
869 3117 1016 3190 serviunt,
1045 3117 1096 3180 uni
1126 3118 1294 3188 noo-tecto,

76 3210 120 3272 elii
140 3215 211 3278 lacto
234 3228 266 3280 et
289 3225 412 3302 oreste,
425 3217 542 3296 hocque
563 3224 650 3296 pacto
673 3215 749 3280 (luas
769 3216 898 3280 babeant
918 3219 1004 3294 lldes,
1028 3235 1117 3280 unum
1140 3218 1169 3280 ln
1192 3235 1295 3286 rerum

73 3311 172 3392 Deum,
200 3319 290 3384 ubam
315 3319 346 3380 ln
368 3320 476 3380 laetum
498 3317 535 3380 ab
555 3317 691 3398 ipsisque
711 3319 811 3382 fictum
835 3327 866 3380 et
885 3318 995 3382 dietum
1017 3318 1122 3382 Deum.
1166 3318 1297 3380 Necesse

74 3424 233 3482 utacum
268 3439 326 3484 eos
358 3419 433 3482 udeo
463 3418 640 3482 obcoecatus
671 3437 687 3482 a
715 3421 792 3482 lacto
825 3421 981 3495 recedere,
1013 3437 1079 3484 oum
1106 3421 1297 3483 uon-lactum

73 3515 195 3596 odorant,
218 3529 251 3584 et
273 3521 411 3584 vicissim
433 3539 467 3584 se
489 3539 504 3582 a
527 3529 661 3584 erectore
683 3530 826 3594 evertere,
850 3541 917 3586 cum
930 3521 968 3586 od
989 3529 1120 3585 ereetum
1143 3520 1296 3584 secedunt.

73 3613 125 3679 Neo
144 3622 224 3684 enim
246 3623 302 3686 bic
322 3622 353 3684 in
380 3622 432 3684 illo
461 3621 552 3684 videri
583 3629 700 3702 potest,
734 3623 843 3703 quippe
871 3641 940 3685 cum
970 3623 1083 3686 abenas
1111 3629 1142 3684 et
1163 3621 1297 3682 diverses

72 3719 125 3782 sint
143 3725 307 3788 amborum
335 3743 403 3786 curn
431 3731 552 3786 neturus
580 3731 644 3784 turn
671 3724 805 3785 ellectus.
850 3723 882 3784 Si
905 3717 994 3802 igitur
1014 3723 1088 3784 haec
1109 3723 1227 3784 illorum
1251 3727 1298 3782 cst

98 3941 118 3990 b.
136 3943 193 4007 lleq.
214 3944 240 3995 l.
259 3952 286 3995 et
305 3944 377 4006 Sego.
396 3941 487 3996 oldest
507 3933 538 3992 tv
554 3931 659 3990 duom
744 3943 761 3992 l.
779 3941 852 3992 besil.
870 3932 933 4008 παρ’
954 3933 1047 3992 αὐτοῦ.

69 4009 125 4066 quot
142 4012 166 4060 io
184 4013 242 4063 eliis
261 4020 289 4063 st
307 4011 463 4062 editisdesst.
491 4010 542 4058 llos
561 4009 618 4071 lleq.
634 4010 656 4059 l.
742 4057 774 4093 m,
795 4043 850 4104 Res·
863 4042 884 4092 1.
903 4043 1044 4106 semim.
1061 4041 1152 4104 mm·
1168 4035 1264 4093 Gomon
1277 4043 1300 4088 ἰ

67 4073 284 4197 Vidit
303 4089 328 4197 l
343 4077 656 4196 ll‘llldlll
706 4102 1027 4243 urar-rorte,
1041 4107 1145 4237 {ltu
1163 4097 1298 4234 :tulto

67 4213 110 4339 alig·
127 4207 657 4347 ῗᾞωᾚμᾞὸνῗὶἳοὲῗσξῖ
706 4239 943 4324 κατανωτζζεσθαι
954 4239 1004 4322 rbf
1015 4233 1137 4308 γενητόν.
1157 4241 1261 4292 Fclclur,
1275 4239 1298 4292 θ.

108 4315 115 4328 ·
142 4319 149 4331 ·
367 4317 375 4342 t
707 4309 945 4368 κατανωτιζεσθαι
961 4323 1000 4359 τω
1016 4307 1129 4374 γενητῷ.
1154 4307 1298 4360 ltttuodtt

68 4347 224 4468 aru
245 4351 275 4465 e
290 4347 660 4482 tremuntur
846 4359 1083 4434 ronco
1099 4369 1132 4426 ω

67 4475 291 4549 Μίῡᾶγωήτφ.
326 4485 378 4534 flor
395 4484 467 4536 Gobl.
485 4482 660 4534 attuleruut.
745 4497 770 4532 u.
795 4482 838 4531 Sic
857 4480 913 4542 lisq-
943 4479 963 4530 1.
982 4485 1006 4530 st
1023 4477 1123 4542 Sequor.
1159 4475 1185 4528 lc
1204 4471 1258 4524 tlttr
1277 4471 1299 4514 ot

66 4547 347 4618 Vvttq‘lmimqrp.
367 4550 520 4618 liopblbid
529 4546 660 4614 γενητῷ.
711 4550 782 4600 otius
800 4548 869 4598 deest
886 4535 986 4596 odedu.
