3032 5048
471 239 587 284 cosma
600 237 818 285 troanruanrort
833 241 919 287 araus
934 243 955 286 1.
1054 239 1066 252 ·
1255 225 1321 292 869⁸
1379 249 1389 258 ·

58 385 229 450 {ascitur
252 407 323 468 ergo
346 387 483 452 Christus
504 389 537 454 in
559 387 710 452 iletblcem
732 391 872 465 ludaeos,
894 393 1067 474 losepbque
1087 393 1208 458 Patrem
1230 411 1403 456 sunmerso.

58 497 177 563 'ocae
205 491 261 570 qui
284 492 408 556 candem
429 509 517 572 wem
539 493 629 554 llario
653 511 689 554 ex
703 493 812 555 Doride
835 494 979 573 originem
1002 495 1134 571 ducebat,
1157 497 1189 561 iu
1210 496 1320 577 pannis
1419 571 1421 576 .

58 591 260 669 ·epositns,
285 612 302 654 a
324 592 464 656 Simeone
486 593 516 654 in
532 595 657 680 Templo
680 589 810 673 gestatus
834 597 921 658 etad
943 597 1199 660 circumcisionem
1219 597 1319 661 carnis

58 693 260 780 secundum
290 693 387 774 legem
419 696 563 758 adductus
594 704 656 769 cst,
690 705 940 778 augmentumque
968 694 1080 778 accepit
1106 700 1212 762 aetatis
1231 710 1321 781 atque
1419 711 1422 716 “

58 801 232 856 craturae.
278 795 309 858 Si
341 797 440 876 itaque
466 797 615 860 increatus
639 789 692 858 'illa
718 797 829 860 unione
857 800 950 862 lactus
980 807 1043 872 est,
1076 802 1227 880 quomodo
1256 820 1320 874 non

58 894 188 956 statim
214 898 367 974 perlectus
389 899 535 978 apparuit,
559 899 613 961 sed
635 917 690 978 pre
712 899 864 962 uoluntate
885 899 973 961 Verbi
997 919 1108 980 corpus
1130 912 1320 981 augmentum
1398 971 1419 984 ,

58 995 282 1074 accipiebat?
325 999 462 1062 lncreato'
481 1009 578 1062 autem
601 1001 817 1064 incrementum
832 1001 1002 1064 adscribere
1018 1003 1141 1082 impium
1158 1011 1213 1068 est
1247 1005 1331 1066 Nam

58 1097 169 1174 quod
195 1097 361 1162 increatum
384 1111 440 1175 est,
463 1109 568 1185 natupa
589 1107 650 1166 sua'
665 1105 830 1166 increatum
845 1103 963 1177 dicitur,
985 1121 1042 1166 nec
1056 1104 1258 1169 accessionem
1274 1105 1321 1166 rel

58 1197 319 1280 diminutionem
343 1202 479 1266 admittit
525 1204 612 1278 Quod
635 1213 734 1266 autem
756 1223 823 1268 cum
845 1206 976 1268 increato
999 1205 1149 1284 quidpiam
1163 1223 1407 1270 commonentes.

58 1299 180 1364 habet
209 1313 263 1366 aut
291 1303 350 1383 ipsi
373 1305 489 1378 unitur,
522 1307 678 1385 proprium
700 1307 820 1386 quidem
842 1307 989 1382 increato,
1018 1325 1079 1370 non
1102 1315 1200 1370 umen
1221 1309 1321 1388 ipsum

62 1405 259 1466 increatum
282 1425 351 1468 esse
365 1406 496 1482 dicitur3
518 1426 556 1468 nc
577 1408 698 1470 unionis
720 1407 895 1470 beneficium
915 1409 947 1470 in
970 1408 1150 1472 oblivionem
1168 1410 1270 1472 reniet
1291 1417 1322 1472 et

65 1505 231 1568 beneficii
253 1507 384 1568 debitum
407 1506 568 1582 aboleatur,
591 1528 666 1570 nere
687 1510 847 1572 humanum
870 1527 976 1589 genus,
999 1511 1079 1590 quod
1101 1511 1198 1574 adbuc
1218 1511 1249 1572 in
1270 1511 1321 1572 in-

69 1607 238 1669 firmitate·
263 1609 358 1688 degit,
390 1610 421 1670 in
450 1609 689 1689 desperationem
717 1610 817 1686 cadat,
851 1611 878 1672 si
904 1610 998 1674 discat
1019 1613 1110 1691 (quod
1134 1629 1189 1672 vos
1211 1611 1341 1690 dicitis)-

72 1710 206 1771 nullam
231 1727 300 1770 esse
322 1709 378 1776 s'ibi
401 1729 466 1772 cnm
488 1709 552 1772 Deo
574 1713 797 1792 cognationem,
826 1731 900 1774 neve
921 1712 1014 1791 gratia
1037 1720 1202 1776 evanescat.
1247 1711 1322 1786 Quia

77 1811 177 1872 enim
207 1810 370 1874 increatum
400 1813 425 1874 ai
456 1813 556 1876 audiat
576 1813 696 1876 Domini
724 1831 848 1894 corpus,
883 1831 974 1893 seque
1002 1815 1110 1878 lanum
1132 1823 1323 1894 creatumque
1402 1869 1407 1884 ,

78 1920 251 1990 agnoscat,
273 1931 335 1974 uon
357 1913 513 1992 intelligat,
537 1915 627 1976 lalsas
647 1911 766 1994 quidem
789 1933 857 1976 esse
879 1915 1050 1994 Scripturas
1073 1915 1190 1995 sibique
1210 1915 1323 1986 nubam

74 2030 161 2074 esse
184 2031 253 2074 cum
276 2013 395 2075 Christo
418 2014 682 2078 communionem?
725 2016 758 2077 Si
779 2015 927 2078 increatus
950 2017 1114 2078 increatum
1134 2033 1246 2095 corpus
1267 2033 1321 2078 aa·
1346 2077 1354 2092 ,

77 2107 220 2190 sumsit,
243 2114 334 2193 periit
355 2133 427 2194 ergo
448 2117 546 2196 prima
566 2117 715 2190 formatio,
738 2115 828 2196 pariit
849 2117 1025 2198 archetypus
1046 2117 1156 2192 Adam,
1184 2135 1243 2198 quo
1265 2134 1323 2179 nos

82 2233 195 2292 usque
222 2215 252 2276 in
281 2215 460 2279 bodicmum
474 2219 572 2303 ‚diem
600 2237 654 2297 per
682 2219 780 2279 carnis
810 2217 1031 2280 successionem
1059 2219 1179 2282 oriundi
1206 2235 1324 2280 sumus.
1360 2299 1363 2302 ,

83 2317 259 2388 Quomodo
281 2317 371 2396 igitur
392 2317 529 2380 cbristus
550 2327 608 2380 bos
631 2319 678 2380 soi
700 2317 861 2397 participes
877 2313 1057 2382 constituit?
1080 2319 1220 2398 quidest,
1243 2315 1325 2398 quod

86 2418 259 2497 Apostolus
288 2419 343 2480 ait:
380 2419 443 2492 err'
473 2424 551 2482 cuba
581 2411 753 2504 sanctificor
779 2429 808 2480 et
835 2421 890 2499 qul
915 2419 1166 2500 condideretur,
1199 2435 1241 2481 aar
1260 2435 1323 2484 urst

85 2517 222 2583 omnes?

183 2726 213 2787 5.
257 2723 300 2784 Ne
322 2721 388 2801 qnia
410 2705 481 2782 sero
504 2721 541 2782 da
556 2719 715 2782 diivinitate
729 2719 795 2782 Filii
820 2720 865 2782 sic
886 2719 1016 2800 cogitare
1032 2719 1148 2795 audeat,
1170 2720 1251 2800 quod
1266 2737 1322 2782 eo·

91 2826 167 2886 dem
189 2823 237 2885 ille
258 2824 349 2886 modo
372 2841 408 2886 er
429 2823 491 2885 Deo
514 2823 568 2896 sit,
592 2839 652 2901 quo
674 2841 732 2884 nos
755 2841 878 2897 sumus,
906 2829 941 2886 ut
960 2822 1132 2903 impiissimi
1152 2821 1254 2884 Ariani
1276 2821 1324 2884 di·

92 2939 166 2986 cera
187 2925 306 2998 audent,
329 2931 379 2986 aut
401 2934 481 2985 certe
502 2923 585 2986 illurn
607 2923 720 2986 err-lieo
744 2941 814 2984 esse
837 2923 1000 2986 secondum
1022 2923 1121 2986 caruis
1142 2922 1274 3004 speciem
1295 2930 1327 2986 et

99 3025 265 3087 secundum
286 3027 411 3087 lormam
435 3025 529 3098 servi,
552 3025 610 3087 boc
631 3034 678 3088 cst
698 3025 877 3105 protoplasti
896 3025 1008 3097 adam,
1030 3043 1118 3104 quam
1140 3024 1254 3108 accepit
1274 3023 1325 3104 qui

98 3129 133 3188 in
162 3129 256 3190 torma
276 3127 330 3188 Dei
352 3127 432 3188 Deus
466 3125 575 3188 existit
625 3126 764 3189 Proiecto
794 3128 872 3194 inter
897 3145 947 3189 res
976 3134 1091 3190 creatas
1119 3125 1191 3190 illud
1218 3125 1326 3190 dicitnr
1423 3193 1427 3198 ,

104 3229 279 3302 increatum,
301 3229 382 3308 quod
403 3247 552 3308 nunquam
575 3228 686 3300 extitit,
709 3228 776 3308 quia
798 3247 949 3308 nonquam
969 3230 1078 3292 lactum
1100 3234 1157 3290 est.
1200 3226 1244 3306 lle
1266 3227 1324 3306 igi·

102 3339 153 3391 tur
173 3331 240 3392 dum
262 3330 291 3392 ln
314 3331 411 3393 Verbo
435 3349 552 3393 carnem
575 3347 725 3410 uunquam
748 3331 842 3394 luisse
864 3329 1049 3402 existimatis,
1072 3313 1212 3410 specioso
1233 3345 1324 3390 roce-

106 3429 176 3492 bulo
196 3448 257 3492 rem
280 3432 374 3509 ipsam
396 3449 504 3511 negare
526 3432 557 3494 in
579 3432 710 3496 animum
732 3432 889 3505 inducatis,
911 3439 945 3494 ut
964 3429 1039 3492 nibil
1053 3429 1085 3490 in
1099 3430 1232 3508 increato
1249 3445 1324 3488 con-

108 3529 253 3592 fiteamini.
298 3529 371 3592 Nam
401 3532 465 3592 sola
485 3533 609 3597 Deitatis
637 3531 831 3595 subsistentia
858 3532 987 3593 increata
1003 3527 1204 3606 intelligitur,
1232 3527 1273 3590 ita
1293 3535 1327 3590 ut
1408 3583 1413 3588 .

109 3629 227 3708 impium
248 3631 288 3693 sit
308 3631 353 3692 rel
376 3630 534 3694 increatam
556 3633 729 3713 passibilem
743 3632 789 3694 rel
804 3631 977 3712 passibilem
992 3629 1152 3691 increatam
1167 3615 1326 3709 appellare.

107 3731 256 3794 Conditam
278 3732 357 3796 enim
378 3731 511 3796 bominis
532 3743 668 3798 naturam
689 3752 751 3796 non
772 3732 884 3795 ursione
906 3732 1003 3794 Verbo
1024 3729 1193 3812 propriam,
1221 3728 1276 3791 sed
1298 3726 1328 3790 ei

108 3842 286 3896 coaeternam
319 3853 390 3898 esec
409 3834 522 3914 licique
550 3845 672 3898 naturae
701 3842 890 3916 exaequatam
916 3851 970 3913 per
997 3840 1120 3894 naturae
1143 3829 1327 3892 identitatem

142 4003 160 4036 c.
178 3986 270 4037 Goblcr.
289 3993 312 4036 et
328 3985 434 4036 l'elclrm.
446 3987 468 4036 1.
481 3979 594 4047 babenti
612 3977 686 4036 erila-
739 3987 839 4066 Sgguer.
868 3993 891 4035 et
918 3985 1024 4036 Felclrm.
1045 3984 1067 4033 l.
1104 3983 1130 4033 ln
1154 3982 1225 4060 editis
1242 3973 1282 4048 μή
1300 3993 1329 4030 τι

107 4047 163 4116 ylo,
179 4049 221 4102 καὶ
237 4067 349 4120 antony.
378 4055 686 4117 ltqueltaleqitllannior.
738 4068 788 4102 ουν
805 4044 859 4120 ἄρα
875 4045 940 4118 μηθ’
961 4045 1036 4107 ὅλως.
1065 4049 1329 4128 Moxdnqlrcqssobler.

111 4120 352 4201 lucretianum-er
369 4121 541 4184 lepitllnnoiua
560 4117 687 4170 dedocere-
739 4123 838 4200 qun'er.
863 4129 887 4170 at
910 4122 1014 4201 delator.
1034 4119 1056 4170 1.
1074 4113 1121 4167 eol
1143 4129 1329 4239 τιηνιαρεῖηθέιζ

110 4184 173 4306 pig?
182 4189 374 4338 §bassatii-aq.
392 4257 480 4307 rectius
499 4269 571 4320 qoem
589 4256 647 4306 editi
665 4264 690 4307 et
740 4187 841 4336 ξξζὲῑτ.
854 4187 1003 4333 ,ἑὲΜίΐῖῃᾷ
1019 4189 1160 4304 ἓξῖοἳωκῗ.
1180 4200 1253 4332 poculo
1271 4219 1335 4318 port·

112 4323 159 4434 gbl«.
176 4325 320 4448 ngssbent
337 4323 429 4374 αυτοῦ.
465 4325 540 4375 Paulo
558 4325 689 4404 portiolam
740 4316 1280 4456 opsolssqqgurizknsszditsqc{effractae
1292 4387 1330 4436 ,θ’

145 4405 214 4522 :erpa
230 4427 261 4510 τιΙ
275 4453 330 4529 ἄρα
346 4451 482 4528 perdtus,
501 4461 537 4512 sic
549 4445 691 4512 lloblerirn.⁴
740 4427 844 4522 gendum
861 4461 962 4512 ardetur.
996 4449 1147 4525 aaronita
1163 4447 1268 4506 ircim
