3048 5052
457 345 603 392 nmmos.
619 313 737 392 coarat
747 329 887 394 ¹interos.
1224 335 1286 402 tta

85 501 204 562 incorum
232 503 275 562 est
302 495 426 572 similis,
460 496 513 559 sed
541 513 643 560 earum
671 505 788 580 creator
813 495 996 579 postitium
1026 507 1056 561 et
1083 499 1207 564 effector
1228 511 1375 565 estnon

83 601 162 662 Porro
182 607 212 662 ut
230 600 303 662 baec
323 598 414 660 dictio
436 598 637 662 non-iactum
660 598 697 660 ad
720 616 770 661 res
791 599 884 662 tactas
905 600 1060 664 referende
1082 610 1145 677 est,
1167 602 1208 666 ite
1231 623 1288 669 vox

84 701 128 762 iste
146 702 227 762 Pater
246 701 283 762 ad
303 699 409 762 Filium
430 701 568 764 retertur.
611 699 689 764 iiiuc
709 699 870 780 quitteum
893 702 1075 777 effectorem,
1097 705 1236 784 opificem
1258 711 1290 770 et

82 803 247 865 non-iactum
268 801 411 883 appellet,
438 819 488 864 res
517 808 631 864 mentes
659 807 691 862 et
718 802 809 864 iactas
836 802 981 882 perspicit
1001 812 1032 866 et
1052 803 1202 886 intelligit:
1236 807 1288 886 qui

85 913 162 966 mtem
181 903 270 966 Deum
292 903 411 966 Patrem
433 911 534 976 vocat,
557 902 656 966 statim
678 901 786 968 Filium
808 905 940 985 concipit
961 911 992 966 et
1013 907 1157 984 agnoscit.
1201 908 1287 982 Quo-

85 1005 145 1068 circa
167 1005 235 1068 mira
263 1006 397 1086 proiecto
426 1004 559 1071 videatur
588 1004 707 1068 iliorum
733 1005 765 1066 in
792 1005 914 1086 propria
941 1005 1095 1086 impietate
1111 1009 1285 1086 pervicacia.
1339 1029 1345 1036 ·

82 1107 141 1168 Nau
159 1107 287 1186 quamvis
309 1124 367 1169 ron
387 1105 547 1169 non-tacti
576 1116 690 1170 rectum
712 1124 800 1187 quem
824 1125 915 1188 supra
937 1107 1064 1172 diximus
1086 1127 1210 1172 sensum
1230 1111 1286 1174 ba·
1375 1173 1380 1186 ,

80 1208 135 1270 beet
152 1211 252 1289 pieque
274 1207 373 1288 possit
393 1207 539 1288 usmpari,
562 1207 614 1281 ilii,
636 1215 670 1270 ut
691 1227 763 1272 suaa
782 1209 1010 1290 patrocinentur
1030 1209 1158 1284 haeresi,
1184 1211 1289 1276 eedem

81 1328 138 1371 rece
161 1311 194 1371 nd
219 1309 285 1372 Filii
317 1295 719 1374 contumeliamnbutuntur.
764 1310 917 1374 Nimirum·
938 1330 1001 1374 non
1026 1312 1179 1391 legerunt,
1209 1329 1288 1388 eum,
1368 1352 1373 1363 ·

80 1400 235 1489 trititiam
255 1411 403 1484 honorat,
429 1411 548 1474 Patrem
577 1428 694 1490 quoque
722 1397 889 1486 bocciaco,
917 1420 948 1476 et
974 1413 1026 1496 qui
1045 1413 1154 1476 Filium
1181 1413 1289 1476 iniuria

80 1513 161 1586 afficit,
179 1513 295 1578 Patrem
316 1513 453 1576 similiter
475 1513 577 1589 eadem
599 1513 718 1575 afficere
739 1512 857 1576 iniuria.
900 1514 1059 1593 Enimvero
1089 1516 1115 1578 si
1143 1514 1237 1595 gioria
1257 1521 1289 1578 et

79 1614 158 1676 bonor
177 1615 271 1678 Patris
294 1614 352 1677 iliis
375 1633 463 1678 curae
485 1614 604 1689 fnisset,
626 1613 802 1677 debuissent
820 1617 934 1696 potius,
957 1617 1036 1696 quod
1059 1623 1089 1680 et
1106 1616 1287 1680 convenicn·
1373 1689 1375 1694 ,

79 1715 243 1780 desinisset
265 1725 299 1780 et
318 1716 453 1795 dignius,
475 1715 596 1778 Patrem
617 1716 711 1778 Deum
733 1735 896 1796 agnoscere
918 1726 949 1780 et
970 1718 1084 1791 dicere,
1108 1737 1197 1799 quam
1220 1733 1381 1780 cumenae.-

77 1817 124 1878 boc
140 1819 255 1882 nomine
278 1817 420 1881 indicare.
464 1816 538 1880 Nam
566 1837 633 1880 eum
660 1817 756 1880 Deum
784 1819 985 1882 non-tactum
1014 1819 1178 1900 appellant,
1208 1838 1288 1894 eum,

78 1920 307 1999 quemadmodum
328 1919 398 1991 dixi.
422 1938 458 1981 ex
480 1917 564 1982 tectis
586 1918 729 2000 oporibus
752 1921 923 1982 effectorem
938 1921 1079 1984 duntaxat
1100 1929 1131 1984 ct
1151 1921 1289 2002 optttoem

78 2031 179 2096 rocam,
200 2021 256 2084 rati
281 2041 317 2084 se
338 2039 430 2102 posse
454 2022 523 2084 inde
544 2039 600 2100 pro
624 2041 678 2084 sue
698 2021 823 2084 libidine
846 2023 985 2097 tumere,
1010 2021 1138 2086 Verbum
1160 2036 1236 2104 opus
1258 2030 1290 2085 et

77 2127 248 2188 reuinctum
270 2143 353 2188 esse.
397 2123 456 2196 Qut
483 2130 582 2186 autem
606 2122 698 2186 Deum
719 2123 837 2204 i‘atpem
865 2132 1031 2205 nuncupat,
1060 2143 1127 2188 eum
1156 2143 1192 2186 ex
1211 2122 1289 2186 Filio

78 2225 216 2304 significat.
243 2245 310 2289 non
332 2225 572 2306 ignarus,‚qued
594 2243 660 2287 urm
683 2233 765 2287 esset
784 2225 898 2300 Filius,
920 2245 970 2288 res
993 2227 1085 2288 tactae
1107 2227 1213 2288 omnes
1234 2239 1290 2305 per
1333 2205 1342 2235 ’

78 2325 182 2389 cundem
209 2328 318 2390 Filium
351 2326 525 2390 necessario
560 2328 681 2388 inerunt
708 2335 832 2390 creatae.
883 2328 978 2408 Atque
1006 2327 1047 2390 itti
1075 2327 1193 2407 quidem
1222 2344 1290 2388 oum

77 2427 153 2490 bourn
173 2432 376 2517 non-tactum
397 2429 515 2502 dicunt,
546 2447 614 2490 eum
643 2445 679 2488 ex
702 2428 776 2490 solis
799 2427 940 2506 operibus
963 2428 1109 2503 indicant,
1138 2445 1194 2490 uec
1219 2426 1288 2506 ipsi,
1317 2440 1323 2451 ’

77 2527 139 2590 baud
159 2551 243 2595 secus
267 2551 306 2594 ac
326 2529 470 2599 Gentiles.
492 2529 599 2592 Filium
621 2537 796 2608 agnoscunt.
840 2530 877 2591 At
904 2530 954 2610 qui
983 2529 1076 2616 Depm
1103 2527 1201 2591 Petris
1228 2545 1289 2590 no-

76 2631 292 2713 minc-insignit,
314 2632 395 2694 ilium
418 2651 453 2694 ex
475 2629 572 2694 Verbo
596 2629 751 2710 significat.
796 2629 921 2708 Cognito
944 2637 1041 2692 autem
1060 2629 1167 2702 Verbo,
1190 2629 1289 2708 ipsum

75 2751 175 2814 quoqne
201 2734 340 2816 agnoscit
367 2752 435 2796 esse
464 2733 615 2814 opificem,
647 2733 805 2812 omniaque
831 2749 886 2810 per
914 2730 1013 2811 ipsum
1040 2732 1115 2792 tacta
1143 2742 1212 2792 esse
1239 2728 1289 2790 in-

76 2835 171 2915 tetigit

144 3041 193 3104 et.
237 3039 385 3115 Quocirca
408 3037 509 3118 pietati
531 3046 562 3098 et
582 3034 699 3098 veritati
714 3035 808 3114 magis
823 3035 914 3098 tuerit
928 3015 1174 3106 consentaneum,
1194 3029 1290 3095 neum
1351 3049 1352 3057 ¹

75 3158 102 3200 ex
122 3141 191 3204 rito
213 3141 372 3204 nominare
392 3139 570 3219 Patremque
591 3137 755 3218 appellare,
789 3153 878 3216 qnam
900 3155 935 3198 cx
958 3129 1042 3198 soiis'
1056 3133 1198 3215 operibns
1220 3149 1289 3218 eum
1378 3181 1379 3186 1

76 3240 224 3318 significare
245 3247 285 3306 ae
304 3244 492 3304 non-tactum
514 3241 623 3304 dicere.
666 3239 732 3301 Hoc
754 3238 832 3302 eninr
856 3255 965 3323 nomen
987 3237 1034 3301 vei
1055 3236 1232 3317 singulatim,
1256 3241 1291 3298 ut

75 3341 137 3416 dixi,
164 3347 207 3408 rel
229 3344 395 3426 generatim
418 3343 517 3405 omnia
540 3341 729 3406 solummodo
753 3359 861 3430 opera,
889 3359 964 3421 quae
993 3359 1029 3402 cx
1057 3337 1110 3402 Dei
1139 3338 1291 3402 voluntate

76 3445 264 3520 perverbum
288 3447 363 3508 iacta
385 3431 473 3518 suut,
496 3444 650 3524 significat
694 3443 730 3505 tt
751 3442 848 3504 Patris
870 3460 982 3504 nomen
1004 3441 1040 3503 ad
1064 3441 1161 3504 solum
1183 3439 1290 3504 titium

75 3547 194 3623 respicit,
223 3557 315 3627 atque
342 3546 372 3608 in
401 3566 437 3609 eo
462 3546 551 3608 sistit.
598 3545 746 3618 anturn
775 3563 866 3625 porro
890 3543 1069 3608 discriminis
1092 3539 1290 3604 est'Verbum

78 3641 142 3706 inter
160 3655 187 3709 et
208 3667 260 3712 res
283 3649 387 3724 tactas,
409 3648 450 3710 ita
471 3649 561 3720 aliud,
584 3647 675 3708 immo
696 3645 785 3726 longe
806 3647 903 3708 maius
919 3645 1028 3726 aliquid
1044 3653 1100 3720 est,
1116 3643 1208 3706 Deum
1230 3641 1289 3701 Pa·

75 3827 116 3878 tior
138 3847 218 3884 omnes
244 3850 297 3885 mse
324 3841 421 3897 praeter
438 3833 545 3884 Fetrim.
564 3834 587 3884 2.
606 3835 651 3883 bs·
737 3833 759 3882 b.
777 3829 880 3896 {Eodem
900 3831 985 3884 iisdem
1004 3845 1082 3895 prope
1098 3828 1177 3879 verbis
1195 3825 1291 3876 sdru-

74 3897 120 3947 bent
141 3893 284 3960 ἢέκείνώς
301 3893 446 3968 ὀνομάζειν
463 3895 562 3958 αὐτόν,
589 3917 651 3968 quse
702 3915 746 3966 pre
766 3903 789 3952 in
809 3903 879 3966 epist.
898 3901 929 3949 de
946 3901 1012 3948 decr.
1030 3897 1081 3948 Nic.
1102 3911 1137 3946 nr.
1157 3889 1213 3960 db]
1245 3879 1283 3968 θ’

72 3965 147 4018 absent
163 3975 191 4020 ab
209 3974 318 4021 editione
335 3971 453 4022 Geminei.
472 3981 496 4020 et
511 3971 615 4022 deicito.
627 3969 652 4018 2.
736 3971 751 4018 i.
770 3971 863 4032 sepner
889 3968 1029 4046 Gobier3et
1040 3963 1175 4041 Frictmd.
1195 3964 1292 4024 σημαι-

100 4049 119 4083 e.
137 4037 189 4100 tisg.
209 4047 235 4089 et
252 4039 393 4089 deiciendo.
413 4029 569 4103 ἀγέννητον.
605 4039 651 4088 tttt
702 4046 766 4087 νεν.
803 4038 865 4088 Editi
883 4045 907 4085 et
925 4035 965 4084 aiii
984 4029 1136 4097 σνομαζειν.
1163 4028 1215 4078 Ιοι
1236 4028 1292 4104 tt'cp.

72 4109 91 4150 ct
106 4105 174 4154 editio
191 4107 313 4158 Comensi.
330 4095 472 4171 ἀγένητον.
703 4113 726 4154 et
745 4105 848 4154 Feictm.
868 4103 891 4153 5.
916 4093 1073 4166 ἀγέννητον.
1115 4095 1159 4148 diii
1178 4104 1202 4146 et
1219 4095 1293 4174 edptto

101 4171 114 4218 t.
129 4173 230 4225 Feteim.
241 4176 265 4224 5.
278 4165 435 4239 ἀγέννητον.
455 4175 530 4225 ttetii
545 4183 568 4224 et
578 4175 651 4224 editio
703 4173 820 4224 Commii.
840 4161 981 4246 dydvpror.
1019 4167 1079 4216 ibid.
1092 4165 1192 4242 sepner
1209 4174 1292 4242 copto

73 4233 177 4290 tonost.
195 4233 338 4306 ἀγένητον.
375 4241 433 4292 ibid.
443 4245 543 4301 sepner.
554 4244 650 4292 Gobter.
701 4234 754 4306 peda
769 4231 825 4306 γὰρ
842 4231 888 4286 atui
904 4249 1001 4302 μονον.
1039 4233 1103 4284 Editi
1119 4233 1192 4283 statu
1212 4242 1292 4280 roure

73 4311 91 4352 st
107 4307 207 4368 tetcim.
230 4311 252 4360 t.
272 4304 407 4375 ἀγένητον
422 4307 552 4375 λέγοντες.
590 4310 652 4360 Editi
702 4299 825 4374 μὲνγὰρ
843 4298 939 4371 μόνον.

73 4379 91 4420 tt
106 4376 143 4425 atii
160 4367 297 4442 ἀγένητον
314 4365 385 4428 siuet
401 4375 532 4444 λέγοντες,
738 4375 759 4424 i.
778 4375 818 4424 Sic
836 4373 977 4450 Sopucriop.
996 4368 1094 4420 Gobier.
1113 4376 1136 4418 et
1153 4365 1259 4444 Fsiobpr.
1271 4363 1293 4414 i.

100 4457 119 4504 t·
136 4445 236 4508 sepner.
257 4447 354 4498 Gcbter.
373 4455 397 4498 st
415 4449 519 4498 Fetctrn.
533 4447 555 4496 1.
573 4438 654 4499 sidcis·
703 4443 732 4494 dt
750 4441 791 4494 eiii
815 4449 839 4494 et
856 4441 912 4492 editi
931 4453 963 4488 co
982 4433 1021 4493 dd,
1040 4431 1155 4502 πατέρα.
1199 4433 1293 4486 ibidem

74 4499 158 4582 deria
173 4507 268 4578 λόγον.
302 4515 365 4567 nutu
381 4523 407 4566 et
425 4506 654 4568 attuatootettxat
703 4509 843 4574 senuerim.
866 4499 910 4574 ἐφ’
931 4496 992 4556 uiuri
1012 4496 1109 4586 pirou.
1145 4501 1220 4580 Panto
1239 4509 1295 4562 post

74 4585 114 4622 ur
128 4575 221 4645 λόγων.
704 4579 803 4642 Sepuer.
831 4569 955 4643 τοσούτῳ
977 4588 1025 4624 και
1046 4569 1129 4623 πλέον
1143 4583 1180 4634 cp
1201 4563 1285 4592 '‘m“
