3048 5052
357 295 361 306 ’
446 333 556 376 oaarxo
573 333 593 376 r.
611 333 726 376 dourad
741 333 877 376 amaros.
1207 321 1266 384 153
1306 281 1315 308 Ι

88 485 209 563 impietatis
229 481 340 544 rosulas
362 482 517 560 dissolutis
540 492 571 546 et
591 482 752 544 luxuriosis
774 483 872 546 modis
896 484 1081 564 significare,
1096 493 1138 560 ut,
1161 503 1353 566 quem-rade.

86 585 208 647 admodum
227 583 362 664 sapientia
385 585 440 647 ait:
463 603 502 647 eu
523 585 623 648 uerbis
646 589 710 648 auia
734 593 933 664 edpaoaeetur
949 590 1007 659 vir,
1030 586 1075 648 sio
1095 586 1269 650 huiusmodi

86 687 185 750 sumeris
204 685 349 766 seripturis
377 687 494 750 unimus
527 687 734 748 effoeminatos
757 686 882 766 eiusque
904 687 1013 748 meotis
1036 689 1189 770 corruptio
1212 709 1267 769 pe·

86 786 159 849 aaut?
193 787 226 850 da
244 807 311 850 raro
333 788 424 850 latere
445 807 506 850 nou
528 789 626 868 potuit
639 789 731 850 homo
752 795 908 862 uersutus,
931 807 1033 851 verum
1049 791 1182 870 qaaamvis
1198 809 1267 854 sae-

86 890 179 967 pissime
196 909 257 952 sese
278 891 427 971 serpentis
450 909 533 952 more
556 909 676 954 sursum
701 890 881 952 deorsumve
897 891 1077 952 contorserit
1092 901 1121 954 el
1136 893 1267 968 verterit,

86 999 155 1052 umen
172 991 198 1053 iu
217 991 440 1056 Pharisaeorum
461 993 565 1072 lapsus
589 1011 723 1054 errorem
746 1001 800 1054 est.
837 991 910 1053 Nam
933 1000 965 1052 ut
987 991 1028 1054 illi
1051 993 1196 1056 inanimo
1212 995 1267 1056 ba·

83 1091 160 1154 beatas
177 1094 259 1172 legem
287 1095 397 1156 violare
425 1114 459 1156 se
486 1093 559 1174 legia
586 1095 676 1156 verba
704 1094 840 1156 meditari
872 1093 1037 1174 lingebant,
1066 1111 1192 1173 eumque
1214 1113 1267 1158 ex-

80 1203 194 1270 portatum
213 1195 324 1276 iamque
339 1204 528 1278 praesentem
544 1196 702 1258 [lominum
718 1195 826 1258 uellent
840 1200 959 1275 degaro,
983 1194 1160 1258 simulabant
1174 1195 1268 1258 ileum

82 1313 131 1356 eum
147 1297 290 1376 aporiare,
320 1317 483 1378 eorumque
504 1297 700 1360 nihilomiuus
722 1298 854 1374 eopvieta
876 1297 1014 1378 impietas
1038 1307 1099 1370 eat,
1132 1315 1198 1360 eum
1221 1297 1268 1358 di-

79 1408 166 1458 cerent:
185 1417 232 1460 eur
252 1411 293 1472 tu,
318 1401 406 1462 homo
429 1419 496 1464 oum
519 1403 570 1472 sia,
594 1401 673 1480 [ocia
696 1403 847 1480 teipsum
870 1398 975 1470 Deum,
999 1407 1028 1460 et
1050 1397 1139 1460 dieis:
1162 1399 1224 1478 Epo
1240 1409 1270 1462 et

79 1495 148 1561 Pater
169 1519 254 1564 uxum
279 1500 409 1565 sumus?
442 1503 482 1564 ita
509 1521 628 1582 quoque
656 1501 770 1562 ducatus
801 1510 830 1562 et
858 1500 1006 1562 Sotadeus
1033 1499 1121 1562 Arius
1150 1500 1270 1564 simulat

77 1598 169 1676 paridem
187 1617 216 1662 se
236 1603 271 1666 de
292 1603 354 1664 lleo
376 1603 469 1683 loqui,
491 1623 559 1666 cum
581 1604 799 1683 Scripturarum
822 1602 945 1664 roribus
969 1602 1077 1676 utitur3
1101 1611 1131 1664 at
1150 1603 1224 1664 nibil
1237 1603 1269 1664 id

77 1698 178 1778 impedit,
198 1706 352 1782 quominus
375 1706 480 1768 atheus
507 1715 537 1768 et
559 1706 668 1785 impius
692 1723 760 1768 esse
783 1704 914 1783 undique
936 1704 1137 1778 convineatur,
1157 1705 1269 1784 quippe

75 1802 112 1877 qui
129 1803 172 1864 liei
191 1805 289 1870 l'dium
313 1807 420 1870 audead
441 1825 551 1887 negare
572 1825 698 1886 eumque
721 1807 798 1868 inter
820 1824 871 1872 ros
894 1813 1007 1868 creatas
1030 1814 1213 1880 annumeret.

136 2110 162 2170 5.
199 2110 295 2189 ipsum
326 2113 425 2191 itaque
455 2111 580 2172 Arianae
603 2109 723 2172 Thaliae
753 2118 783 2172 et
809 2109 955 2172 futilitatis
984 2110 1156 2184 exordium,
1187 2109 1268 2190 quod

73 2223 148 2268 mores
167 2213 303 2276 modosve
327 2213 534 2274 effoeminatos
556 2231 627 2292 prae
651 2231 684 2272 se
706 2213 773 2284 lert,
795 2210 967 2274 huiusmodi
990 2219 1050 2273 est:
1083 2211 1188 2284 „iuxta
1211 2231 1266 2274 eo·

73 2325 142 2376 „mm
161 2311 256 2389 idem,
279 2315 332 2395 qui
354 2314 438 2378 eleoti
460 2314 528 2388 Ilei,
551 2313 639 2394 periti
660 2313 730 2387 llei,
760 2313 813 2374 lilii
835 2313 928 2376 saneti
951 2321 980 2374 el
1003 2313 1162 2376 orthodoxi
1185 2321 1351 2387 seuuemo.

72 2410 177 2490 ‚ibique
196 2425 328 2478 sanemur
351 2415 404 2478 Dei
425 2415 568 2495 Spiritum
590 2423 775 2494 aeceperunt,
798 2413 871 2476 baec
892 2433 947 2493 ego
963 2405 1057 2476 ‘didici
1081 2414 1193 2488 avidis,
1217 2416 1266 2495 qui

71 2513 227 2592 „sapientiae
247 2518 418 2598 participes,
441 2535 553 2589 eomes,
577 2517 669 2578 olleo
692 2517 771 2578 docti
794 2525 823 2577 et
846 2516 875 2576 in
899 2515 1037 2577 omuibus
1054 2524 1124 2578 suut
1144 2516 1265 2596 sopiera-

70 2621 132 2682 „leo
170 2617 278 2682 llorum
302 2637 357 2698 ego
381 2620 483 2682 eadem
506 2639 540 2682 ac
562 2619 603 2680 illi
625 2617 757 2680 sentiens
781 2618 915 2696 vestigiis
938 2617 1042 2690 insuti,
1069 2636 1124 2695 ego
1146 2617 1267 2696 iuquam

69 2715 274 2784 „celeberrimus
296 2721 357 2796 ille,
383 2721 433 2800 qui
456 2719 670 2800 quamplurima
692 2727 815 2798 propter
835 2719 888 2780 llei
912 2717 1034 2796 gloriam
1057 2735 1165 2798 passus
1190 2735 1267 2792 suru,

69 2825 112 2884 „el
129 2837 143 2880 a
161 2819 218 2883 lleo
245 2822 353 2886 duetus
382 2823 557 2903 sapientiam
587 2831 618 2883 et
647 2819 802 2882 seientiam
830 2820 963 2899 accepi.“
1007 2817 1148 2880 Facetias
1169 2826 1267 2882 autem

67 2913 115 2976 eius
134 2926 303 2988 exemaudee
319 2933 350 2986 et
363 2924 468 3005 plenae
489 2923 661 3004 impietatis,
684 2941 759 3001 quae
774 2921 805 2984 in
821 2939 855 2984 ea
870 2921 1068 2995 eontinentur,
1092 2919 1165 2982 tales
1182 2929 1267 2982 sunt:

68 3017 140 3084 ‚dou
158 3042 270 3106 semper
290 3026 372 3090 Deua
395 3026 450 3090 luit
469 3027 574 3100 Pater,
596 3025 648 3087 sed
673 3024 743 3096 luit,
773 3041 839 3084 euru
861 3023 942 3084 lleus
965 3021 1049 3084 solus
1073 3029 1164 3096 esset,
1187 3039 1266 3084 uon·

66 3119 195 3204 „dumque
215 3127 303 3191 Pater
326 3137 405 3202 erata
436 3136 541 3208 postea
563 3145 634 3190 vero
657 3127 751 3188 lautus
775 3133 821 3188 est
842 3124 938 3186 Pater.
983 3123 1048 3184 lVou
1072 3141 1191 3203 semper
1212 3123 1268 3186 luit

66 3219 178 3300 aldius,
208 3247 275 3292 uam
306 3249 373 3292 cum
402 3230 501 3294 omnia
523 3249 557 3292 ex
580 3229 673 3292 nihilo
697 3228 759 3290 siut
780 3235 861 3301 orta,
891 3245 998 3305 resque
1027 3243 1129 3288 ornares
1152 3233 1267 3288 creatae

65 3322 134 3390 „siut
152 3337 179 3390 et
199 3331 308 3406 laetae,
338 3331 436 3412 ipsum
464 3351 582 3412 quoque
605 3331 658 3394 Dei
679 3329 807 3392 Verbum
837 3347 873 3390 ex
895 3327 988 3390 nihilo
1011 3329 1119 3390 lactum
1142 3337 1204 3402 est,
1237 3337 1267 3390 et

67 3425 128 3488 ‚dou
146 3429 298 3510 aliquando
322 3451 389 3496 oum
413 3443 595 3508 mensurata
622 3451 678 3494 nee
700 3441 764 3494 erat
782 3439 942 3510 autequam
965 3431 1065 3504 lieret,
1089 3429 1142 3492 sed
1163 3429 1267 3493 habuit

65 3545 182 3609 ‚addeque
203 3534 364 3596 creationis
387 3535 513 3598 initium.
558 3536 629 3597 Erat
652 3536 742 3607 euim,
765 3532 870 3612 iuquit,
896 3532 978 3594 solus
1000 3531 1091 3605 Deus,
1114 3532 1264 3593 nondum-

65 3643 130 3704 ’,ιιι
149 3643 207 3696 arat
228 3636 358 3700 Verbum
381 3649 410 3700 et
425 3638 585 3718 Sapientia.
620 3638 692 3704 Cum
714 3644 813 3698 autem
835 3652 893 3697 nos
915 3641 1019 3714 postea
1042 3633 1134 3696 voluit
1155 3650 1265 3704 ereare,

66 3735 141 3796 „ltus
158 3738 291 3814 prolecto
315 3755 406 3802 unum
428 3739 574 3818 quendem
596 3739 680 3812 teuit,
713 3755 802 3818 quem
824 3744 854 3798 et
875 3735 1003 3798 Verbum
1034 3742 1064 3796 et
1084 3732 1267 3814 Sapientiam

63 3879 333 4012 durauera-
352 3901 376 3941 ι
521 3891 543 3942 ¹·
675 3884 741 4012 aa
758 3869 1266 4016 ratamadmdtaa

313 3995 319 4006 '
681 4010 692 4036 r
759 4015 767 4037 a
799 3996 803 4006 “
832 3989 864 4035 ε’
887 4013 900 4034 n
998 4013 1006 4032 a

63 4019 624 4160 aa{aaaaaaadataalaatda
675 4015 812 4144 adad
827 4019 1267 4154 samaaradatur

63 4161 114 4230 Μ,
122 4155 279 4223 πῑριὼῐόι.
315 4162 368 4212 llus
391 4165 492 4226 Seguer.
516 4155 569 4212 dud
592 4175 624 4228 γε
694 4164 716 4212 ul
735 4161 809 4220 idem,
828 4161 928 4222 Segurr.
949 4166 972 4208 et
991 4156 1082 4217 luetis.
1102 4145 1218 4234 ierapou
1235 4149 1265 4206 δὲ

63 4213 114 4266 ³⁸'l
127 4219 229 4286 μῦθόν·
675 4175 826 4292 haaylyoue.
862 4225 924 4276 Editi
950 4215 1067 4306 horapov
1090 4215 1121 4273 dr
1138 4215 1201 4302 ,tusa
1222 4217 1266 4289 γέ-

86 4285 279 4358 hstesmaa.
307 4295 404 4348 Goblor.
429 4298 625 4350 salaminii.
676 4309 750 4364 γονε.
786 4294 846 4344 lbid.
865 4293 922 4369 beu:
941 4283 990 4372 apim
1008 4305 1050 4342 αει
1069 4283 1083 4339 ὅ
1102 4283 1189 4372 ut‘ur.¹
1236 4343 1248 4372 a

63 4351 146 4408 ltildua
162 4357 343 4430 κρατούμενα.
378 4363 540 4428 ttaaSaguar.
555 4365 626 4417 Gobl.
711 4366 734 4414 l.
758 4362 849 4424 ungite.
876 4372 922 4408 και
945 4376 979 4419 ην
1000 4373 1067 4411 ποτε
1091 4351 1135 4412 ὅτι
1160 4373 1208 4410 oux
1232 4375 1266 4421 ην

64 4425 80 4464 ‘¹
93 4421 183 4478 ΝΜ·
202 4431 224 4480 ¹·
246 4425 336 4498 μεστὰ
360 4425 520 4497 dvroaaaaar.
563 4433 626 4485 earu
676 4426 744 4498 πρὶν
760 4426 882 4496 γένηται.
921 4428 977 4478 llas.
996 4429 1052 4480 item
1071 4445 1156 4482 omues
1172 4437 1195 4482 et
1208 4429 1257 4480 edit

65 4491 126 4564 “iffi
141 4491 207 4562 llffl'z
224 4493 388 4564 witlac·
534 4523 541 4530 ·
679 4498 798 4552 Commel.
817 4496 906 4548 habeut
921 4491 1043 4561 γένηται.

87 4563 242 4628 theaumo.
268 4568 368 4648 uotdar,
392 4576 416 4623 et
433 4569 538 4624 Veledam.
561 4569 582 4622 l.
608 4561 624 4617 ὃ
711 4559 780 4628 1.δὴ
799 4565 867 4619 abeat
883 4579 898 4616 a
916 4565 1015 4632 Seruus.
