3110 5064
220 313 262 377 4ss
621 325 647 368 s.
662 321 1055 368 ιτειαιειιιιισοιεειεσονι

133 471 326 560 σανικοπὴν
348 466 449 540 αὐτοῦ
473 477 635 559 σημαίνει,
658 470 715 538 καὶ
735 463 773 538 οῦ
795 469 891 556 μεῖόν
914 469 986 540 ἐστι
1007 472 1073 536 τῶν
1095 473 1267 558 προτέρων
1281 467 1458 538 καὶτοῦτο

217 574 258 642 τὸ
281 569 441 662 ἀσέβημα.
486 572 543 639 τὸν
564 571 628 658 γὰρ
650 571 684 640 ἐν
705 573 752 658 τῷ
774 574 879 658 πατρί
901 567 992 650 ὅντα,
1017 569 1052 638 ἒν
1073 559 1101 658 ᾦ
1122 570 1178 638 καί
1200 567 1219 636 ὃ
1239 569 1350 658 πατήρ
1371 570 1456 652 ἔστι,

218 676 277 743 τὸν
300 677 452 760 λέγοντα·
477 672 539 759 έγο)
562 676 616 740 καί
640 669 658 740 ό
681 672 792 760 πατὴρ
815 672 849 740 έν
872 672 1015 757 έσμεν’),·
1035 669 1072 740 ὅν
1094 671 1151 740 καὶ
1172 667 1190 738 ό
1214 670 1368 760 ἑωρακὼς
1395 671 1458 740 ἑώ-

217 766 297 864 ρακε
328 774 386 850 τὸν
420 777 595 861 πατέρα’),
628 769 818 859 ’ὀνομάζειν
850 770 918 840 ῦπό
947 797 1037 854 τινος
1066 773 1192 854 ἐ’ξωθεν
1219 773 1456 858 βελτιοῦσθαι,

219 881 333 946 πᾶσαν
361 873 563 963 ὑπερβάλλει
588 882 719 962 μανίαν.
765 870 851 942 ἀλλὰ
877 873 1003 943 τούτων
1035 873 1267 956 ἐκπίπτοντες,
1290 877 1346 944 καὶ
1367 875 1458 942 κατὰ

219 978 297 1059 τοὺς
325 976 404 1064 περὶ
424 974 587 1066 Εάσέβιον
615 973 683 1044 ὑπὸ
705 977 833 1062 πολλῆς
854 975 1066 1061 συνεχόμενοι
1086 979 1144 1063 τῆς
1166 970 1320 1062 ἀπορίας,
1345 975 1457 1044 έιιεῖνο

220 1078 341 1148 λοιπὸν
364 1079 493 1163 λ’γουσιν
515 1075 792 1164 ὑπολειπόμενον,
817 1075 834 1143 ὅ
856 1076 913 1146 καὶ
934 1078 968 1146 έν
989 1072 1167 1165 ᾆσματίοις
1182 1075 1315 1166 ’Ἀρειος
1338 1078 1401 1146 καὶ
1423 1079 1456 1146 ἐν

219 1185 259 1270 τῇ
282 1182 400 1249 ἑαυτοῦ
423 1182 554 1268 Ι’Θαλία
577 1175 622 1259 ιός
645 1179 827 1266 έπαπσρυῖν
841 1181 1040 1265 μυθολογεῖ·
1063 1178 1209 1260 πολλοὺς
1224 1181 1317 1248 λαλεῖ
1332 1179 1456 1266 λόγους

220 1279 239 1349 δ
261 1282 351 1362 θεός.
398 1293 499 1350 ποῖον
524 1277 632 1350 αὐτῶν
655 1280 720 1368 ἀρα
742 1283 876 1367 λέγομεν
898 1277 992 1367 ἡμεῖς
1013 1279 1085 1348 υίὸν
1107 1280 1164 1348 καὶ
1178 1280 1275 1368 λόγον
1289 1285 1456 1370 μονογενῆ

219 1387 278 1452 τοῦ
301 1383 448 1469 πατρός,·
481 1379 618 1470 ἀνόητοι
646 1382 702 1450 καὶ
729 1381 841 1450 πάντα
868 1383 995 1467 μᾶλλον
1017 1375 1038 1469 ἢ
1059 1387 1268 1468 Χριστιανοί.
1313 1387 1456 1470 πρῶτον

219 1487 279 1570 μὲν
301 1485 363 1571 γὰρ
385 1488 524 1551 τοιαῦτα
545 1485 720 1564 λαλοῦντες
741 1481 821 1570 περὶ
841 1487 935 1564 θεοῦ,
958 1487 1076 1569 μικροῦ
1100 1485 1169 1551 δεῖν
1192 1481 1380 1571 ἄνθρωπον
1397 1483 1455 1552 τὸν

220 1584 304 1654 θεὸν
326 1582 631 1673 ὑπολαμβάνουσιν,
655 1581 743 1654 σὸτω
758 1586 921 1652 λαλοῦντα
935 1584 992 1654 καὶ
1005 1591 1257 1672 παραμείβοντα
1271 1585 1350 1665 τοὺς
1364 1611 1455 1674 προ-

135 1692 335 1774 νεωτέρους
352 1697 424 1766 τοῖς
442 1688 607 1774 δευτέροις
623 1686 742 1778 λόγρις,
767 1683 880 1774 ὅσπερ
903 1681 961 1754 οῦκ
978 1683 1154 1773 ἀρκοῦντος
1166 1685 1239 1766 ἑνὸς
1250 1686 1354 1754 ἐντσῦ
1366 1691 1455 1756 θεοῦ

221 1788 319 1876 λόγου
334 1793 447 1858 πᾶσαν
462 1788 521 1878 τὴν
537 1788 571 1856 έν
585 1792 644 1856 τοῦ
661 1789 868 1877 βουλήματος
885 1792 945 1856 τοῦ
957 1788 1085 1874 πατρὸς
1097 1789 1310 1875 δημιουργίαν
1321 1787 1379 1861 καὶ
1395 1788 1455 1876 τὴν

220 1890 338 1959 τούτου
351 1891 514 1977 πρόνοιαν
528 1892 722 1978 πληρῶσαι·
734 1890 773 1957 τό
785 1892 846 1976 μὲν
858 1888 1073 1976 γὰρπολλοὺς
1088 1884 1187 1957 αὐτὸν
1199 1891 1311 1958 λαλεῖν
1322 1888 1456 1975 λόγους,

114 1981 119 1990 ’
223 1985 385 2058 ἀσθένεια
412 1995 478 2058 τοῖν
507 1990 643 2060 πάντων
666 1991 770 2074 ἐστίν,
795 1991 932 2059 ἑκάστου
955 1993 1154 2077 λειπομένου
1175 1994 1235 2080 τῆς
1255 1993 1314 2058 τοῦ
1338 1991 1455 2078 ἑτέρον

220 2098 347 2179 χρείας·
370 2091 408 2158 τὸ
432 2094 467 2160 δὲ
490 2091 539 2161 ἑνὶ
559 2097 741 2182 κεχρῆσθαι
763 2091 849 2180 λόγῳ
871 2091 1043 2174 τὸνθεόν,
1067 2088 1112 2172 ιῦς
1126 2091 1182 2160 καὶ
1197 2093 1286 2160 ἔστιν
1302 2086 1453 2178 ἀληθῶς,

221 2197 320 2261 τοῦτο
342 2192 478 2260 καὶτοῦ
500 2198 584 2262 θεοῦ
606 2193 665 2281 τὴν
688 2193 827 2280 δύναμιν
843 2195 996 2276 δείκνυσι,
1019 2193 1155 2262 καὶτοῦ
1178 2194 1214 2274 ἐξ
1234 2189 1334 2261 αὐτοῦ
1351 2193 1454 2280 λόγου

220 2294 279 2384 τὴν
300 2295 499 2383 τελειότητα,
523 2294 579 2362 καὶ
600 2298 682 2362 οτιῦν
706 2292 792 2362 οὸεω
815 2296 1027 2384 φρονούντων
1048 2295 1107 2383 τὴν
1130 2290 1246 2383 εὐσεβῆ
1264 2294 1408 2364 σύνεσιν.

118 2386 127 2395 ’
309 2404 357 2464 17.
402 2397 489 2464 Ε’ίθε
518 2397 553 2464 δὲ
582 2395 638 2464 καὶ
660 2385 754 2464 οὗτοι
775 2390 833 2484 κᾷν
856 2397 892 2479 ἐξ
912 2387 958 2466 ὧν
982 2398 1114 2484 λέγουσι
1135 2399 1207 2477 νῦν,
1231 2394 1454 2483 ἐθελήσουσιν

223 2493 396 2585 ὁμολογεῖν
423 2497 481 2588 τὴν
510 2494 688 2584 ἀλήθειαν·
719 2498 749 2566 εἰ
774 2497 836 2585 γὰρ
867 2496 960 2580 ὅπαξ
981 2497 1114 2567 διδόασι
1135 2497 1193 2566 τὸν
1214 2497 1298 2566 θεὸν
1320 2504 1454 2586 προφέ-

222 2623 325 2686 ροντα
354 2600 486 2690 λόγους,
517 2601 631 2668 ἰ’σασιν
655 2595 741 2680 ὅλως
762 2595 863 2668 αὐτὸν
884 2605 1029 2690 πατέρα·
1057 2604 1156 2669 τοῦτο
1179 2601 1215 2667 δὲ
1236 2599 1455 2686 γινώσκοντες

223 2709 462 2784 σκοπείτωσαν,
487 2699 541 2771 ὅτι
561 2702 605 2790 μὴ
629 2704 786 2782 θέλοντες
807 2703 865 2772 ἕνα
887 2701 1018 2772 διδόναι
1030 2705 1088 2770 τοῦ
1105 2705 1187 2770 θεοῦ
1203 2698 1300 2786 λόγον
1315 2701 1453 2772 πολλῶν

222 2797 323 2873 αὐτὸν
345 2800 431 2874 εἶναι
451 2812 582 2893 πατέρα
605 2803 836 2894 φαντάζονται,
859 2802 974 2872 καὶτὸ
995 2805 1056 2888 μὲν
1079 2799 1173 2882 ὅλως,
1186 2797 1272 2870 εἶναι
1292 2805 1349 2870 τοῦ
1365 2805 1454 2869 θεοῦ

222 2904 319 2990 λόγον
348 2901 385 2972 οά
415 2909 575 2973 θέλουσιν
598 2901 793 2992 ἀρνεῖσθαι,
822 2903 862 2969 τὸ
885 2906 921 2972 δὲ
944 2899 1029 2970 εἶναι
1049 2908 1167 2972 τοῦτον
1189 2907 1247 2970 τοῦ
1269 2906 1354 2972 θεοῦ
1377 2903 1453 2970 υῖὸν

223 2999 280 3085 σάγ
310 2999 537 3090 ὁμολογοῦσιν.
583 3005 655 3072 ἔστι
686 3008 722 3072 δὲ
750 3008 848 3072 τοῦτο
877 3006 935 3090 τῆς
956 2993 1118 3090 ἀληθείας
1140 2999 1286 3090 ἀγνωσία
1306 3003 1363 3070 καὶ
1383 3007 1453 3074 τιῦν

222 3109 329 3170 θείων
358 3110 494 3192 γραφῶν
523 3102 669 3190 ἀπειρία.
716 3105 745 3174 εἰ
772 3103 833 3192 γὰρ
863 3101 949 3184 ὅλως
972 3100 990 3170 ὁ
1011 3105 1094 3186 θεὸς
1115 3105 1225 3195 πατήρ
1248 3105 1320 3172 ἐστι
1340 3104 1451 3191 λόγου,

224 3201 315 3270 διατί
340 3204 385 3292 μὴ
403 3204 470 3273 1καὶ
491 3201 510 3272 ό
534 3211 545 3247 ‘¹
552 3207 752 3292 γεννώμενος
774 3205 845 3284 υἱός
867 3205 974 3288 ἒστινς
1008 3206 1079 3286 υἱὸς
1101 3207 1138 3274 δὲ
1159 3206 1262 3274 πόλιν
1283 3211 1342 3274 τοῦ
1364 3211 1452 3275 θεοῦ

222 3311 273 3384 τίς
300 3298 340 3370 ἀν
372 3307 437 3394 εἴη,
469 3301 649 3395 ἢόλόγος
671 3304 791 3390 αὐτοῦ,
822 3306 959 3396 καὶγὰρ
983 3301 1021 3375 οὐ
1043 3308 1166 3376 πολλοὶ
1188 3308 1295 3394 λόγοι,
1325 3308 1382 3376 ἵνα
1401 3308 1450 3396 μὴ

223 3405 359 3485 ἕκαστος
382 3407 491 3496 ἐνδεὴς
513 3398 559 3497 “ᾗ,
584 3403 669 3476 ἀλλὰ
691 3406 739 3490 εἷς
762 3405 779 3476 ό
801 3409 906 3496 λόγος,
930 3411 986 3480 ἵνα
1007 3410 1133 3489 τέλειος
1153 3410 1255 3496 μόνος
1270 3405 1378 3492 αότός,
1395 3407 1453 3478 καὶ

223 3501 276 3573 ὅτι
298 3507 370 3586 ἑνὸς
392 3505 488 3589 ὅντες
509 3513 567 3577 τοῦ
589 3513 674 3578 θεοῦ
695 3518 776 3596 μίαν
799 3512 866 3579 ἔδει
887 3511 943 3580 καὶ
964 3511 1022 3597 τὴν
1035 3509 1142 3578 εἰκόνα
1154 3507 1240 3578 εἶναι
1250 3508 1361 3591 αὐτοῦ,
1377 3508 1451 3598 ἥτις

223 3607 313 3676 ἐστὶν
336 3605 354 3676 ὁ
378 3609 457 3688 υἱός.
502 3609 640 3698 καὶγὰρ
664 3610 681 3680 ό
704 3618 763 3680 τσῦ
788 3617 869 3680 θεοῦ
891 3612 972 3695 υῖός,
996 3609 1042 3692 ὡς
1064 3613 1099 3694 ἐξ
1120 3608 1227 3680 αὐτῶν
1248 3616 1315 3682 τιῦν
1329 3609 1450 3699 λογίων

224 3709 296 3778 ἐστὶ
321 3717 464 3796 μαθεῖν,
494 3707 594 3792 αὐτός
623 3713 712 3782 ἔστιν
740 3711 759 3781 ό
788 3719 847 3784 τοῦ
875 3719 959 3784 θεοῦ
987 3714 1085 3802 λόγος
1106 3713 1162 3784 καὶ
1182 3709 1201 3803 ἦ
1225 3721 1331 3803 σοφία
1351 3710 1450 3800 καὶὴ

225 3812 319 3881 εἰκὼν
340 3810 396 3912 ναὶ
417 3809 437 3899 ἡ
458 3813 528 3901 χεὶρ
550 3814 605 3881 καὶ
626 3811 646 3900 ἡ
669 3815 822 3901 δύναμις·
846 3820 880 3886 ἓν
901 3817 962 3905 γάρ
985 3814 1109 3884 ἔστιτὸ
1124 3819 1183 3884 τοῦ
1197 3820 1282 3884 θεοῦ
1297 3822 1448 3904 γέννημα,

294 4087 318 4148 1)
337 4089 404 4139 Ισεο.
426 4089 465 4150 10,
486 4089 526 4139 30.
597 4087 622 4148 2)
641 4089 705 4138 Ιοιο,
728 4089 765 4149 14,
785 4089 808 4140 θ.

258 4235 279 4269 ι.
301 4221 357 4284 θος.
376 4214 529 4290 ὀνομάζων.
862 4217 922 4271 ἔστι
939 4216 970 4271 δὲ
987 4216 1001 4270 ὅ
1008 4215 1158 4336 [apamio
1177 4219 1225 4269 τσῦ
1235 4216 1341 4286 βιβλίου
1343 4220 1449 4302 γαῦνος

257 4287 281 4336 b.
302 4289 376 4338 Ησίιιι
395 4294 442 4340 Arii
467 4293 548 4355 operis
573 4291 682 4340 meminit
699 4289 812 4340 Socrates
862 4285 909 4338 ιιαῖ
933 4285 1006 4338 δισλε
1024 4287 1135 4356 υμίνος,
1161 4289 1218 4342 ταῖς
1235 4279 1449 4352 Σωταδεισιςᾷ-

224 4355 416 4435 ΕοείειῖιείίεοιΙ
429 4359 544 4437 ίιίιισιίιιι
563 4361 610 4437 Ιῖλ.Ι
624 4360 642 4410 Ι.
661 4373 723 4440 σεεμ,
732 4358 757 4408 9.
776 4353 813 4472 [γ.
849 4409 852 4416 ,
864 4369 951 4438 {pugn
960 4351 1165 4438 aumatium·
1176 4347 1242 4424 ὅπερ
1248 4351 1294 4406 καί
1306 4349 1374 4408 αὐτὸ
1387 4352 1449 4438 τότε
1546 4411 1547 4428 ¹

227 4421 268 4472 29.
288 4423 316 4472 εδ
346 4423 471 4487 ίίεεδιιηι]
493 4429 529 4474 lus
548 4429 642 4476 νενΙιιεε
668 4438 760 4474 ιστεσν
799 4419 814 4473 ἑ
865 4423 1016 4485 ησονσδος
1040 4423 1209 4492 ααειιηρυξιν.
1249 4427 1275 4474 ld
1293 4434 1343 4474 est:
1369 4427 1449 4476 διιειι-
1546 4455 1547 4472 ι

226 4481 813 4628 flssssss‘ffffflss'ffi'y‘ffl‘ssffl
865 4495 1449 4628 ὅλιλλιὸλλιὸῖλῦιὸιῖλρὸ“λῖ
1546 4575 1547 4582 ¹
