3122 5060
393 381 409 411 ,
524 350 632 394 emmo
648 349 690 394 m.
708 351 827 395 conum
842 309 977 396 mmm.
1290 342 1352 406 599

110 507 233 570 temet
253 498 451 578 prudentium.
495 498 538 561 De
560 519 618 580 quo
641 501 721 564 onim
742 500 809 581 quis
832 502 995 574 consultet,
1019 504 1076 566 boe
1097 505 1175 568 idem
1190 509 1438 587 prudentissume.

109 600 293 682 perpendit,
315 600 506 680 vicissimque
529 602 608 682 quod
630 603 698 682 quis
720 603 878 684 prudentis
900 605 1075 684 perpendit,
1103 607 1141 669 de
1166 610 1224 672 boc
1246 611 1351 672 eodem

111 701 269 764 consultet
290 710 320 763 et
341 701 493 764 deliberat
538 703 614 766 ilinc
641 703 690 766 illa
713 704 848 768 Salvator
877 709 982 769 mutui
1003 706 1081 768 iuter
1104 727 1137 770 se
1160 711 1276 772 ratione
1298 730 1350 772 ve-

110 803 172 866 luti
195 821 332 882 germane
354 803 444 866 simul
465 804 512 866 bis
534 805 635 866 verbis
658 805 821 886 copularit:
846 806 944 870 Meum
966 819 1012 870 cst
1035 809 1193 873 consilium
1214 823 1243 874 et
1264 827 1436 882 secu-rere
1464 843 1474 860 ·

112 907 214 976 ritus,
248 923 314 967 meu
347 916 391 968 est
419 908 603 986 prudentio,
631 926 698 971 meo
727 919 772 971 est
799 909 962 988 sororum.
1007 909 1081 971 Nam
1104 919 1137 974 ut
1157 912 1299 976 lentitudo
1323 922 1353 976 et

114 1003 264 1068 securitas
288 1006 366 1068 idem
390 1015 443 1081 est,
468 1026 535 1070 curn
558 1009 660 1070 eedem
684 1009 724 1070 sit
745 1009 840 1072 virtus
863 1020 892 1071 et
914 1011 1058 1091 potentin,
1081 1013 1121 1074 its
1140 1012 1218 1075 idem
1234 1023 1264 1077 et
1277 1033 1351 1095 pru-

113 1106 217 1190 dentis
242 1115 271 1168 et
293 1109 466 1182 consilium,
496 1128 570 1189 quse
598 1110 663 1189 ipse
685 1109 830 1173 Dominus
854 1121 910 1174 est.
954 1112 991 1176 st
1014 1114 1119 1176 nolunt
1139 1115 1223 1195 impii
1244 1115 1352 1178 Filium
1380 1161 1384 1170 ι

114 1207 248 1270 Verbum
272 1218 301 1270 et
321 1210 424 1272 vivens
446 1211 604 1277 consilium
628 1231 706 1286 esse,
729 1213 783 1276 sed
798 1214 997 1292 prudentiam,
1014 1214 1171 1278 consilium
1187 1225 1216 1280 et
1229 1217 1350 1297 sopien-

112 1309 191 1372 tism
223 1310 303 1372 velut
329 1311 463 1373 bsbitum
492 1313 638 1391 quendum
660 1313 723 1374 Deo
751 1314 881 1376 bumeoo
912 1335 997 1378 more
1019 1318 1108 1379 modo
1132 1318 1238 1382 adesse
1259 1319 1350 1382 modo

114 1410 380 1492 abesse-fingunt,
411 1426 590 1494 omnemque
613 1414 741 1495 lapidem
763 1425 900 1490 movent,
929 1437 964 1480 sc
986 1417 1131 1481 Valentini
1153 1421 1352 1501 praetendunt

114 1512 328 1592 cogitationem
357 1523 387 1575 et
414 1515 612 1588 voluntatem,
645 1535 680 1578 es
709 1524 822 1580 tantum
845 1527 960 1592 mente,
989 1527 1023 1580 ut
1043 1519 1150 1582 Filium
1172 1526 1352 1601 soporenta

112 1613 217 1688 Putre,
240 1633 295 1678 neo
316 1616 473 1696 proprium
496 1616 579 1678 illum
601 1617 699 1680 Patris
723 1617 868 1694 Verbum,
899 1619 953 1682 sed
975 1639 1039 1682 rem
1062 1631 1190 1684 mestum
1212 1641 1282 1685 esse
1304 1624 1349 1685 la-

112 1723 245 1778 teontur.
290 1715 370 1780 llaec
396 1718 496 1798 itsqne
524 1719 592 1780 iDos
615 1719 717 1781 sudire
740 1722 878 1784 convenit
900 1722 1007 1784 similis
1028 1723 1094 1797 bis,
1124 1742 1198 1803 quse
1221 1724 1291 1786 olim
1315 1723 1351 1799 sd

113 1817 272 1882 Simonem
293 1817 409 1900 ldsgum
431 1821 508 1884 diets
532 1813 618 1882 sunt:
648 1821 790 1902 lmpietss
813 1823 960 1886 Valentini
982 1824 1134 1887 vobiscum
1158 1826 1198 1888 sit
1219 1825 1250 1886 iu
1272 1826 1351 1887 inte-

112 1918 219 1982 ritum.
265 1919 401 2000 Quisque
423 1929 523 1984 sutem
546 1920 701 1984 Salomoni
723 1924 825 2003 potius
849 1925 951 1986 credst
972 1925 1100 1994 Verbum
1124 1926 1299 2006 sapientiam
1322 1933 1353 1987 et

110 2021 305 2102 prudentium
339 2041 407 2084 esse
438 2022 566 2097 dicenti,
600 2023 685 2086 cuius
714 2024 789 2087 boec
810 2024 951 2087 nimirum
973 2035 1043 2088 sunt
1064 2025 1170 2088 verbs:
1202 2026 1350 2088 Dominus

113 2127 268 2204 supientia
295 2125 441 2203 fundauit
463 2137 596 2198 terrum,
626 2137 656 2188 et
677 2125 776 2190 coelos
798 2131 832 2190 in
852 2127 1020 2207 prudentio
1039 2131 1175 2216 perunit.
1219 2126 1258 2189 Ut
1279 2145 1350 2188 vero

111 2222 167 2286 bio
195 2223 294 2286 coelos
324 2223 354 2284 io
382 2223 557 2305 prudentie,
588 2226 628 2288 iu
658 2227 689 2288 in
711 2227 839 2290 Psalmis
862 2228 959 2292 Verbo
982 2229 1101 2291 Domini
1124 2231 1257 2290 lirmstos
1281 2247 1351 2290 esse

112 2325 236 2389 dicitur.
281 2325 319 2388 Ut
348 2344 441 2406 porro
471 2327 568 2389 Verbo
603 2328 676 2390 eseli
709 2329 818 2390 firmati
845 2337 932 2403 suot,
967 2330 1012 2392 sic
1041 2348 1234 2410 quaecuuque
1258 2329 1351 2392 voluit

112 2427 204 2503 tecit,
235 2435 266 2490 et
293 2436 326 2490 ut
345 2427 507 2508 Apostolus
535 2428 572 2490 nd
601 2429 889 2494 Thessalonicenses
918 2430 1037 2492 scribit:
1071 2430 1216 2494 Voluntas
1239 2429 1298 2492 Dei
1318 2435 1351 2494 in

114 2527 334 2598 utrumme
356 2541 412 2592 est.
456 2529 550 2608 igitur
564 2529 617 2592 Dei
631 2530 723 2592 Filius
746 2530 811 2610 ipse
834 2539 882 2592 est
903 2529 1031 2592 Verbum
1055 2537 1085 2592 et
1107 2531 1262 2611 sapientis,
1283 2531 1349 2610 ipse

51 2633 91 2674 '-
111 2631 274 2711 prudentie
307 2638 337 2693 et
368 2631 471 2694 virens
504 2640 551 2694 est
579 2631 755 2705 consilium,
790 2632 930 2712 usquein
953 2631 1270 2694 eovoluntssl’stris
1293 2639 1348 2692 est.

113 2732 185 2814 lpse
207 2729 333 2808 reritni,
362 2733 414 2794 lux
443 2741 474 2794 et
495 2733 588 2796 virtus
611 2740 659 2794 est
680 2732 788 2795 Putris.
833 2733 922 2806 Quod
944 2734 971 2794 si
993 2733 1130 2795 voluntas
1152 2731 1206 2793 Dei
1229 2739 1276 2794 est
1297 2749 1347 2793 se·

110 2833 228 2914 pientio
250 2841 280 2896 et
301 2835 474 2914 prudentis,
498 2835 524 2898 si
547 2836 618 2896 item
640 2833 733 2904 Filius
755 2835 821 2916 ipse
843 2835 885 2896 sit
905 2835 1065 2915 sapientie,
1087 2833 1177 2913 igitur
1199 2832 1249 2913 qui
1272 2851 1347 2895 con-

112 2935 214 2998 tendit
233 2935 339 3000 Filium
367 2937 518 3000 voluntate
544 2938 654 2999 lactum
683 2955 768 3011 esse,
796 2936 877 3001 idem
906 2936 1029 2998 omnino
1053 2943 1099 2998 est
1120 2955 1155 2998 se
1175 2935 1202 2998 si
1223 2934 1346 3020 diceret,
1407 3017 1411 3031 ι
1504 2962 1508 2974 ·

114 3035 300 3118 Sapientiam
321 3038 352 3099 in
374 3039 520 3119 sepientis
544 3041 649 3100 lsotsm
672 3057 757 3113 esse,
786 3037 943 3100 etlilium
972 3037 1085 3100 insilio
1108 3055 1178 3100 esse
1200 3037 1351 3112 ellectum,

113 3157 153 3202 nc
173 3137 303 3202 Verbum
326 3140 523 3232 perverbum
546 3148 676 3202 ereetum
699 3157 787 3216 esse;
810 3159 885 3220 quse
906 3139 1082 3220 utiqueDeu
1098 3139 1266 3219 divinisque
1281 3138 1348 3200 eius
1428 3143 1431 3150 '

113 3239 279 3321 Scriptruis
302 3240 427 3304 monime
448 3249 624 3324 repugnant.
668 3241 827 3305 Enimuero
842 3241 1005 3322 Apostolus
1026 3239 1133 3329 Filium
1155 3259 1216 3304 non
1239 3240 1347 3304 volun·

112 3341 205 3418 tutis,
234 3341 287 3403 sed
309 3342 465 3422 proprium
485 3351 627 3422 poterone
650 3347 772 3406 ustume
795 3343 986 3424 splendorem
1010 3351 1040 3406 et
1061 3344 1184 3424 ligurem
1209 3361 1278 3406 esse
1300 3342 1348 3404 bis

112 3443 219 3507 verbis
240 3445 405 3524 praedicnt:
434 3445 500 3520 Qui
527 3465 592 3508 cnm
615 3451 656 3509 sit
678 3446 824 3526 splendor
844 3446 962 3530 ploriue
984 3456 1014 3508 et
1034 3446 1138 3526 fipuro
1160 3447 1350 3510 substantioe

113 3551 192 3630 pius.
236 3546 269 3608 Si
291 3563 372 3626 ergo,
396 3555 429 3608 ut
451 3545 705 3626 supradiximus,
727 3554 850 3626 peterse
873 3553 979 3610 netum
1001 3555 1032 3608 et
1054 3545 1219 3608 substantio
1242 3563 1278 3632 ex
1292 3562 1348 3604 vo-

99 3635 229 3710 'lunum
250 3666 311 3710 non
335 3658 391 3722 est,
413 3648 507 3728 liquet
528 3667 626 3728 neque
648 3649 694 3723 id,
718 3649 799 3730 quod
821 3659 963 3728 poterone
985 3646 1170 3732 substantioe
1191 3644 1348 3724 proprium

113 3835 138 3884 1.
175 3836 204 3884 m
221 3835 294 3885 ceteri
313 3842 337 3885 et
352 3835 408 3886 editi
423 3825 643 3902 ἐστερεώθησαν·
664 3824 707 3881 oi-
759 3834 816 3885 editi
843 3833 893 3894 τῆς
919 3824 1014 3885 οὐσίας
1041 3830 1091 3894 τῆς
1118 3827 1258 3898 πατρικῆς.
1296 3825 1348 3878 lior

112 3915 154 3950 τω
173 3895 265 3951 πάντα
283 3893 343 3951 toa.
381 3903 473 3952 lbidem
516 3911 554 3952 ost
575 3893 707 3961 ἠθέλησεν
758 3903 815 3964 Reg.
836 3902 857 3950 t.
883 3911 906 3951 et
929 3905 1029 3978 segner.
1053 3893 1104 3979 3⁶⁷
1126 3891 1188 3948 olor
1209 3888 1345 3975 papium.

111 3971 173 4034 Dsg.
185 3971 206 4020 l.
225 3979 248 4020 et
257 3971 358 4033 Seguer.
368 3974 481 4022 omittunt
498 3985 512 4018 o
530 3962 623 4039 κύριος
640 3969 706 4035 quod
758 3970 836 4019 Ceteri
855 3978 878 4020 et
897 3969 954 4019 editi
972 3983 1022 4016 τον
1037 3981 1134 4033 sopior
1150 3977 1283 4033 κηρυττει.

113 4039 138 4089 in
157 4039 213 4090 eliis
231 4047 255 4088 ct
273 4040 343 4088 editis
362 4040 456 4101 legitor.
791 4039 813 4088 lr.
833 4039 874 4088 Sic
886 4039 943 4101 neg.
956 4037 977 4086 l.
988 4037 1087 4097 Seguer.
1100 4031 1348 4109 Gobler.et·Felcim.

148 4121 172 4170 g.
192 4107 232 4156 Slo
251 4107 306 4169 neg.
328 4106 349 4156 l.
374 4109 474 4168 Seguer.
492 4105 584 4168 duplic.
604 4105 704 4157 Dobler.
758 4105 781 4154 l.
817 4109 846 4153 ,ιι
867 4106 908 4155 olii
933 4115 956 4154 er
981 4105 1038 4154 editi
1057 4096 1093 4156 dc
1109 4099 1348 4180 r'rpoeirrop.'lbrd.

113 4183 138 4224 et
155 4174 310 4224 Felclmsnoi
331 4174 352 4224 l.
371 4182 442 4238 utque
461 4175 492 4224 its
512 4176 570 4234 lepit
587 4175 703 4224 Nunnius.
757 4173 812 4234 lter.
826 4165 1345 4246 l.etSegoer.lsssouir1ueucooxsorop.

113 4242 293 4292 brustemio
312 4242 429 4292 Commcl.
448 4231 502 4305 ὅρα
517 4235 555 4307 μὴ
575 4234 590 4289 ὁ
608 4237 703 4306 Myon.
758 4239 831 4291 Desii.
858 4240 957 4292 Goblur.
975 4240 1080 4289 Felctm.
1101 4239 1122 4287 l.
1141 4246 1165 4287 et
1182 4236 1238 4312 lter,
1258 4233 1282 4312 D.
1301 4245 1350 4282 onst

149 4310 173 4358 b.
193 4309 249 4372 fleg.
270 4310 291 4360 l.
317 4310 417 4371 Seguer.
443 4310 515 4359 Desii.
533 4310 622 4370 duplic.
640 4299 704 4374 παρ’
756 4299 1051 4370 ἒκβουλήσιύςέστιν.
1085 4303 1349 4366 Διίἰοιοιιιιιουρου-

114 4367 207 4427 circi.
244 4378 324 4428 Ceteri
342 4384 366 4426 et
384 4377 440 4428 editi
457 4369 521 4442 παρ’
542 4369 626 4440 αὐτῷ.
654 4377 706 4426 ιιοι
756 4367 858 4434 &orde
875 4367 942 4425 luri.
977 4375 1030 4454 llos
1047 4372 1138 4452 Demi.
1156 4373 1256 4435 Segsor.
1276 4369 1347 4447 Gobl.

112 4445 173 4508 Deg.
192 4445 214 4495 l.
239 4452 263 4497 et
278 4447 381 4508 sepner.
402 4439 449 4492 καὶ
470 4439 525 4510 γὰρ
543 4438 590 4491 καὶ
606 4437 621 4490 d
639 4435 706 4492 uind-
757 4443 1102 4495 conterminum.
1145 4441 1179 4490 De
1197 4475 1203 4489 .
1223 4437 1246 4489 2.
1273 4437 1349 4514 Desrl3

115 4507 218 4566 mehr·
240 4514 285 4575 stit
299 4523 323 4564 ot
334 4515 390 4564 editi
400 4507 447 4562 uui
453 4513 574 4578 posterius
584 4512 705 4562 omittunt.
756 4512 847 4574 boulir.
865 4510 1006 4561 fulciunt.
1025 4517 1049 4561 et
1064 4511 1089 4562 ὅ.
1108 4501 1145 4563 sle
1162 4501 1233 4558 nudi.
1268 4506 1348 4557 Cotem

149 4584 165 4631 i.
189 4583 230 4632 Sic
248 4582 305 4643 lies.
319 4580 341 4632 l.
360 4589 383 4631 et
400 4581 542 4644 Segouesum.
575 4581 604 4630 u
622 4579 663 4629 ulii
681 4587 706 4630 et
757 4589 781 4631 et
798 4580 855 4632 editi
873 4569 918 4630 tu
934 4570 1005 4630 odet.
1116 4623 1125 4632 .
