3118 5052
499 357 608 402 oaarro
623 357 656 400 n.
672 357 788 400 conans
802 359 940 405 insanos.
1189 380 1194 390 ·
1257 345 1316 410 371

91 527 189 572 secum
212 504 270 590 ipsi
293 506 418 570 invicem
441 507 613 588 confligunt
657 508 745 571 Modo
773 509 851 572 enim
874 511 1042 593 complures
1064 529 1133 573 esse
1157 513 1406 594 captennacum.

89 619 279 683 asseverant,
307 609 397 672 modo
427 628 516 672 unam
543 609 694 672 dederant
726 629 810 686 esse,
843 613 933 674 morlo
961 633 1029 676 cum
1058 631 1146 676 eruca
1174 614 1321 678 collocant

88 712 274 794 sapientiam,
297 711 387 774 modo
410 729 475 774 eam
499 711 588 774 simul
610 731 677 775 cum
692 712 779 774 Patre
802 713 928 776 existere
943 714 1154 795 propriamque
1169 716 1233 782 eius
1249 735 1319 780 esso

89 817 227 888 latentur,
249 813 340 876 modo
364 813 461 876 solum
482 814 602 878 Patrem
624 815 735 878 docent
755 817 945 878 non-lactum
968 835 1050 891 esse,
1071 817 1161 880 morlo
1184 817 1318 885 eiusdem

90 915 267 997 sapientiam
289 933 324 978 ac
345 915 482 980 virtutem
505 918 693 980 non-tactam
715 936 834 997 quoque
857 937 925 981 osse
947 919 1122 981 concedunt.
1154 918 1247 982 Nobis
1264 917 1319 982 Ilei

90 1017 218 1080 l'erhum
239 1035 360 1098 semper
380 1036 451 1080 esse
473 1017 687 1081 affirmantibus
717 1029 884 1100 repugnant
910 1019 951 1082 illi
980 1019 1115 1100 quidem,
1146 1019 1199 1084 sen
1228 1021 1326 1109 iirlern¹

89 1129 184 1182 tamen
212 1119 351 1200 propriae
379 1119 544 1182 sentcntiae
573 1119 656 1182 obliti
687 1121 868 1201 Sapientiam
897 1121 985 1186 simul
1012 1141 1079 1184 cunr
1106 1121 1168 1184 Deo
1191 1121 1321 1188 existere

89 1239 143 1283 nec
170 1223 276 1284 facum
305 1240 375 1284 esse
402 1223 602 1285 consentiunt.
646 1215 697 1284 lta'
718 1221 759 1284 illi
787 1223 818 1285 in
847 1223 987 1286 omnibus
1007 1223 1143 1288 laborant
1164 1221 1324 1301 vertiqms,

90 1341 217 1404 veraque
236 1319 346 1386 reiecti
369 1323 518 1405 Sapientia
541 1324 643 1399 aliano¹
667 1342 743 1406 quae
764 1325 842 1388 nulla
866 1333 923 1400 est,
946 1326 1122 1406 excogitant,
1145 1343 1205 1388 non
1228 1341 1318 1390 eacus

88 1444 122 1486 ac
135 1424 304 1500 Manichaei,
327 1426 498 1507 quilleum‚
522 1427 571 1508 qui
594 1445 663 1490 rere
686 1437 743 1500 est,
765 1436 907 1506 negantes
930 1427 1019 1490 chum
1041 1427 1099 1492 sihi
1121 1426 1178 1510 ipsi
1193 1426 1318 1506 lingunt.

174 1531 225 1590 ll.
267 1527 377 1590 Verum
399 1529 519 1592 audiant
541 1548 606 1591 cum
622 1529 785 1592 Manichaei
807 1537 870 1592 turn
893 1529 941 1592 alii
963 1529 1114 1604 haeretici,
1135 1547 1226 1592 uuum
1249 1544 1346 1591 esso·
1441 1591 1447 1601 ,
1545 1561 1548 1568 =

87 1627 197 1690 Christi
212 1629 340 1702 Patrem,
364 1629 536 1710 quinarum
559 1640 723 1692 creatarum
746 1630 885 1694 dominus
907 1642 952 1694 est
975 1640 1005 1694 et
1026 1632 1149 1696 effector
1171 1649 1226 1712 per
1242 1647 1317 1714 pro-

85 1729 184 1808 prium
208 1730 346 1794 Verbum.
389 1731 516 1796 Audiant
537 1752 608 1795 vero
630 1731 782 1812 speciatim
810 1732 926 1806 Ariani,
955 1751 1047 1795 unum
1076 1751 1145 1796 csse
1165 1730 1220 1796 Ilei
1241 1733 1317 1794 Ver-
1362 1785 1371 1801 .

85 1831 172 1906 hom,
209 1817 367 1914 ipsumque
399 1835 514 1909 solum,
546 1833 701 1914 proprium
726 1829 760 1895 'et
787 1835 949 1913 genuinum
979 1853 1014 1896 ex
1048 1833 1181 1896 eiusdem
1212 1841 1319 1898 namra

85 1943 186 1998 ortum
207 1934 315 1998 Filium
338 1955 421 2011 esse,
444 1945 532 2017 atque
553 1936 734 2004 individuam
756 1935 917 1998 diuinitatis
940 1953 1005 1998 cum
1028 1955 1085 1998 suo
1107 1935 1194 1997 Patre
1216 1936 1316 1998 unita-

85 2045 143 2100 tem
175 2036 303 2112 hahere,
335 2039 378 2102 uti
408 2057 498 2120 saepe
525 2039 669 2112 diximus,
702 2039 791 2119 idque
819 2037 856 2101 ab
883 2037 952 2118 ipso
974 2037 1131 2100 didicimus
1153 2035 1316 2100 salvatore.

83 2137 225 2218 Alioquin
248 2137 274 2200 si
296 2158 357 2203 non
379 2140 420 2203 ita
442 2141 498 2214 sit,
527 2159 618 2220 quare
640 2141 814 2220 peripsum
837 2150 917 2202 creat
938 2138 1041 2214 Pater,
1076 2155 1168 2218 seque
1195 2137 1225 2200 in
1247 2137 1315 2218 ipso

84 2240 195 2318 quihus
217 2241 343 2304 volucrit
369 2243 522 2322 patefacit,
557 2242 685 2322 illosque
714 2240 882 2304 illuminat?
924 2239 977 2302 Vel
998 2259 1090 2320 quare
1111 2241 1142 2302 iu
1164 2239 1316 2320 Baptismo
1428 2315 1435 2328 ⁶

83 2345 141 2404 ona
164 2361 232 2404 nrm
255 2342 342 2406 Patre
362 2343 535 2406 nominatur
555 2343 671 2406 Filius?
692 2343 764 2406 Nam
788 2343 814 2406 si
829 2343 1040 2424 respondeant,
1062 2342 1179 2406 Patrem
1193 2339 1316 2406 minime
1359 2356 1368 2386 ·
1409 2373 1415 2384 ·

82 2445 234 2518 sulficere,
257 2445 347 2526 impia
369 2454 417 2508 est
437 2426 606 2526 responsio.
652 2445 683 2506 Si
705 2464 775 2507 vero
800 2445 937 2508 sufficere
960 2443 1090 2518 dicatur,
1113 2444 1191 2524 quod
1214 2443 1316 2523 utiquo
1351 2493 1358 2508 .

83 2547 127 2608 las
158 2555 209 2607 est
236 2547 351 2623 dicere,
385 2547 455 2627 qnid
487 2565 600 2627 quaeso
628 2566 704 2626 opus
733 2555 780 2610 cst
806 2547 881 2610 Filio
906 2547 968 2608 sire
992 2547 1022 2608 in
1044 2563 1145 2606 rarum
1167 2545 1318 2608 creatione

81 2647 145 2710 sire
169 2648 202 2710 in
225 2655 331 2710 sancto
352 2641 492 2712 lauacro?
513 2649 612 2729 Ecqua
636 2649 714 2710 enim
737 2649 781 2709 rei
804 2655 920 2710 creatae
942 2663 1008 2708 cum
1025 2645 1165 2708 Creatorc
1178 2662 1318 2706 commu-

60 2748 188 2812 nitas?
217 2752 275 2811 Aut
296 2768 387 2830 quare
408 2751 447 2824 id,
471 2751 551 2831 quod
574 2751 682 2812 lactum
706 2757 762 2822 est,
786 2767 851 2811 cum
874 2749 942 2828 ipso
966 2747 1106 2808 ellectore
1128 2743 1317 2824 coniungitur

80 2849 111 2909 in
135 2849 273 2913 omnium
295 2851 485 2916 initiatione?
507 2851 559 2914 Vel
581 2870 633 2914 cur
654 2850 771 2912 modom
794 2849 868 2912 tides
891 2848 1060 2912 secundum.
1075 2867 1129 2910 ros
1152 2846 1318 2910 innomine

82 2952 174 3016 unius
198 2953 348 3016 Creatoris
370 2954 519 3034 uniusque
540 2953 584 3016 rei
608 2959 722 3015 creatae
746 2950 892 3014 traditur?
936 2950 968 3014 Si
991 2950 1070 3038 enirn
1092 2947 1121 3010 id
1145 2948 1184 3012 ita
1205 2949 1253 3022 nt,
1283 2955 1319 3010 ut

80 3073 152 3117 carm
175 3055 328 3118 divinitate
350 3055 573 3136 coniungamur‚
597 3055 668 3136 quid
690 3073 723 3115 re
746 3061 843 3116 creata
866 3072 943 3134 opus
959 3050 1028 3114 est?
1051 3051 1178 3124 Slvere,
1200 3057 1315 3114 utcum
1408 3093 1421 3112 f

77 3155 171 3232 Filio,
195 3157 246 3236 qui
267 3177 317 3220 res
339 3165 396 3221 est,
406 3166 520 3233 creata,
544 3159 677 3220 ineamus
699 3157 887 3230 societatem,
910 3153 1053 3217 inutiliter
1075 3151 1238 3216 secundum
1259 3169 1401 3218 resnsoa.

77 3259 149 3322 Filii
174 3277 284 3322 nomeu
307 3259 463 3323 adhibetor
485 3260 515 3321 in
538 3259 706 3341 Baptism03
738 3258 884 3338 siquidem
906 3257 1004 3330 Deus,
1032 3253 1082 3335 qui
1104 3252 1210 3318 Filium
1232 3253 1315 3316 illum
1416 3251 1424 3266 '

79 3360 195 3435 eltocit,
218 3379 275 3422 nos
297 3381 417 3443 qnoque
438 3361 575 3424 similiter
596 3361 673 3426 lilios
695 3368 798 3439 potest
818 3359 946 3422 efficere.
992 3357 1177 3436 Quamquam
1195 3353 1316 3419 sitilitrs

76 3481 129 3524 res
154 3471 254 3524 ereata
283 3470 347 3538 est,
381 3481 447 3526 oum
477 3481 577 3525 rerum
606 3469 786 3534 creatarum,
820 3479 896 3542 quae
923 3459 1039 3522 ratione
1061 3465 1132 3520 sunt
1153 3455 1317 3544 praeditae,

76 3715 203 3766 Commsl.
218 3707 263 3765 tn
277 3705 316 3771 ch·
327 3707 404 3767 ἔστιν
415 3710 429 3765 ὅ
442 3715 493 3768 rori
503 3715 572 3766 θεοῦ
583 3709 673 3782 λόγος,
760 3717 777 3766 i.
790 3715 894 3766 lelclm.
906 3713 931 3764 t.
941 3721 965 3762 st
977 3713 1033 3762 editi
1045 3703 1084 3764 eis
1092 3704 1211 3767 κτίστην.
1236 3707 1316 3786 ceteri

74 3775 91 3830 ὅ
109 3777 204 3850 μόνος
220 3793 267 3836 etc
285 3785 435 3839 intermediis
452 3787 558 3836 omissis.
728 3799 786 3834 mss.
807 3776 846 3835 εἰς
867 3773 917 3830 ἕνα
940 3775 1061 3839 κτίστην.
1095 3777 1156 3827 lhirl.
1174 3777 1315 3854 Segregatis.

112 3853 131 3900 l.
161 3851 303 3915 Saguenan.
320 3845 393 3919 ἔχων
409 3847 479 3918 πρὸς
496 3847 545 3900 τὸν
561 3848 675 3918 πατέρα.
726 3851 817 3913 tnqlic
842 3849 940 3900 Gohlar.
965 3847 1070 3898 Felclrm.
1091 3845 1113 3895 1.
1132 3852 1155 3893 et
1172 3843 1197 3894 4.
1214 3853 1261 3890 και
1278 3853 1319 3894 ros

75 3919 164 3970 Ceteri
189 3927 213 3970 at
236 3921 294 3972 editi
312 3911 384 3988 ἔχων
400 3915 452 3981 τὴν
468 3914 539 3990 πρὸς
556 3915 607 3970 tir
623 3933 675 3969 rre-
727 3913 758 3968 lv
774 3911 883 3984 κτίσμα.
919 3915 981 3966 Εᾱίιί
1003 3909 1050 3962 acl
1072 3905 1104 3962 tv
1118 3905 1233 3976 strepa.
1262 3907 1318 3958 llos

73 3981 156 4054 “Q“-
728 3988 827 4050 Sequer.
851 3985 907 4048 neg.
931 3983 1021 4044 Augila.
1046 3979 1143 4032 Gohler.
1169 3977 1273 4028 Felclrm.
1293 3975 1316 4025 1.

109 4071 135 4116 g.
164 4055 207 4105 Sic
229 4057 331 4119 Seston
349 4055 406 4118 itaq.
425 4062 449 4106 et
466 4055 570 4106 Felctnr.
590 4055 614 4105 t.
651 4055 676 4106 ln
729 4063 753 4104 et
778 4055 801 4104 5.
838 4047 1037 4116 συναφθῶμεν.
1082 4045 1161 4123 Ceteri
1189 4051 1213 4094 et
1237 4043 1316 4094 erlino

73 4121 134 4172 aliis
156 4129 184 4172 et
201 4123 272 4174 oditis
289 4115 320 4172 tr
337 4123 413 4174 deest.
448 4122 508 4174 lblrl.
528 4123 633 4174 Felsina.
652 4124 676 4173 t.
729 4119 847 4173 coronel.
873 4115 1049 4183 coopertos.
1086 4111 1147 4190 llrnl.
1170 4111 1277 4190 Sequor..
1293 4118 1318 4190 5²

71 4199 96 4240 et
116 4191 144 4242 5.
170 4189 210 4256 τῷ
226 4185 312 4255 πατρ1
328 4185 375 4239 ael
393 4183 408 4239 i
425 4182 491 4243 olis.
729 4189 834 4238 Felclm.
858 4187 884 4238 t.
907 4180 948 4238 sis
965 4177 1056 4252 χρεία.
1092 4179 1137 4229 ΑΙιι
1161 4186 1184 4232 et
1201 4179 1257 4229 earo
1277 4190 1318 4232 trs

107 4259 135 4308 lu
159 4257 314 4322 SicSegoer.
328 4261 385 4322 llas.
395 4257 466 4310 nott.
476 4257 582 4309 ielclrnr.
593 4258 678 4308 tert.
727 4249 743 4315 ἦ
760 4247 849 4321 χρεία.

71 4327 103 4376 ht
122 4325 190 4376 editi
208 4334 231 4376 et
249 4327 290 4378 alli
307 4320 378 4393 arpis·
389 4320 510 4408 nimpe.
535 4325 678 4388 lhirl.Seqo.
763 4327 785 4372 tr.
805 4324 905 4382 Sequor.
918 4309 1000 4378 οὔσης
1016 4306 1194 4398 crispeiensis.
1217 4311 1316 4366 llolrlor.

70 4394 155 4444 seen.
178 4393 235 4457 ner.
254 4403 279 4445 et
293 4395 399 4446 Felchm.
418 4395 445 4446 t.
465 4409 480 4452 rr
499 4387 583 4442 dmi.
619 4383 679 4452 1ιῆ
729 4389 885 4441 Felclrmruni
905 4387 971 4468 1.,οι
988 4385 1012 4436 h
1031 4395 1114 4463 opens
1130 4393 1179 4442 cqc
1195 4373 1316 4434 solocem.

71 4463 150 4512 abest
182 4461 211 4511 ab
234 4461 289 4513 aliis
307 4471 332 4514 et
348 4463 454 4513 editions
472 4461 591 4514 coronel.
626 4461 680 4511 nox
728 4459 791 4508 Editi
810 4465 834 4506 et
851 4455 893 4506 alil
911 4464 994 4512 eooqs
1011 4463 1128 4517 φυσεοκ.
1155 4447 1318 4524 llorSequer.

71 4529 227 4608 θεμιτὴν.
247 4529 346 4582 Gobler.
365 4539 388 4582 et
406 4527 510 4584 Fclclrnr.
532 4531 554 4582 1.
572 4521 611 4584 eir
628 4521 679 4588 rip·
729 4527 826 4583 Gohler.
845 4521 1019 4602 Folclmalaet
1036 4519 1059 4599 ⁵:
1073 4511 1191 4598 'plunges
1226 4513 1319 4578 hesite-

67 4609 209 4648 παντυν.
726 4587 855 4660 γένηται..
883 4592 963 4644 cotan
981 4597 1005 4640 et
1022 4589 1079 4640 edrtr
1095 4595 1246 4661 roquirere.
1320 4633 1327 4641 ,

1059 4665 1129 4724 ar*-
