3072 5056
397 369 540 416 mucrone
555 370 594 414 nn
609 368 774 415 mmmmm
789 367 931 413 morrrru.
1225 351 1285 416 nat

88 521 169 596 alium
189 521 235 602 qui
255 519 380 594 exaudit,
402 520 492 584 alium
514 523 614 596 ritem,
637 520 725 584 alium
740 519 909 600 agricolam.
932 517 1087 598 Quotquot
1100 517 1180 582 enim
1194 519 1374 582 verberent.

87 623 173 684 lilium
192 621 272 702 quasi
291 621 418 684 alionum
440 641 456 685 a
474 623 562 685 Patre
583 621 742 695 dederant,
765 620 839 682 lraeo
853 621 890 682 ad
904 637 1023 683 carnem
1038 619 1173 694 attinem,
1197 637 1286 700 quam

86 724 166 786 nocui
183 741 265 786 unsa
285 725 420 804 gesurit
464 723 587 804 Opiflcia
617 723 727 804 quiippe
748 721 913 784 secundum
933 729 1069 784 naturam
1091 739 1109 783 a
1130 719 1192 784 ileo
1215 729 1289 784 sunt

86 825 177 887 aliona:
201 825 266 887 ideo
286 843 355 889 oum
377 845 447 889 caro
469 825 621 907 opificium
643 825 698 899 eit,
730 823 873 896 Verbera,
904 822 1001 903 quod,
1031 829 1065 884 ut
1086 823 1127 884 ait
1146 822 1286 899 loannes,

89 945 145 988 coro
162 927 270 1006 tomen
290 937 344 1001 ert,
367 925 436 990 licet
456 926 620 990 secundum
642 933 777 990 naturam
800 925 956 1006 proprium
978 923 1017 986 sit
1037 923 1118 986 Patri
1141 933 1170 988 et
1191 925 1228 990 eb
1249 941 1371 990 eornm.

89 1025 248 1102 indivisibile,
271 1035 400 1092 attamen
421 1029 448 1092 si
469 1047 539 1092 oaro
561 1035 727 1109 spectetur,
756 1028 846 1091 Pater
873 1025 981 1090 dicitur
1003 1024 1040 1088 alr
1061 1025 1113 1090 illo
1135 1035 1287 1102 remotusr

89 1145 147 1206 qnae
165 1127 236 1190 enim
258 1129 339 1192 carni
360 1130 482 1210 propria
503 1137 588 1204 sunt,
617 1130 683 1210 ipse
710 1128 847 1192 concedit
874 1135 907 1191 ut
935 1128 972 1190 de
993 1145 1027 1190 se
1049 1125 1200 1204 dicantur}
1227 1145 1286 1207 quo

85 1227 142 1291 bine
157 1228 245 1309 palem
265 1231 333 1306 dat,
362 1249 423 1292 nou
451 1231 574 1294 alterius
606 1231 660 1293 sed
683 1249 770 1294 suum
791 1229 913 1311 proprie
935 1247 1044 1308 corpus
1065 1228 1170 1292 luisse.
1214 1227 1289 1292 Cum

85 1328 165 1410 ioque
188 1331 258 1394 haec
286 1349 324 1394 eo
353 1332 442 1394 modo
471 1332 533 1394 sint
560 1331 764 1413 intelligenda,
796 1330 883 1393 citius
912 1329 1058 1392 Sabellius
1089 1330 1290 1404 conrinoeou,

83 1449 132 1492 uon
150 1451 212 1494 esse
232 1433 368 1508 Patrem,
392 1435 442 1513 qui
470 1451 538 1497 caro
566 1435 661 1496 lactus
684 1442 740 1507 est,
763 1433 818 1496 sed
840 1433 904 1496 eius
925 1431 1072 1505 Verbum,
1102 1432 1181 1511 quod
1210 1431 1288 1494 illam

83 1531 189 1595 redemit
206 1533 346 1615 Patrique
369 1534 484 1596 obtulit.
527 1535 565 1598 Et
587 1534 637 1598 ubi
659 1535 726 1615 quis
748 1533 830 1596 illum
853 1534 892 1595 ita
915 1531 1082 1614 coarguerit
1107 1551 1141 1594 ao
1161 1547 1288 1614 persua-

82 1634 155 1706 serit,
178 1635 245 1698 hinc
264 1635 455 1700 Divinitatem
483 1655 601 1717 quoque
622 1635 710 1698 Verbi
733 1636 847 1698 lacibus
871 1634 1021 1698 edocebit:
1054 1635 1153 1714 ipsum
1181 1651 1290 1715 nempe

82 1751 138 1796 esse
149 1735 270 1799 Verbum
294 1747 325 1800 et
339 1737 530 1819 Sapientiam,
552 1737 659 1800 Filium
675 1745 705 1800 et
718 1736 873 1809 Virtutem,
896 1735 1089 1814 splendorem
1111 1742 1141 1797 et
1155 1735 1288 1815 liguram.

81 1835 190 1899 Necesse
209 1839 319 1919 quippe
341 1848 389 1901 est
410 1838 468 1900 iam
490 1839 589 1901 denno
612 1837 759 1918 colligere,
782 1855 850 1900 cum
867 1837 996 1900 Verbum
1018 1836 1133 1910 existat,
1158 1844 1188 1897 et
1200 1835 1289 1898 Verbi

80 1935 179 2000 Patrem
200 1959 265 2002 csse
288 1948 438 2020 oportere,
463 1939 614 2019 Sapientia
637 1941 768 2013 comsit,
791 1939 856 2001 eius
870 1945 1024 2018 parentem
1040 1955 1120 2010 esse,
1143 1945 1173 1998 et
1186 1935 1288 2018 splen-

80 2036 124 2098 dor
141 2059 202 2102 cum
223 2042 277 2116 sit,
309 2057 378 2104 osse
402 2059 521 2122 quoque
542 2041 655 2116 lucem,
684 2049 773 2121 atque
800 2040 840 2102 ita
861 2039 979 2101 Putrem
1008 2047 1037 2100 et
1058 2037 1164 2100 Filium
1197 2055 1289 2100 unum

80 2155 142 2201 ease.

147 2344 194 2406 tt.
236 2343 320 2406 llaec
341 2362 407 2406 oum
429 2342 523 2424 probe
546 2341 637 2404 sciret
657 2339 834 2422 Dionysius,
864 2341 913 2404 illa
934 2341 1027 2404 edidit
1048 2341 1173 2420 scripta,
1202 2341 1287 2421 prio·

80 2439 199 2523 sibosque
218 2445 323 2506 verbis
338 2444 497 2508 sabellium
520 2443 709 2523 compressit,
731 2442 779 2504 his
799 2459 870 2504 vero
885 2443 1021 2506 Arianam
1037 2441 1201 2522 prosternit
1214 2441 1287 2504 hae-

78 2543 161 2606 resim.
201 2545 241 2608 Ut
262 2545 344 2608 enim
366 2546 494 2608 humana
511 2543 670 2606 Saloutaria
692 2551 761 2624 apta
776 2544 897 2606 suntad
913 2543 1073 2606 Sabellium
1089 2542 1289 2616 evertendum,

79 2661 242 2710 econverso
269 2648 303 2709 in
325 2645 522 2708 Ariomanitas
551 2663 611 2706 non
644 2663 679 2706 ex
700 2644 855 2718 humanis,
885 2645 937 2706 sed
961 2663 995 2706 ex
1018 2643 1071 2720 iis,
1104 2661 1179 2723 quae
1201 2643 1290 2704 Verbi

77 2741 244 2812 divinitatem
265 2748 416 2822 indicant,
445 2755 616 2828 argumenta
645 2751 716 2808 sunt
737 2745 914 2818 mutuanda3
942 2753 976 2806 ut
1002 2761 1041 2805 ne
1070 2743 1126 2816 illi,
1156 2761 1231 2823 quae
1253 2743 1290 2804 de

76 2844 185 2912 llomino
206 2849 347 2932 corporis
369 2869 458 2912 musa
480 2849 629 2921 dicuntur,
651 2864 740 2925 prave
755 2847 986 2926 interpretantes
1002 2843 1181 2915 existiment,
1206 2841 1289 2904 eius-

77 2947 143 3010 modi
164 2968 230 3014 esse
251 2949 393 3024 Verbum,
417 2949 519 3030 quales
541 2967 600 3012 nos
621 2947 759 3010 homines
783 2965 899 3021 sumus,
926 2965 959 3007 ac
981 2945 1101 3008 demum
1122 2945 1153 3006 in
1176 2945 1291 3008 insania

78 3066 120 3110 sna
138 3061 338 3130 perseverent.
383 3051 441 3124 Qui
464 3051 490 3114 si
512 3051 550 3113 de
570 3049 727 3112 [divinitate
750 3050 930 3122 doceantur,
961 3065 1049 3109 suum
1077 3045 1133 3126 ipsi
1157 3063 1291 3108 errorem

77 3146 279 3230 inprobabant,
305 3170 430 3233 cumque
452 3151 619 3225 didicerint,
641 3150 769 3212 Verbum
791 3169 908 3214 carnem
931 3151 1040 3210 lactum
1063 3165 1141 3222 esse,
1163 3147 1291 3210 humana

77 3249 266 3330 inposterum
288 3254 404 3316 laoilius
427 3253 611 3334 distinguent
632 3251 668 3313 ab
690 3251 742 3326 iis,
776 3271 851 3332 quae
877 3251 914 3313 ad
935 3249 1123 3312 Divinitatem
1155 3249 1289 3311 attinent.

76 3348 142 3414 llaec
160 3375 226 3418 cum
247 3357 289 3418 ite
313 3373 347 3418 se
367 3355 504 3426 habeant,
527 3352 743 3433 Dionysiusque
758 3353 925 3434 Episcopus
948 3371 985 3414 ex
1006 3349 1068 3414 suis
1090 3349 1208 3430 scriptis
1223 3350 1290 3430 pius

77 3449 280 3520 demonstratus
305 3455 360 3530 sit;
383 3455 452 3536 quid
474 3457 531 3540 iam
556 3453 648 3518 acturi
672 3461 743 3516 sunt
762 3452 986 3516 driomanitaei
1015 3453 1111 3526 Quem
1127 3451 1202 3514 ultra
1215 3451 1290 3514 falso

77 3569 198 3620 aeousare
219 3557 388 3630 audebunt,
418 3575 484 3620 oum
513 3576 551 3619 ex
576 3553 756 3636 supradictis
783 3555 929 3618 mendacii
951 3553 1076 3616 convicti
1100 3552 1185 3615 sinti
1229 3553 1291 3614 Ne-

78 3669 148 3716 cesse
167 3658 247 3720 enim
278 3665 327 3720 est
352 3657 419 3720 illos
447 3677 463 3719 a
490 3658 681 3720 lirndamento
710 3656 920 3736 Apostolorum
948 3655 1050 3736 lapsos
1080 3653 1291 3731 fluctuantique

76 3763 160 3820 mente
179 3759 334 3839 praeditos
357 3759 590 3822 sustentaculum
615 3773 768 3838 quaerero,
792 3765 909 3821 etcum
932 3775 993 3819 non
1008 3755 1167 3828 inveniant,
1189 3753 1292 3815 Patres

77 3852 102 3914 iu
125 3869 278 3936 posterum
304 3861 378 3923 laiso
407 3879 556 3924 accusare.
607 3859 665 3921 Sed
698 3877 787 3921 nemo
814 3858 873 3922 illis
904 3859 980 3922 ultra
1014 3857 1102 3919 fldem
1131 3852 1291 3924 adhibebit,

76 3955 335 4024 enumerarentur
356 3961 515 4024 calumnias
539 3977 697 4042 spargere3
719 3959 755 4022 ab
779 3961 918 4025 omnibus
941 3960 1020 4023 enim
1039 3973 1142 4020 eorum
1158 3953 1292 4016 haeresis

76 4053 196 4124 damnata
217 4071 282 4136 est;
313 4061 372 4126 nisi
393 4063 471 4126 torte
493 4061 530 4124 do
552 4061 670 4124 diabolo
693 4061 834 4144 deinceps
856 4063 1030 4142 loquantur,
1058 4059 1085 4119 is
1108 4053 1187 4118 enim
1209 4055 1293 4120 solus

104 4243 126 4320 d·
141 4246 179 4298 Sic
196 4248 255 4311 fleg.
273 4249 372 4298 taurin.
391 4249 497 4300 colbert
517 4249 562 4299 les.
580 4249 620 4300 rr.
634 4249 653 4298 l.
705 4249 776 4298 senti.
811 4248 859 4298 Sed
879 4245 966 4298 melios
985 4243 1089 4294 ellicum
1104 4241 1174 4294 editis
1190 4236 1293 4324 διφρο-

78 4307 125 4361 edrti
142 4327 196 4366 rero
213 4313 302 4364 ταῦτα
320 4330 458 4380 perperam.
704 4313 792 4364 νοῦσι.
830 4315 883 4365 llor
911 4314 967 4377 lleg.
992 4311 1065 4362 llosil.
1091 4320 1114 4363 et
1132 4309 1188 4361 editi
1207 4325 1292 4362 octor.

105 4393 124 4426 e
139 4379 237 4433 boumn.
255 4375 362 4452 ἔγραψε
374 4375 483 4451 καὶγὰρ
493 4373 581 4450 ὥςπερ
594 4373 654 4432 ‘’rvi-
705 4382 754 4432 Atti
773 4373 860 4432 odiret.
897 4379 971 4430 Penlo
990 4389 1046 4444 post
1063 4379 1160 4430 Tnario.
1185 4378 1293 4430 colbert.

81 4449 269 4508 teneremini·
286 4451 444 4503 intermediis.
481 4451 573 4503 ibidem
583 4451 653 4502 Colb.
705 4452 788 4502 lesnit.
807 4451 845 4500 Fr.
859 4449 877 4498 l.
896 4439 1004 4496 τούτων
1027 4439 1057 4496 dl
1083 4437 1171 4526 sirpo
1195 4437 1293 4496 ὄντων.

81 4508 118 4560 ltu
134 4514 169 4565 l'r.
188 4515 207 4568 l.
225 4508 244 4566 ai
262 4529 322 4568 ntor
358 4508 391 4568 're
705 4519 762 4580 neg.
780 4531 835 4569 eum
854 4517 924 4569 editis
942 4506 1093 4566 τούτωνδ’
1115 4525 1202 4567 oototr

108 4581 123 4630 l·
138 4583 193 4648 der.
210 4593 236 4636 et
245 4531 532 4654 imflammetur
546 4587 571 4637 in
580 4600 654 4654 prae·
705 4597 771 4636 των.
