3110 5064
178 341 216 403 ll
545 343 551 348 ’
692 359 865 403 rainelmo.

203 499 205 512 ’
260 507 362 586 ltaque
383 507 519 570 recensui
536 527 649 582 omnes,
672 527 747 589 quae
762 509 834 570 mihi
849 509 1051 581 innotuerunt,
1073 509 1266 572 bibliothecas
1281 517 1399 589 patrum

176 608 356 687 dogmaticas
372 627 405 668 ac
419 608 580 688 polemicas
597 619 627 670 et
641 610 751 671 diutius
767 626 853 690 qnam
866 611 895 671 in
911 611 1009 671 animo
1022 610 1192 685 habueram,
1208 612 1328 690 negotio
1340 611 1401 673 hoc

175 710 249 772 satis
273 708 398 770 molesto
421 727 468 770 me
490 727 596 788 passus
620 729 686 771 snm
709 711 844 772 detineri.
889 711 947 771 Sed
980 729 1039 772 non
1061 713 1145 792 potui
1167 713 1238 791 quin
1261 711 1397 792 pluribus

174 810 274 872 uerbis
285 827 488 872 commorarer
499 811 529 872 in
545 811 679 873 consiliis
695 813 840 874 editorum
853 813 1033 890 explicandis
1054 823 1084 876 et
1094 813 1288 875 describenda
1299 812 1396 874 libro-

174 929 240 973 rum
256 912 388 982 materia,
405 928 491 996 quam
510 913 540 972 in
554 913 704 993 plerisque
722 929 757 974 ex
777 913 850 1006 solis
867 913 960 974 titulis
982 931 1162 992 cognoscere
1178 931 1266 978 nemo
1286 922 1396 993 potest

173 1015 235 1078 lam
258 1015 313 1076 hac
334 1013 438 1075 notitia
459 1013 620 1076 lectoribus
642 1013 773 1074 subiecta
795 1021 935 1075 testatum
957 1021 1011 1086 est,
1033 1015 1112 1095 quod
1134 1015 1214 1077 volui
1234 1001 1397 1088 testificari,

172 1115 330 1196 praecipua
352 1124 468 1194 patrum
481 1131 653 1195 graecorum
667 1131 744 1175 saec.
758 1109 804 1174 ll.
821 1121 851 1175 et
865 1115 898 1176 V.
918 1115 1059 1195 opuscula
1071 1114 1245 1194 dogmatica,
1268 1133 1397 1195 quorum

174 1217 349 1297 exemplaria
372 1215 545 1297 supradixi
567 1215 693 1276 maxims
714 1201 889 1289 desiderari,
912 1215 1027 1278 abillis
1050 1215 1274 1278 collectionibus
1290 1215 1398 1277 abesse

172 1335 269 1397 neque
290 1317 381 1396 igitur
403 1326 502 1378 extare
524 1315 610 1376 talem
634 1333 737 1376 corum
760 1315 915 1390 delectum,
938 1317 988 1397 qui
1011 1317 1191 1379 desiderium
1213 1317 1398 1396 integrorum

173 1435 298 1498 operum
322 1416 541 1495 quodammodo
564 1416 686 1496 expleat.
731 1416 910 1497 Excipieuda
938 1419 1041 1498 utique
1068 1425 1114 1480 cst
1135 1417 1317 1480 Bibliotheca
1338 1435 1395 1497 pa-

171 1527 249 1580 hum
265 1517 466 1592 lineales-iana,
491 1516 568 1578 sicut
589 1533 624 1578 ex
646 1516 785 1579 universa
808 1517 941 1580 eiusdem
965 1519 1151 1581 institutione
1170 1518 1261 1598 paulo
1285 1525 1353 1581 ante
1378 1535 1397 1578 a

171 1635 219 1679 me
242 1616 414 1678 adumbrata
436 1625 566 1696 apparet.
611 1617 749 1681 Continet
776 1619 855 1680 enim
885 1619 1032 1682 volumine
1061 1625 1166 1703 paulato
1194 1628 1330 1699 excerpta
1358 1634 1395 1680 ex

171 1717 323 1779 nonnullis
344 1717 493 1778 Athanasii
516 1719 678 1797 opusculis,
701 1737 736 1780 ex
758 1719 880 1782 Eusebii
902 1720 1130 1800 Praeparationa
1152 1728 1182 1782 et
1199 1721 1377 1782 Demonstro

170 1820 252 1882 done
275 1819 439 1897 evangelica
461 1827 548 1897 atque
571 1818 665 1881 tribus
687 1821 725 1880 de
747 1819 894 1900 theologia
917 1821 1117 1884 ecclesiastica
1137 1821 1233 1894 libris,
1249 1841 1283 1882 ex
1306 1819 1395 1882 Cata-

171 1919 310 1982 chesihus
333 1918 436 1981 lllllll.
460 1918 557 1998 Cyrilli
578 1919 855 2000 hierosolymitani:
878 1935 965 1984 aeota
988 1941 1024 1984 ex
1045 1925 1193 1986 Ancorato
1217 1931 1246 1984 et
1267 1920 1394 1982 Panario

169 2019 336 2101 Epiphanii,
369 2026 522 2099 praeterea
552 2039 587 2081 ex
610 2019 670 2082 'liti
691 2020 862 2084 bostrensis
889 2031 992 2092 contm
1014 2023 1200 2085 Manichacus
1229 2033 1259 2084 et
1279 2021 1394 2102 Didymi

170 2121 358 2183 Alexandrini
390 2121 427 2180 de
461 2103 568 2199 spiritu
603 2130 705 2184 sancto
738 2122 839 2184 libris:
876 2130 999 2205 septimo
1034 2126 1180 2204 epitomas
1212 2124 1393 2204 scriptorum

170 2223 397 2304 praecipuorum
417 2221 516 2282 Basilii
531 2223 626 2301 llagni
648 2229 678 2284 et
701 2223 855 2304 utriusque
871 2224 1016 2303 Gregorii,
1039 2225 1108 2286 item
1131 2224 1275 2286 historiae
1297 2223 1393 2286 eccle-

170 2324 307 2386 siasticae
339 2323 471 2400 Evagrii:
507 2333 612 2385 octavo
645 2325 804 2386 summaria
837 2323 934 2404 Cyrilli
965 2324 1153 2387 Alexandrini
1181 2325 1327 2386 librorum
1358 2326 1393 2385 V.

170 2434 273 2487 contra
305 2423 476 2484 Nestorium
514 2430 543 2483 et
575 2423 663 2485 unius
695 2433 798 2486 contra
833 2426 1169 2506 Anthropomorphitas,
1209 2426 1393 2505 dialogorum

170 2525 362 2598 Theodoreti,
386 2524 513 2602 denique
527 2523 651 2584 Joanuis
668 2524 838 2587 liamasosni
863 2526 899 2586 de
915 2527 1078 2588 orthodoxa
1090 2527 1158 2588 lide.
1186 2525 1272 2605 Atqui
1294 2543 1392 2600 nemo,

169 2627 269 2700 credo,
292 2643 372 2686 nunc
394 2625 459 2696 erit,
483 2625 532 2704 qui
554 2625 724 2699 arbitretur,
747 2627 943 2689 ltoeslariano
964 2644 1054 2706 opere
1076 2627 1233 2689 desideriis
1256 2635 1287 2688 ct
1308 2643 1391 2688 come

169 2727 267 2790 modis
300 2723 522 2805 theologorum,
558 2725 664 2806 quihus
691 2727 741 2789 ills
776 2727 922 2790 inservire
957 2727 1065 2802 votuit,
1101 2727 1175 2790 satis
1213 2745 1281 2789 esse
1317 2745 1391 2807 prus

170 2837 303 2907 spectum
325 2827 413 2904 idque
436 2825 522 2887 etiam
545 2827 604 2888 hoc
624 2835 728 2889 nostro
751 2838 885 2908 tempore
903 2830 1046 2891 historiae
1061 2829 1229 2908 dogmatum
1246 2827 1392 2890 studiosis

169 2926 435 2991 commendandum
457 2945 525 2988 esse
546 2933 685 3006 tanquam
708 2929 960 2990 accommodatum
982 2929 1118 3008 ipsorum
1139 2928 1244 2990 usibus
1265 2929 1390 2990 'etaui-

168 3031 281 3091 liciens.
326 3025 432 3100 Quid?
465 3028 544 3106 quod
577 3027 737 3090 Roeslerus
770 3029 834 3108 ipse
863 3030 974 3104 sensit,
1010 3031 1040 3090 in
1069 3029 1216 3092 eiusmodi
1245 3027 1391 3108 excerptis

168 3130 354 3209 acquiescere
381 3145 442 3188 uon
470 3143 576 3207 posse,
608 3127 659 3206 qui
690 3129 722 3190 iu
757 3129 983 3192 familiaritatem
1016 3138 1133 3210 patrum
1165 3131 1275 3192 intrare
1303 3137 1391 3208 atquc

166 3230 285 3312 penitus
307 3227 338 3289 in
362 3229 538 3308 theologiam
561 3245 666 3290 eorum
688 3247 721 3290 sc
743 3229 894 3292 insinuare
916 3229 1015 3305 velint,
1038 3239 1068 3293 et
1088 3239 1246 3311 propterea
1265 3231 1391 3310 graviter

167 3331 198 3393 in
220 3329 402 3410 praelatione
425 3330 597 3390 exhortatus
620 3335 665 3390 est
686 3329 853 3408 theologos,
877 3339 919 3405 ut,
951 3331 975 3392 si
997 3333 1078 3393 vires
1099 3332 1212 3410 ingenii
1232 3339 1392 3412 suppetant

168 3439 198 3494 et
218 3432 312 3493 otium
333 3429 537 3510 librorumque
559 3429 660 3508 copia,
690 3429 803 3510 integra
831 3440 946 3511 patrum
974 3433 1084 3512 scripta
1112 3449 1215 3512 graeca
1243 3439 1273 3494 et
1299 3431 1391 3493 latine

166 3531 266 3610 legant
286 3549 382 3609 nequa
404 3530 461 3592 hoc
482 3529 583 3591 labore
604 3531 793 3609 supersederi
814 3549 907 3612 posse
930 3535 1099 3613 opinentur.
1143 3531 1260 3594 Etenim
1288 3533 1337 3611 qui
1353 3532 1390 3594 ad

166 3640 283 3712 patrum
294 3631 450 3693 lectionem
462 3650 496 3692 se
511 3631 668 3693 conterunt
681 3631 736 3693 hac
747 3642 902 3706 mente,·ut
915 3635 984 3696 iude
997 3633 1207 3696 accuratiorem
1220 3633 1390 3711 dogmatum

167 3732 303 3794 notitiam
331 3731 481 3806 hauriant,
515 3749 575 3793 non
605 3731 677 3793 satis
710 3733 819 3794 hahent
845 3745 954 3808 noese,
984 3736 1053 3814 quid
1081 3733 1246 3813 argumenti
1273 3733 1390 3812 singula

168 3833 278 3913 scripta
297 3833 434 3907 habeant,
458 3834 487 3895 id
510 3833 589 3913 quod
612 3834 768 3896 commode
790 3853 825 3896 ex
848 3835 1016 3898 summariis
1037 3835 1111 3896 disci
1134 3843 1250 3914 potest:
1286 3835 1339 3895 sed
1362 3833 1388 3894 si

165 3943 246 3996 recte
268 3933 364 3995 officio
388 3953 444 3996 suo
486 3935 663 4012 iunguntur,
695 3935 782 3996 etiam
813 3937 843 3998 in
872 3936 1025 4018 propriam
1053 3944 1207 3997 auctorum
1228 3933 1388 4014 cogitandi,

59 4021 64 4028 ¹
165 4035 398 4115 argumentandi,
420 4034 661 4115 philosophandi,
690 4035 865 4116 scripturam
888 4055 1001 4100 sacram
1023 4037 1248 4118 interpretandi,
1271 4034 1388 4097 dicendi

165 4135 350 4198 scribendine
371 4136 515 4199 rationem
537 4145 625 4216 atque
648 4135 677 4197 ln
701 4138 870 4200 universam
892 4138 1080 4212 methodum,
1104 4157 1160 4217 qua
1183 4138 1214 4198 in
1236 4137 1388 4216 explican-

166 4235 211 4298 dls
240 4236 426 4316 dogmatibus
455 4237 501 4299 usi
531 4246 616 4311 sunt,
634 4237 813 4318 'diligentius
846 4241 1008 4320 inquirunt.
1051 4239 1131 4301 llaec
1157 4247 1258 4299 -anlem
1282 4245 1313 4298 et
1333 4233 1390 4297 ulia

166 4355 232 4400 cum
249 4336 296 4399 his
319 4339 476 4400 coniuncta
496 4337 689 4401 animaduerti
711 4348 741 4422 et
763 4342 891 4422 perspici
914 4359 973 4401 non
1007 4336 1152 4420 possunt,
1184 4337 1243 4400 nisi
1274 4337 1389 4415 integra

167 4437 274 4519 scripta
295 4439 430 4519 legantur
451 4449 481 4503 et
501 4439 679 4520 relegantur.
722 4442 841 4504 Accedit
862 4442 942 4521 quod
965 4442 1014 4520 qui
1037 4438 1184 4519 excerptis
1206 4439 1252 4500 rel
1268 4437 1389 4500 selectis

167 4540 311 4622 capitibus
333 4541 371 4605 ah
392 4543 449 4606 alio
470 4527 635 4624 propositis
657 4542 759 4618 utitur,
781 4543 915 4604 rationes
937 4559 1100 4623 suspensas
1123 4539 1212 4602 hahet
1232 4559 1269 4604 ex
1290 4537 1388 4602 ahena
