3032 5048
238 287 264 332 8.
280 286 434 331 sanstissn
449 288 674 334 Ancumstscost
691 289 805 333 CONTRA
821 289 1049 334 consalutatus.
1195 273 1254 337 861

13 459 78 502 em
111 458 214 502 nnnc.
235 442 284 503 12.
308 440 387 520 ottob
415 439 449 501 tle
477 408 682 521 quaternitate
704 431 833 521 lepitslr,
862 451 950 522 quam
971 460 990 504 a
1014 441 1176 504 Catholicis
1195 454 1344 522 pronus.

13 545 177 604 renitere
211 541 316 603 inclusi
336 541 580 604 criminabantur
603 541 849 622 Apollinarium,
873 543 975 604 tabern
996 547 1146 606 sententia
1169 541 1260 605 habe-

13 663 47 706 tr
70 643 195 724 Epist.
209 644 249 704 acl
258 641 437 722 Epictetum.
481 641 526 704 Ne
539 643 645 712 multa,
667 647 698 704 si
718 647 767 705 cni
788 643 878 706 libeat
900 644 976 705 aluos
998 643 1148 707 alvernos
1164 644 1259 724 Apol-

13 748 175 807 narium
201 743 298 806 libros
321 745 465 822 conferre
487 763 554 806 cum
575 744 645 805 aliis
661 744 821 807 Athanasii
834 745 977 825 operibus
992 750 1178 826 nummoque
1193 765 1260 808 cum

13 847 176 926 pistolis
202 847 243 907 acl
264 844 448 925 Epictetum,
471 847 511 907 ab
532 845 711 926 Adelphium
733 856 762 908 et
780 847 823 908 ael
845 845 1027 916 Monisnum,
1051 857 1095 907 tot
1118 847 1170 908 ille
1194 848 1259 910 laco

13 947 235 1030 eprehenlet
264 951 347 1008 inter
376 964 408 1008 se
436 946 563 1027 affinia,
596 959 632 1009 ut
659 948 826 1018 abeodem
844 949 988 1028 prosecta
1011 951 1163 1027 scriptore
1182 945 1260 1011 nihil

13 1049 168 1130 nebipat.
218 1046 351 1112 Secundi
372 1047 446 1110 libri
466 1067 554 1130 quom
573 1043 862 1134 primiptrpatbsnc
882 1053 983 1111 minus
1005 1053 1038 1110 in
1060 1051 1260 1128 suspicionem

16 1155 110 1222 enit,
138 1150 200 1212 secl
222 1157 330 1211 neuter
352 1165 462 1210 revera
485 1149 603 1212 dubins.

105 1251 167 1312 111.
216 1249 296 1312 Saoce
313 1253 477 1331 permitatis
496 1252 618 1334 pridem
639 1250 801 1316 Athanasii
821 1251 909 1314 libris
931 1270 985 1314 nec
1007 1269 1063 1313 suo
1087 1249 1153 1314 loca
1173 1255 1259 1331 posi·

13 1358 45 1416 is
89 1351 264 1434 difficilius
287 1351 360 1431 'snit
387 1371 547 1432 permanos
575 1371 595 1426 a
623 1355 740 1434 spuriis
763 1355 981 1416 internoscere.
1026 1351 1092 1414 lom
1113 1370 1187 1414 oero
1208 1351 1263 1414 ubi

13 1473 227 1537 puaecnnoue
249 1452 438 1534 Apollinarii
458 1462 595 1534 spectant
618 1453 758 1516 haeresin
782 1465 999 1536 consequenter
1020 1453 1178 1524 locantur,
1201 1456 1260 1516 mi-

13 1560 111 1619 taris
151 1573 207 1617 res
236 1564 283 1617 est
307 1559 429 1634 seponi.
475 1554 628 1634 Continpit
656 1561 736 1618 enim
757 1573 890 1636 semper,
927 1573 992 1617 aum
1013 1573 1095 1616 noca
1117 1555 1260 1617 escoritur

13 1659 176 1726 haeresis,
201 1672 284 1718 nara
304 1658 375 1716 item
397 1656 491 1718 acrba
511 1673 664 1737 novasque
687 1661 852 1720 sententias
874 1661 956 1718 inter
978 1658 1178 1735 disceptantes
1199 1673 1259 1716 usu

13 1763 144 1820 uenire.
196 1755 302 1828 Quare
322 1755 368 1817 nii
388 1759 509 1829 mirum,
533 1760 614 1819 siin
632 1763 798 1839 postremis
822 1749 901 1820 hisae
913 1767 1022 1820 contra
1034 1755 1261 1837 Apollinarium

13 1857 215 1920 tractatibus
240 1857 384 1936 quaedam
406 1859 572 1920 insolenter
591 1860 669 1921 dicta
691 1863 900 1940 reperiantur.
948 1858 1034 1931 Quae
1057 1869 1157 1920 tamen
1179 1857 1260 1920 haud

13 1965 62 2022 ita
87 1957 195 2020 multa
217 1969 300 2019 sunt.
344 1958 435 2048 ⁸0¹⁰
452 1963 540 2021 initio
559 1963 658 2039 primi
677 1944 787 2022 eontra
809 1946 1034 2040 Apollinarium
1057 1959 1132 2021 libri
1151 1977 1260 2022 accur-

13 2069 102 2123 runt
133 2057 303 2128 nonnulla,
332 2077 407 2139 quas
436 2060 597 2122 Athanasii
628 2062 766 2139 sortasse
794 2059 952 2122 Aictio'nstn
979 2066 1080 2123 minus
1108 2061 1258 2140 reserant,
1501 2119 1502 2128 ,

13 2160 116 2224 nasta
151 2159 221 2222 hina
253 2161 391 2234 νοθείας
420 2165 605 2224 coniectnra.
649 2161 873 2224 Advertentluns
900 2154 980 2225 mm
1000 2163 1041 2226 ad
1061 2165 1191 2223 amicum
1212 2159 1260 2222 hic
1356 2181 1367 2202 ·
1501 2163 1502 2182 ¹

18 2263 232 2341 responderi,
259 2265 312 2341 qui
331 2279 404 2324 suos
426 2279 494 2323 anm
515 2261 746 2342 Apollinaristis
769 2263 991 2342 tls‘sputationes
1013 2263 1180 2325 Athanasio
1203 2279 1257 2324 re-

19 2371 213 2436 censuerats
242 2381 335 2442 quare
362 2363 536 2424 rescribens
559 2365 660 2425 eodem
681 2365 716 2425 tle
738 2381 773 2426 re
794 2364 980 2427 Athanasius
1002 2383 1065 2427 non
1080 2382 1154 2427 suos
1168 2363 1257 2426 meio

21 2464 147 2544 sibique
169 2461 356 2541 familiares,
387 2463 440 2525 seb
461 2466 551 2540 amici
569 2475 737 2544 quoquest
759 2464 1056 2546 Apollinaristarum
1077 2483 1165 2527 uoces
1187 2483 1259 2526 sen-
1298 2447 1303 2454 ’

21 2567 201 2644 tentiasoue
229 2572 378 2643 usurpat,
406 2565 486 2645 quob
513 2565 580 2642 sere
608 2565 645 2646 fit
672 2568 754 2626 inter
776 2566 977 2646 disputantes.
1022 2564 1059 2627 iol
1079 2577 1181 2627 auten
1202 2566 1258 2628 sub

25 2668 155 2728 initiunt
181 2674 301 2727 tantum
329 2672 499 2742 comparem·
528 2668 560 2726 in
583 2665 834 2747 subseqnentibus
857 2668 935 2728 enim
954 2683 1058 2736 nemo,
1088 2670 1143 2727 cui
1159 2665 1258 2744 sums

27 2766 195 2828 Athanasii
214 2773 305 2828 notus
327 2767 379 2837 sit,
401 2781 465 2826 nan
487 2765 657 2846 loquentem
678 2767 879 2830 Athanasium
900 2766 1053 2829 advertat.
1125 2799 1138 2810 «

117 2865 166 2928 lv.
211 2865 350 2930 Ceterum
371 2883 461 2946 mam
481 2870 567 2928 varie
590 2869 672 2928 circa
688 2867 803 2930 Christi
818 2883 985 2947 personam
1006 2877 1150 2930 errarent
1165 2865 1259 2948 Apol-

33 2967 203 3037 linaristas,
226 2985 372 3050 mamque
390 2983 504 3048 parum
524 2966 584 3029 sibi
602 2979 709 3032 mutua
732 2979 918 3040 constarent,
942 2969 1024 3032 mna
1045 2967 1138 3031 semel
1160 2968 1206 3030 hts
1227 2971 1260 3030 in

35 3069 125 3132 libris
152 3079 278 3132 enarrat
305 3068 500 3132 Athanasius.
544 3067 607 3130 Alii
633 3073 711 3132 enam
743 3068 868 3134 l'erbum
891 3070 1044 3151 putabant
1069 3069 1138 3132 sala
1164 3073 1261 3151 specis

36 3189 159 3234 carnem
178 3173 367 3242 assumsisse,
389 3169 446 3232 alii
467 3187 590 3232 carnem
605 3163 760 3235 caelestem
775 3183 804 3234 et
817 3175 985 3242 mareotam
999 3172 1113 3254 sibique
1128 3173 1259 3236 consub-

39 3271 208 3337 stantialem
234 3269 360 3336 Verbum
382 3273 527 3348 induisse.
571 3271 701 3335 Martem
720 3291 794 3336 asra
819 3273 981 3340 humanatio
1002 3285 1107 3356 utpote
1125 3277 1282 3354 peccatis.

38 3373 181 3451 malisque
208 3373 438 3452 capitationibus
469 3375 630 3436 obnoniam
656 3393 676 3436 o
701 3373 794 3439 Verba
823 3387 990 3439 assumtam
1016 3379 1137 3438 manime
1157 3363 1256 3454 fnisse

38 3473 226 3552 pupnabant;
271 3493 347 3555 quoe
386 3476 450 3553 suit
484 3474 778 3554 Apollinaristarum
813 3477 971 3540 haereseos
1009 3479 1098 3557 quasi
1132 3484 1256 3536 tessera

43 3572 244 3654 Apollmarius
267 3585 380 3645 tamen,
406 3573 509 3638 Vitalis
532 3586 562 3637 et
583 3580 612 3639 si
632 3581 687 3658 qui
705 3576 762 3640 alii
783 3577 874 3640 husus
896 3586 993 3640 sectae
1016 3559 1167 3649 haml'rses,
1191 3593 1258 3636 cuns

45 3691 108 3738 sese
134 3691 152 3736 a
173 3673 333 3737 Catholicis
360 3679 472 3756 urpsri
498 3689 670 3750 cernerent,
700 3695 823 3740 carnem
845 3677 964 3740 Christi
981 3687 1108 3739 nostrae
1129 3674 1256 3750 similem
1292 3683 1301 3698 “

46 3795 115 3838 esse·
127 3787 210 3860 atque
231 3794 270 3840 ca
291 3775 393 3840 blaria
413 3789 579 3842 assumtam
598 3779 793 3858 fatebantur,
817 3782 876 3840 mro
899 3771 1030 3840 aninam
1050 3795 1180 3859 quoque,
1203 3777 1345 3839 selmon.
1363 3839 1388 3864 ,ο

47 3887 156 3940 tantum
176 3880 359 3953 sensitivam,
383 3877 486 3941 uelut
508 3884 552 3942 ait
573 3877 683 3941 Snibas
705 3882 837 3940 animam
858 3877 980 3939 vitalem
1002 3881 1035 3940 in
1060 3879 1179 3941 Christo
1201 3877 1258 3942 ocl-

48 3979 200 4042 mittebant.
245 3978 398 4042 Hactenus
428 3981 462 4042 cle
484 3979 572 4042 libris
596 3991 704 4042 contra
726 3977 966 4061 Apollinarium,
996 3997 1070 4060 quos
1090 3983 1256 4060 postremis

50 4079 195 4144 Athanasii
214 4083 293 4142 vitoe
315 4085 405 4143 annis
428 4084 618 4162 conscriptos
637 4090 792 4160 putamus,
816 4071 896 4144 annb
921 4084 1043 4145 circiter
1053 4082 1136 4152 372,
1159 4090 1257 4161 atquc,

50 4191 83 4242 ut
100 4190 183 4262 potet,
200 4192 273 4260 post
293 4179 461 4260 Epistolam
482 4182 523 4243 acl
537 4177 713 4262 Epictetum,
736 4185 769 4244 in
791 4199 850 4262 qua
872 4199 995 4244 errores
1011 4182 1159 4244 eiusmodi
1171 4185 1260 4261 quasi

56 4279 182 4346 hactenus
212 4282 365 4344 inauditos
394 4265 746 4362 recenset²Athonasius
790 4281 855 4346 blac
884 4285 919 4346 tle
948 4301 982 4346 re
1009 4283 1111 4360 [usius
1141 4287 1259 4378 e'rs'oita

57 4382 195 4446 Athanasii
216 4381 257 4464 [p.
274 4381 467 4445 sxxxrttt.
491 4383 547 4445 col.
565 4383 621 4460 21.
