3072 5056
348 361 546 406 erraremus
562 361 863 406 necasrrsmcaeuae
880 359 1000 402 aruum.
1068 319 1075 328 ’
1247 347 1284 408 71
1367 404 1369 412 ,
1460 339 1464 348 ’

85 513 218 592 „dignius
246 531 420 593 summaque
447 510 565 574 Domini
594 511 764 589 magnitudo
794 509 897 572 estin
924 505 1018 570 Deum
1039 509 1157 572 Patrem
1187 511 1377 574 omni-ema.

84 623 250 693 ,penaten
272 614 352 678 etin
375 613 523 674 Christum
546 613 644 676 lesum
668 611 732 674 eius
754 610 868 684 riuum,
891 621 922 672 et
937 610 968 672 in
985 610 1127 690 Spiritum
1142 621 1286 688 sanctum,

83 734 134 788 „ac
159 715 278 777 Verbum
305 714 367 775 Dec
395 713 601 775 universorum
632 731 700 774 esse
729 711 855 774 unitum.
899 711 961 791 Bpe
990 712 1084 780 enim,
1114 712 1225 792 inquit,
1259 721 1289 776 et

83 815 298 888 „Paterentur
325 833 441 884 sumus.
484 814 535 886 Et,
565 813 627 894 Epo
649 819 682 875 s'n
704 813 815 889 Putre,
844 826 872 876 et
894 811 1044 880 Peter,e'n
1072 831 1118 875 me
1145 824 1199 875 est.
1243 813 1288 874 lta

84 915 203 990 ,‚scilicet
222 917 318 978 dirina
341 915 470 978 Trinitas
502 923 530 982 et
554 923 653 976 sancta
676 912 861 976 Menarebiae
882 912 1061 992 praedicatio
1084 915 1196 994 integra
1219 931 1287 976 ser-

84 1017 236 1090 ‚,rabitur.“

150 1425 197 1484 tt.
240 1421 329 1495 Quod
351 1429 450 1482 autem
474 1419 600 1482 Verbum
624 1419 660 1481 ab
682 1419 855 1480 aeternitate
871 1418 911 1478 sit
933 1435 999 1480 eum
1013 1416 1112 1490 Patre,
1135 1435 1191 1479 nec
1213 1417 1288 1480 alte·

80 1522 131 1584 rius
150 1541 230 1602 quam
251 1522 351 1586 Patris
373 1521 556 1584 substantiae
579 1519 623 1582 rel
646 1519 816 1598 hypostasis
839 1519 978 1598 proprius
1002 1517 1050 1591 sit,
1079 1526 1112 1579 ut
1132 1516 1290 1580 declaravit

79 1623 211 1701 sinodus,
239 1623 327 1686 iiceat
353 1641 407 1684 res
437 1622 545 1684 iterum
574 1640 590 1682 a
618 1621 770 1683 laborioso
789 1619 929 1699 *Origene
960 1619 1073 1682 audire.
1115 1617 1189 1680 Nam
1212 1635 1287 1696 quae

80 1723 118 1784 itte
145 1725 219 1788 redut
249 1724 403 1802 inquirens
435 1731 466 1785 et
493 1723 649 1802 disputans
679 1720 815 1801 scripsit,
849 1739 909 1782 uon
942 1720 983 1782 ita
1011 1719 1179 1799 accipienda
1207 1725 1372 1793 subtraas.

79 1826 148 1902 quasi
167 1826 208 1888 sic
228 1825 295 1904 ipse
318 1825 459 1898 sentiret,
489 1824 542 1886 sed
571 1842 607 1886 ex
636 1841 741 1884 eorum
762 1831 862 1884 mente
885 1820 1059 1900 quibuscum
1082 1819 1229 1899 disputat;
1258 1827 1289 1881 at

79 1943 141 2003 quae
159 1925 282 1988 tidenter
303 1925 406 2004 definit
427 1935 456 1986 et
478 1926 613 1997 affirmat,
636 1925 710 1986 haec
731 1943 800 1984 rera
823 1932 867 1984 est
888 1923 943 1984 riri
958 1921 1046 1984 huius
1061 1938 1204 2001 perquam
1220 1927 1287 1982 stu-

79 2027 143 2090 diosi
162 2027 318 2090 sententia.
361 2026 462 2104 Itaque
483 2034 619 2104 postea,
645 2044 720 2105 quae
742 2023 960 2088 exercitationis
983 2021 1075 2102 gratia
1097 2021 1134 2084 ad
1155 2020 1286 2084 baereti-

79 2145 120 2188 cos
139 2129 221 2202 dixit,
255 2129 356 2190 statim
378 2127 530 2207 propriam
552 2127 615 2206 ipsc
644 2135 774 2188 mentem
803 2125 850 2188 bis
871 2122 971 2186 verbis
995 2122 1130 2202 exponit:
1165 2122 1219 2194 „Si
1241 2131 1289 2184 est

80 2229 185 2308 „image
204 2229 258 2292 uei
281 2227 449 2297 invisibilis,
471 2226 626 2288 invisibilis
649 2245 766 2306 qunque
788 2235 832 2288 est
859 2225 924 2305 ipsa
944 2225 1053 2304 imago.
1098 2223 1177 2298 Quin
1199 2222 1288 2286 etiem

81 2330 195 2401 „addere
209 2331 318 2402 ausim,
342 2347 407 2390 cum
425 2329 465 2389 sit
480 2327 643 2390 similitudo
658 2328 766 2402 Patris,
789 2345 850 2390 uon
872 2346 963 2408 pesse
985 2325 1059 2400 fieri,
1083 2323 1287 2403 utaliquando

82 2449 151 2500 ..uun
171 2433 270 2494 tuerit.
316 2429 441 2502 Quando
464 2430 544 2492 enim
566 2429 656 2502 Deus,
679 2447 767 2508 quem
788 2429 914 2492 loannes
936 2428 1030 2490 lucem
1054 2426 1181 2506 appellat
1199 2427 1286 2497 tuam
1388 2495 1393 2504 1

81 2531 170 2602 „deus
196 2533 255 2596 tear
283 2536 358 2606 est),
388 2531 528 2610 propriae
555 2529 666 2608 gloriae
693 2529 854 2609 splendere
883 2529 991 2598 caruit,
1025 2538 1057 2590 ut
1088 2526 1155 2606 quis
1183 2524 1291 2588 audeat

83 2632 267 2713 „principium
291 2631 434 2694 exbmndi
457 2630 532 2692 Filio
555 2629 701 2702 tribuere,
725 2630 810 2710 quasi
833 2629 946 2692 scilieet
967 2638 1052 2690 antea
1075 2645 1135 2688 non
1157 2621 1288 2688 suisset?

81 2731 283 2804 „Quandnuanr
305 2751 375 2796 vern
396 2749 457 2793 nnn
481 2739 544 2793 erat
558 2731 696 2800 Verbum,
717 2730 857 2800 Verbum,
879 2731 1009 2808 inquam,
1031 2728 1111 2806 quod
1127 2735 1157 2788 et
1170 2725 1288 2786 Patrem

81 2836 241 2912 „cognoscit
263 2843 295 2895 et
316 2842 361 2896 est
382 2833 532 2894 character
553 2849 587 2894 ac
607 2831 705 2910 imago
728 2830 860 2892 eiusdem
883 2827 1082 2900 substantiae,
1106 2843 1180 2906 quae
1201 2824 1289 2903 digne

81 2951 149 3002 „nec
167 2935 291 3014 exprimi
313 2953 368 2996 nec
389 2931 537 2995 naminari
558 2949 614 2994 nec
634 2931 762 3012 proferri
784 2928 905 3011 possit?
947 2929 1093 3008 Intelligat
1114 2927 1208 2998 enim,
1238 2924 1289 3004 qui

81 3032 187 3102 „dicere
208 3037 314 3098 audet:
337 3036 408 3098 Fuit
429 3035 602 3116 aliquande,
626 3053 693 3096 eum
714 3051 777 3096 aaa
800 3044 877 3096 esset
890 3031 998 3104 Filius,
1018 3030 1099 3096 idem
1122 3047 1190 3090 esse
1211 3043 1245 3090 ac
1261 3025 1288 3088 ai

81 3133 212 3203 „diceretz
244 3137 401 3217 Sapientia
422 3136 585 3216 aliquunde
607 3153 671 3197 nnn
693 3145 775 3206 aret,
802 3133 928 3196 Verbum
947 3151 1011 3196 aas
1032 3145 1114 3202 erut,
1141 3136 1205 3192 cite
1226 3147 1289 3192 san

82 3245 190 3306 „eret.“
233 3238 317 3300 Idem
338 3255 445 3298 rursus
466 3236 505 3297 its
528 3233 595 3296 alibi
618 3235 764 3314 loquitur:
798 3233 926 3307 „Verum
956 3235 1039 3296 netas
1062 3239 1109 3294 est
1130 3249 1185 3292 nec
1204 3229 1287 3309 peri-

82 3335 157 3404 „rulc
178 3348 268 3412 rarat,
292 3345 417 3418 propter
437 3345 570 3400 uacuam
593 3335 792 3398 infirmitatem
807 3335 901 3397 Deum
922 3345 1063 3414 quantum
1085 3334 1116 3395 in
1138 3331 1227 3394 nabis
1243 3338 1291 3392 est

83 3437 241 3518 ..unigenito
263 3438 381 3519 privare
403 3438 510 3510 Verbo,
533 3435 614 3515 quod
636 3453 756 3516 semper
777 3453 844 3497 cum
866 3435 916 3497 itto
938 3435 1008 3509 tuit,
1032 3445 1062 3496 et
1083 3434 1131 3496 illa
1154 3441 1217 3493 erat
1238 3450 1288 3493 sa-

83 3537 211 3614 euientis,
233 3559 291 3618 qua
313 3537 521 3602 delectabatur.
564 3537 701 3617 Alioquin
724 3555 790 3600 eum
814 3555 874 3598 neu
903 3554 1021 3616 semper
1042 3535 1137 3598 tuisse
1159 3532 1288 3595 delecta-

86 3645 158 3704 „tum
177 3639 401 3719 intelligendum
423 3639 511 3700 erit.“
555 3637 600 3699 En
628 3637 717 3716 igitur
744 3655 800 3698 nos
827 3637 946 3716 quidem
975 3637 1050 3697 hane
1073 3633 1289 3697 sententiama

84 3735 200 3803 Patribus
222 3741 259 3804 ad
281 3741 385 3802 Patres
408 3737 553 3801 transisse
576 3739 830 3812 demonstramus,
858 3756 913 3798 rus
941 3756 1029 3811 vern,
1058 3735 1169 3798 oneri
1190 3731 1290 3794 Iudaei

84 3845 108 3894 tt
126 3839 243 3920 Catphae
264 3840 413 3919 discipuli,
436 3858 513 3918 quos
535 3839 648 3912 Patres,
670 3839 720 3918 qui
742 3838 849 3901 restris
864 3838 976 3900 reculis
992 3837 1128 3910 faverint,
1151 3829 1291 3895 exhibere
1368 3901 1373 3928 Ι

83 3938 216 4012 potestis?
258 3939 379 4003 Nullum
406 3949 485 4002 certe
512 3940 687 4020 prudentem
717 3948 745 4001 et
772 3940 937 4020 sapientem
964 3954 1094 4017 unquam
1115 3929 1291 4014 proderetis3

85 4055 174 4102 amnes
200 4041 277 4104 eninr
305 4059 322 4102 a
350 4041 435 4104 tobis
462 4042 623 4104 abhorrent
648 4047 766 4120 praeter
793 4059 886 4102 unum
914 4037 1080 4108 diabolum,
1112 4033 1162 4114 qui
1184 4047 1292 4112 nempe

85 4359 141 4414 teris
157 4363 265 4424 operibus
280 4377 329 4412 nen
348 4363 467 4424 leguntur.
503 4361 552 4412 Cir.
570 4367 651 4410 tamen
704 4360 760 4412 edit.
779 4355 913 4418 Cemmal.;
938 4369 991 4406 eam
1009 4362 1089 4406 tamen
1108 4354 1166 4406 nibil
1185 4362 1248 4405 rctat
1265 4355 1289 4404 in

86 4423 139 4490 Opp.
154 4427 205 4478 edd.
220 4432 301 4480 Burei.
321 4430 338 4479 t.
358 4445 381 4508 p.
402 4428 458 4480 189.
478 4443 500 4478 n.
519 4425 558 4492 d]
705 4427 779 4478 istinc
798 4423 908 4488 exprimi.

101 4491 132 4566 'd
147 4494 220 4548 tutuo
235 4497 377 4548 Parisicnsrs
395 4496 537 4562 particulam
555 4487 592 4549 dc
609 4495 652 4546 ad·
739 4507 760 4546 c.
780 4493 835 4554 seg.
854 4481 933 4540 abab
950 4489 1044 4540 amittit
1207 4545 1213 4552 ¹

88 4555 116 4608 tn
129 4571 179 4612 ente
193 4557 341 4633 πρότερον,
366 4565 411 4616 sed
435 4565 504 4618 abest
520 4579 535 4614 a
552 4577 610 4616 mss
630 4571 654 4614 et
738 4561 757 4612 t.
775 4560 816 4612 Sic
832 4561 889 4623 Res.
923 4559 986 4610 Editi
1004 4565 1083 4610 autern
1102 4563 1126 4608 at
1142 4553 1183 4605 atii
