3048 5052
430 391 539 436 oasrro
555 391 575 436 r.
591 392 706 437 nonnas
720 393 857 438 nonnos.
1194 379 1255 444 tnr

59 565 100 608 seu
118 543 202 605 Verbo
222 541 312 604 luisse
335 541 467 604 dicentes
489 542 588 622 possit
609 541 711 606 serre?
754 542 886 624 Numquo
907 545 1013 608 eodem
1034 564 1069 608 nc
1089 565 1181 628 snpra
1201 561 1340 611 renen

59 649 197 716 rolruntor,
219 643 331 706 etiamsi
357 643 421 704 suis
444 643 566 722 argutiis
590 645 743 723 scopulum
767 645 845 707 bunc
867 656 1013 710 conentur
1033 649 1126 712 ritaro
1147 656 1179 712 et
1200 667 1254 712 ne-

58 749 160 822 oultare;
185 745 235 809 sed
256 748 376 806 trustra.
421 745 513 806 Nemo
548 746 626 808 enim
649 745 708 808 illis
730 745 776 809 vel
799 747 901 810 saltem
924 767 1010 812 aures
1033 750 1177 832 praebere
1197 769 1254 812 ro-

55 851 125 912 luen't
142 847 397 920 contendentibus,
424 847 519 909 Deum
547 865 609 909 non
638 867 757 928 semper
784 849 877 910 luisse
904 849 1036 925 Patrem,
1065 852 1121 914 ssd
1148 859 1255 932 postea
1301 873 1308 888 ·

56 954 142 1014 iactum
160 967 234 1022 esse,
256 958 290 1010 ut
311 949 425 1011 scilieet
446 949 514 1010 iude
533 949 653 1028 fingant,
677 951 742 1012 eius
756 949 885 1013 Verbum
901 949 1058 1031 aliquando
1074 971 1134 1016 non
1148 954 1253 1016 subse.

56 1053 130 1114 Nonio
152 1053 264 1132 inqrum
293 1051 368 1114 baec
393 1069 446 1113 eos
477 1051 664 1130 disputantes
692 1051 839 1132 patienter
866 1051 1007 1126 audierit,
1041 1073 1108 1117 oum
1130 1061 1255 1135 propter

54 1153 154 1232 plurima
179 1171 251 1233 quae
276 1171 368 1233 supra
396 1151 540 1214 adversus
569 1151 636 1214 illos
664 1152 748 1214 allato
776 1162 846 1214 sunt
874 1161 1063 1233 arguments,
1095 1163 1158 1218 tum
1186 1173 1255 1218 ento

53 1254 155 1316 loames
175 1253 263 1316 dicat:
287 1253 366 1318 Brut
384 1252 519 1326 Verbum,
544 1262 574 1316 et
592 1252 702 1316 Paulus
725 1253 851 1316 scribat:
877 1255 941 1328 Qui
960 1267 1007 1320 est
1027 1255 1174 1335 splendor
1187 1255 1257 1336 qlo-

55 1361 112 1430 rioe,
132 1363 172 1417 et:
193 1361 244 1444 qni
265 1365 312 1420 eet
334 1374 429 1438 super
451 1359 551 1418 omnio
573 1353 654 1418 Deus
678 1355 849 1418 benedicten
872 1359 905 1418 in
927 1357 1059 1420 soeculo.
1104 1357 1206 1420 Amen.

119 1460 164 1522 25.
205 1457 344 1520 Proiecto
367 1456 461 1518 satius
484 1456 604 1536 quidem
634 1455 742 1519 luisset
764 1476 816 1518 eos
837 1475 962 1538 prorsus
991 1457 1097 1532 silereq
1125 1465 1155 1521 tt
1175 1476 1254 1538 quo·

53 1557 114 1618 mam
133 1559 229 1621 nolum
257 1560 429 1639 quiescere,
460 1557 488 1620 si
516 1559 583 1637 quis
612 1559 887 1637 impudentissimas
917 1560 1035 1622 illorum
1063 1559 1255 1642 quaestiones

53 1661 156 1722 relutarc
176 1661 312 1734 soluerit,
335 1659 442 1722 similia
464 1659 595 1722 vicissim
619 1659 655 1720 ab
678 1659 736 1722 illis
755 1660 894 1722 audenter
909 1662 1070 1741 perquirat
1107 1659 1257 1724 Fortassis

53 1761 114 1822 enim
132 1780 193 1824 eom
213 1764 335 1844 seipsos
359 1761 507 1824 similibus
529 1761 657 1824 viderint
679 1762 816 1826 absurdis
839 1763 1015 1843 impeditos,
1048 1763 1168 1826 tondent
1189 1781 1258 1826 cum

52 1861 149 1924 rotun
168 1881 301 1944 pugnare
329 1863 486 1925 desistent.
531 1863 629 1924 diuitis
657 1863 748 1943 igitur
776 1882 843 1926 cum
874 1863 1013 1944 precibus
1040 1863 1146 1928 Divina
1173 1863 1256 1944 pr'nts

53 1961 180 2043 implorata
207 1965 383 2038 clementia,
415 1963 459 2025 sic
484 1964 559 2043 ipsis
590 1965 657 2044 quis
686 1965 863 2028 occurrerit:
892 1966 990 2040 „Num
1018 1966 1068 2046 qui
1097 1973 1145 2030 est
1164 1965 1256 2042 nem,

52 2083 125 2134 „enm
144 2076 225 2129 antea
247 2084 311 2128 non
334 2075 423 2140 esset,
446 2073 553 2146 postea
574 2068 667 2128 lactus
690 2073 747 2140 est,
774 2067 820 2128 sel
843 2076 949 2130 estne
972 2067 1058 2130 etiam
1081 2069 1255 2148 priusquam

52 2167 160 2236 „bereti
198 2168 283 2248 Ergo
307 2167 420 2230 iseum
444 2177 540 2240 esset,
575 2168 707 2250 seipsum
736 2169 820 2242 lecit,
853 2169 897 2231 vel
926 2177 970 2232 est
999 2189 1036 2231 ex
1057 2170 1139 2232 nulio
1161 2179 1256 2242 ortus,

55 2285 178 2348 ..muqoe
206 2269 283 2332 nihil
311 2277 397 2331 sntea
425 2277 523 2340 esset,
558 2269 657 2331 subito
676 2269 873 2350 ‚sppsmitl“
917 2271 1027 2334 Verum
1053 2269 1182 2334 absurdo
1209 2277 1259 2332 est
1295 2351 1306 2364 ⁹

54 2367 195 2432 huiusmodi
217 2369 376 2450 quaestio;
404 2371 444 2432 ita
467 2370 553 2448 plane
575 2370 687 2444 isteor,
718 2371 846 2434 nbsurda
869 2379 916 2434 est
936 2372 1079 2452 valdeque
1100 2371 1205 2453 impis,
1227 2377 1261 2432 at

54 2479 88 2528 ost
105 2479 189 2533 tamen
211 2472 384 2552 quaestioni
407 2471 541 2552 ipsorum
558 2472 673 2534 similis.
717 2471 790 2536 Nam
810 2473 955 2536 utrumvis
971 2473 1109 2545 dixerint,
1130 2471 1161 2534 id
1177 2469 1260 2536 omni

52 2569 147 2646 plenum
166 2575 321 2654 impietate
343 2581 399 2632 est.
438 2571 469 2633 st
485 2590 576 2651 porro
592 2573 665 2635 boec
686 2573 724 2634 de
737 2573 800 2635 Deo
823 2593 967 2653 quaerere
989 2573 1113 2654 impium
1127 2581 1158 2634 et
1172 2587 1261 2652 quum

53 2671 153 2734 nonme
174 2675 299 2756 impium
322 2681 386 2745 est,
409 2691 470 2734 uon
492 2675 591 2736 minor
613 2693 686 2736 sone
708 2673 845 2754 impietas
866 2674 957 2735 luerit
977 2675 1079 2736 eadem
1102 2672 1140 2733 de
1162 2671 1260 2734 Verbo

51 2771 217 2855 interrogare.
269 2757 474 2838 Verumtamen
496 2775 532 2836 ad
556 2775 675 2836 stultam
703 2773 781 2836 hanc
807 2783 837 2836 et
858 2773 993 2836 insenum
1025 2773 1143 2836 illorum
1164 2772 1260 2834 inter-

52 2877 208 2952 rogationem
232 2877 425 2939 esertendsm
448 2877 616 2939 necessaria
646 2875 762 2937 ridetur
788 2873 960 2938 huiusmodi
989 2871 1161 2953 responsio.
1204 2871 1260 2934 Ni-

52 2975 137 3040 mmm
157 2998 279 3060 semper
302 2987 347 3040 est
370 2979 465 3052 Deus;
494 2999 529 3042 nc
554 2978 682 3058 proinde
710 2995 777 3040 cnm
800 2995 919 3056 semper
948 2977 988 3040 sit
1007 2977 1112 3050 Pater,
1141 2989 1262 3054 semper

53 3093 148 3156 quoque
169 3091 213 3144 est
235 3079 372 3142 eiusdem
395 3080 547 3159 splendor,
571 3081 649 3160 quod
672 3089 719 3141 est
741 3079 837 3158 ipsius
855 3077 994 3141 Verbum.
1037 3063 1262 3156 prioremque

52 3187 87 3238 cst
103 3179 184 3256 licus,
206 3181 350 3254 Verbum,
373 3183 452 3260 quod
476 3183 545 3245 item
569 3191 625 3256 ost,
647 3181 736 3244 habet
758 3200 792 3242 es
815 3181 927 3260 seipso,
950 3183 1047 3261 neqrie
1062 3177 1191 3242 Verbum
1214 3179 1262 3240 eol
1363 3187 1369 3211 ‘

52 3287 136 3354 posteo
156 3283 307 3356 adnutum,
330 3285 409 3362 quod
431 3284 516 3362 prius
536 3301 597 3344 non
612 3292 701 3355 esset,
725 3301 821 3362 neque
836 3281 924 3343 Pater
939 3299 1068 3363 unquam
1084 3278 1149 3342 sine
1164 3276 1262 3342 Verbo

53 3379 102 3441 luit
140 3384 209 3448 Nam
232 3384 344 3465 impia,
368 3403 425 3464 qua
445 3383 538 3446 Filius
561 3385 730 3460 lacessitur,
753 3383 874 3446 audacie
897 3383 928 3445 in
950 3383 1049 3463 ipsun
1070 3382 1188 3444 Patrem
1209 3395 1262 3444 re-

54 3479 157 3558 dundat,
184 3487 210 3548 si
233 3503 344 3564 nempe
366 3485 555 3565 sapientiam,
584 3485 713 3548 Verbum
736 3494 765 3548 et
786 3485 891 3546 Filium
920 3483 1106 3546 extrinsecus
1129 3479 1186 3544 sibi
1206 3487 1262 3544 et-

52 3585 178 3660 opusne
199 3589 334 3660 dicatur;
362 3583 517 3665 quodlibel
542 3587 622 3650 enim
645 3588 753 3649 horum
777 3587 904 3659 dixeris,
937 3585 983 3659 id,
1017 3582 1098 3664 quod
1120 3601 1154 3645 ex
1176 3579 1265 3644 Petro

54 3691 136 3746 naum
154 3697 216 3762 est,
241 3687 405 3767 signiter,
429 3689 678 3766 quemadmodum
700 3687 809 3750 dietum
832 3695 887 3748 est.
931 3684 1020 3748 Levis
1042 3683 1133 3762 igitur
1154 3678 1264 3742 tutis-

52 3800 99 3860 que
117 3786 183 3852 haee
203 3791 325 3852 illorum
348 3797 397 3851 est
418 3789 562 3868 quaestio,
586 3797 616 3852 et
637 3789 744 3852 merito
767 3787 896 3867 quidem.
944 3786 1018 3847 Nom
1031 3781 1173 3863 quonism
1187 3779 1264 3840 Ver·

51 3939 72 4050 i
86 3931 622 4074 rte·t,ministrent?
674 3931 893 4070 tertium.
917 3925 1267 4060 enuntientur:
1310 3969 1319 3986 ³

53 4069 112 4120 Vento
128 4085 181 4136 post
198 4079 300 4138 Sequer.
318 4077 417 4127 Gobler.
438 4086 462 4127 et
479 4077 582 4126 Velctnr.
602 4077 623 4124 l.
710 4077 732 4124 Ιι.
751 4076 792 4123 Sic
810 4073 908 4124 anler.
928 4080 952 4121 et
970 4069 1074 4120 Felcim.
1087 4067 1109 4115 1.
1128 4063 1267 4143 btyegner.

50 4131 150 4196 thlros
165 4135 248 4198 inor
264 4135 410 4210 πρότερον.
676 4133 709 4190 ὅν
722 4135 799 4190 locor
816 4131 921 4192 didius.
955 4137 1018 4188 Editi
1043 4142 1068 4184 at
1093 4132 1134 4184 stit
1150 4143 1192 4180 ser
1208 4123 1269 4180 lere

78 4207 90 4252 f·
107 4209 203 4271 Sernes.
222 4213 321 4263 notter.
340 4213 445 4262 Velebm.
465 4209 487 4260 l.
513 4205 621 4260 πλείων.
676 4203 722 4258 eoi
739 4199 842 4262 ἀϊδίοις.

53 4268 110 4322 tstt.
134 4278 223 4340 togtte.
249 4281 304 4340 neq.
333 4274 625 4329 consternentur.
712 4279 727 4325 i.
746 4279 844 4336 Sequor.
857 4255 1269 4326 Gobler.eti'elsbnt.1.liot’uttb

53 4337 98 4388 bid.
116 4345 212 4406 Sequer.
232 4340 316 4412 ipsein
331 4359 364 4410 ys
383 4343 472 4412 epieto.
491 4347 626 4407 btoxtdem,
678 4335 754 4392 ino.
1039 4403 1044 4415 ⁹
1111 4393 1119 4413 t
1152 4398 1163 4414 .

54 4405 109 4458 Goht.
120 4421 142 4461 ct
154 4413 289 4464 latebunt.
306 4407 442 4480 ὁπότερον
457 4407 511 4479 γὰρ
521 4405 626 4464 εἴπωσι.
713 4411 734 4459 Ιι.
753 4409 794 4460 Sic
808 4408 909 4471 sepner.
944 4403 1063 4456 atussa.
1088 4410 1171 4481 quw.
1207 4399 1270 4476 Elrtr

79 4491 96 4534 n
113 4477 151 4528 Sic
168 4495 228 4530 mss.
247 4491 342 4548 prester
361 4483 466 4531 tetctm.
483 4481 516 4538 2..
536 4481 558 4531 io
577 4495 626 4547 quo
679 4468 761 4542 alep.
788 4461 1048 4552 lioremnesmssst
1065 4479 1120 4536 m
1135 4478 1186 4548 otc.
1210 4466 1270 4548 lidr-

55 4549 72 4584 et
85 4543 105 4592 io
121 4547 190 4598 editis
209 4549 294 4600 desunt
314 4542 339 4598 tl
356 4545 386 4598 dl
405 4543 436 4597 ri
455 4539 542 4601 οὕτως
558 4542 627 4614 lpot-
678 4547 713 4596 tio
731 4543 850 4596 Commel.
875 4534 890 4590 ti
914 4553 969 4607 γαρ
992 4534 1042 4590 lar
1058 4547 1105 4590 etr.
1141 4535 1192 4586 ibtl

58 4603 95 4650 ’ἂν
114 4607 174 4678 περὶ
198 4613 264 4664 beni
289 4611 453 4684 ῥλιὶςᾳημον
474 4609 520 4664 reni
546 4611 629 4664 πλέον
680 4627 746 4676 quer.
768 4601 810 4660 ἄν.
