3158 5050
508 303 654 346 aetarnae
670 303 690 346 s.
707 305 743 346 na
760 259 955 348 senseramus.
1079 292 1080 298 ’
1275 291 1332 354 cet
1438 347 1441 356 .

79 455 143 517 ita
171 454 315 533 scriptam
338 453 424 516 vobis
448 461 593 516 occurret.
638 453 697 516 Sed
725 463 827 516 contra
855 455 886 516 in
909 453 1016 518 Genesi
1039 457 1181 537 scriptum
1204 467 1265 520 est:
1298 459 1420 521 lituus.

87 558 248 638 Spiritus
269 555 328 618 Dei
347 557 507 635 [credetur
536 573 629 635 super
651 575 762 636 aquas,
785 564 814 618 et
834 556 922 634 paulo
945 565 1029 635 post:
1059 558 1128 621 Non
1147 561 1336 640 permanebit
1487 549 1490 554 ’

90 658 246 739 Spiritus
275 675 358 720 meus
386 661 419 720 in
442 655 609 720 hominihus
633 655 695 728 lois,
729 659 799 737 quia
828 675 935 718 carnes
964 670 1045 720 sunt.
1090 659 1127 721 Et
1148 662 1177 722 in
1199 660 1336 723 Numeris

91 760 180 822 elicit
202 759 321 838 Moyses
344 757 379 818 ad
401 757 493 820 lilium
515 756 610 818 Nare:
633 757 677 818 Ne
698 757 773 818 mila
793 757 965 820 aemuleris.
1014 759 1088 833 Quis
1112 764 1254 826 tribuerit
1275 763 1337 826 Po-

86 862 217 944 pulum
240 859 363 922 Domini
383 877 446 922 esse
469 859 654 941 Prophetas,
685 877 751 920 cnm
773 859 888 922 dederit
908 859 1056 924 Dominus
1079 861 1228 942 Spiritum
1249 884 1338 928 sunm

99 959 303 1044 supensos?
344 961 434 1023 Etin
456 961 589 1030 ludicum
611 959 694 1022 libris
723 960 760 1021 de
783 959 924 1022 othoniel
946 960 1068 1024 dicitur:
1098 963 1136 1024 Et
1162 965 1263 1043 sactus
1293 978 1338 1028 est

100 1084 205 1146 super
223 1083 293 1128 ‘eum
314 1061 452 1144 Spiritus
474 1062 610 1133 Domini,
640 1071 669 1124 et
690 1062 835 1124 iudicavit
856 1061 973 1135 lsrail,
1005 1071 1033 1124 et
1054 1065 1156 1144 factus
1179 1076 1224 1127 est
1244 1086 1337 1146 snper

102 1166 215 1248 leplte
237 1165 373 1247 Spiritus
395 1163 527 1226 Domini.
571 1163 609 1224 Et
630 1163 668 1232 de
683 1162 845 1226 samsone:
871 1164 980 1236 Creuit,
1003 1164 1108 1244 inquit,
1127 1185 1217 1246 puer,
1241 1179 1269 1229 et
1285 1169 1421 1230 loe-essa.

99 1269 228 1332 aedicit
250 1271 277 1330 si
297 1266 454 1336 Dominus,
479 1269 629 1346 coepitque
651 1263 786 1344 Spiritus
802 1264 928 1328 Domini
946 1269 993 1328 ire
1017 1285 1081 1329 eum
1103 1267 1167 1339 illo,
1192 1275 1220 1329 et
1235 1267 1337 1332 lrruit

99 1375 139 1432 in
164 1387 231 1432 earm
253 1368 390 1448 Spiritus
415 1366 547 1430 Domini.
590 1366 682 1429 David
705 1367 776 1428 item
797 1367 910 1446 psallit:
933 1368 1084 1449 Spiritum
1102 1379 1239 1432 sanctum
1254 1380 1339 1433 tuum

103 1489 147 1532 ne
170 1471 297 1550 auferas
320 1487 339 1530 a
359 1487 414 1530 me.
458 1467 495 1530 Et
516 1485 624 1530 rursus
646 1467 676 1530 ia
698 1467 815 1530 Psalmo
846 1469 1008 1531 centesimo
1037 1471 1263 1552 quadragesimo
1286 1489 1336 1534 se·

103 1572 225 1634 cundo:
253 1569 391 1651 Spiritus
422 1579 493 1632 tuns
523 1571 620 1632 donus
644 1571 765 1634 deducet
791 1589 837 1632 me
859 1575 892 1632 in
915 1585 1031 1636 terram
1051 1584 1178 1646 rectam,
1210 1583 1339 1654 propter

105 1693 220 1736 nomen
241 1682 342 1743 tuum,
365 1671 506 1743 Domine,
535 1672 702 1752 vivificabis
724 1691 778 1734 me.
823 1671 856 1732 ln
879 1671 966 1734 Esaia
988 1691 1105 1753 quoque
1127 1675 1269 1755 scriptum
1291 1676 1337 1737 le·
1415 1687 1418 1698 ¹

106 1775 223 1854 gimas:
248 1773 382 1854 Spiritus
405 1772 529 1844 Domini
549 1791 643 1853 super
664 1791 728 1852 me,
752 1784 922 1854 propterea
950 1779 1041 1839 aucit
1069 1795 1124 1838 nse.
1166 1778 1242 1838 Ante
1263 1795 1339 1858 quae
1386 1783 1389 1790 '

106 1877 200 1938 verba
216 1875 325 1937 dictum
348 1884 425 1937 erat:
452 1875 508 1938 Vae
529 1875 592 1956 filii
611 1876 791 1938 desertores.
835 1875 916 1938 Haec
939 1878 1009 1938 dicit
1029 1877 1191 1941 Dominus:
1214 1878 1339 1944 Fecistis

109 1977 271 2042 consilium
293 1997 355 2040 non
373 1997 434 2059 per
454 1995 522 2050 me„
546 1990 575 2041 et
593 1988 699 2057 pasto,
729 1978 782 2040 sed
809 1996 872 2042 non
899 1997 959 2058 per
980 1977 1129 2059 Spiritum
1156 1997 1266 2053 meum,
1300 1981 1340 2044 ad

94 2092 235 2161 peccata
254 2065 384 2161 peccatis
407 2081 552 2144 addenda.
596 2078 634 2140 Et
655 2079 779 2141 iterum:
812 2080 921 2142 Audite
943 2079 1032 2142 daec:
1055 2080 1125 2145 Non
1146 2100 1165 2142 a
1183 2087 1337 2166 principio

110 2186 145 2244 in
166 2183 341 2245 abscondito
366 2181 483 2244 locutus
506 2199 582 2243 sum.
630 2181 703 2244 Cum
723 2181 820 2262 lieret,
842 2180 907 2244 illie
928 2200 1020 2253 eram,
1044 2192 1072 2246 et
1094 2201 1174 2244 nunc
1189 2183 1338 2250 Dominus

109 2287 192 2346 misit
213 2303 259 2346 mc
281 2293 310 2347 et
331 2285 466 2363 Spiritus
488 2286 563 2346 eius.
607 2281 720 2344 Deinde
741 2282 843 2360 paucis
866 2282 1028 2344 interiectis
1056 2285 1152 2350 addit:
1185 2285 1250 2349 Hoc
1270 2290 1339 2369 foe-

112 2387 170 2447 dus
191 2404 288 2447 meam
310 2403 376 2446 cum
398 2388 487 2465 apsis,
518 2385 595 2456 discit
616 2382 783 2456 Dominus:
813 2381 948 2466 Spiritus
971 2403 1070 2458 meus,
1099 2394 1152 2470 qui
1177 2399 1221 2450 est
1246 2395 1279 2452 in
1303 2402 1339 2454 te.

113 2485 152 2546 tu
173 2485 202 2546 ia
224 2486 281 2560 his,
304 2505 378 2566 qaae
400 2496 580 2565 sequuntur,
610 2501 714 2546 rursus
736 2485 790 2544 ait:
813 2484 883 2548 Non
906 2485 1020 2564 lepatns
1042 2508 1096 2550 nec
1119 2491 1265 2570 Ampelus,
1288 2495 1342 2556 sed

114 2593 179 2669 ipae
199 2587 346 2652 Dominus
370 2591 506 2650 seruauit
528 2605 588 2662 eos,
612 2591 681 2667 puia
704 2584 773 2648 illos
797 2586 938 2666 dilipelaat
959 2598 988 2649 et
1004 2592 1079 2669 ipsis
1090 2592 1252 2670 parcebam
1276 2597 1340 2672 ipse

116 2689 241 2752 redemit
261 2709 311 2752 cos
334 2700 362 2753 et
384 2694 528 2752 assumsit
550 2707 616 2764 eos,
650 2699 678 2750 et
706 2687 834 2750 eleoooit
861 2706 911 2750 eos
940 2694 1056 2752 cunctis
1085 2692 1187 2754 dielms
1216 2693 1339 2756 soeculi.

116 2791 181 2872 lpsi
206 2809 278 2854 nero
307 2802 556 2872 repupnacerunt
584 2801 613 2851 et
645 2790 684 2852 od
711 2791 901 2852 iracundiam
920 2803 1169 2871 proooeaocrunt
1190 2793 1342 2874 Spiritum

116 2903 254 2956 sanctum
275 2897 358 2964 erus,
382 2905 409 2955 et
432 2911 611 2956 conuersum
632 2903 678 2954 eet
700 2896 742 2954 eis
765 2895 797 2954 in
819 2895 1014 2956 inimicitiam.
1059 2891 1138 2956 llaec
1159 2904 1230 2957 suat
1251 2895 1340 2958 etiam

117 2993 277 3056 Ezechielis
299 2995 400 3056 verba:
430 2993 469 3056 llt
493 2995 604 3058 leoaoit
625 3011 671 3056 me
692 2992 827 3074 Spiritus
850 2995 1035 3076 adducitque
1055 2999 1087 3058 in
1110 3009 1226 3060 terram
1249 2997 1340 3060 Cloel-

119 3179 206 3244 ssepi.
242 3181 304 3231 Editi
322 3190 475 3244 postrocem
491 3176 592 3247 ψαλμῷ
611 3180 700 3230 addsrnt
751 3189 772 3230 et
793 3195 804 3229 a
824 3182 915 3231 Graeco
933 3181 1071 3245 Scripturas
1090 3193 1162 3246 texta,
1182 3186 1204 3234 ia
1223 3186 1339 3251 quoitem

117 3245 200 3314 λέγει,
225 3243 285 3305 καί,
312 3249 375 3313 qood
396 3265 407 3297 a
427 3249 505 3310 Regiis
524 3265 580 3299 mss.
600 3250 699 3312 Segasa.
752 3263 805 3298 mos
825 3257 848 3298 et
866 3250 889 3299 in
910 3249 999 3311 nent.
1019 3253 1155 3314 etSegaer.
1173 3253 1259 3315 legiter
1278 3245 1341 3302 dut-

118 3319 213 3370 Goolcr.
238 3327 262 3368 et
285 3317 476 3368 Felelcmsnail.
498 3319 573 3367 abest
609 3317 700 3366 laidem
752 3312 846 3365 στειλε.
881 3317 1043 3369 lnaliisrara
1062 3328 1086 3369 et
1104 3313 1340 3372 editisdniaaalm.

118 3401 200 3436 omnes
220 3399 277 3434 mss.
294 3384 330 3453 γῇ
348 3377 456 3447 εὐθείᾳ,
475 3387 515 3435 ubi
535 3385 590 3435 editi
609 3382 643 3450 τῇ
661 3377 701 3433 εὖ·
786 3385 809 3434 h.
827 3384 916 3448 lieni.
929 3380 976 3432 καί
992 3385 1031 3436 hie
1047 3388 1120 3437 addit.
1147 3389 1213 3440 ldsm
1232 3393 1340 3440 moabs-

117 3455 178 3516 θείᾳ
202 3461 227 3502 nt
254 3457 317 3517 apud
342 3455 406 3504 Lxx.
434 3453 528 3515 legitur.
572 3453 701 3516 Sequentia
751 3453 792 3502 bot
809 3444 876 3513 αὕτη
895 3445 969 3501 ἐστὶν
987 3445 1001 3513 ἢ
1020 3445 1083 3520 παρ’
1103 3447 1237 3522 ἒμοῦ.οιε.
1265 3458 1339 3508 Paulo

117 3523 186 3572 rerba
202 3535 281 3584 neque
299 3521 328 3572 ael
346 3513 433 3580 ζήσεις
449 3533 484 3587 με
501 3521 588 3572 desunt
600 3521 622 3569 in
635 3521 700 3570 Geb-
751 3529 807 3584 post
822 3522 881 3582 ‚ilem
894 3521 915 3571 l.
933 3523 1032 3582 Segaer.
1051 3523 1149 3573 canter.
1169 3525 1305 3575 otielolsm.
1316 3526 1339 3575 l.

121 3589 209 3638 leriano
227 3589 396 3639 etl'olcim.l.
434 3591 497 3639 liaeo
514 3589 596 3638 ultima
615 3581 702 3647 ζήσεις
754 3597 778 3636 at
795 3591 900 3638 Graecas
920 3590 1057 3652 Scripturas
1081 3599 1158 3640 textas
1183 3585 1215 3639 τὸ
1233 3591 1341 3658 πνεῦμα
1430 3631 1434 3650 ,

120 3669 154 3724 με
170 3663 263 3706 exstant
279 3665 368 3706 tantum
388 3659 410 3707 in
430 3658 486 3719 Rea.
502 3657 524 3705 1.
544 3666 566 3705 et
584 3657 684 3718 Segaer.
753 3649 785 3702 τὸ
803 3647 872 3721 ἐμὸν
889 3645 904 3702 ὅ
921 3647 996 3703 ἐστιν
1013 3649 1058 3705 tut
1077 3652 1123 3705 acl
1140 3665 1184 3709 etc.
1220 3659 1298 3710 Ceteri
1317 3670 1341 3710 et

152 3725 168 3774 l.
189 3719 344 3790 γέγραπται
370 3725 438 3776 deest
465 3727 487 3774 in
515 3723 661 3776 Gobleriano
679 3731 703 3774 et
755 3723 811 3772 aditi
830 3713 844 3770 ὅ
862 3725 983 3772 omittunt.
1020 3724 1078 3774 lhid.
1099 3726 1196 3776 Gobler.
1220 3721 1266 3774 nal
1290 3721 1341 3775 nd-

119 3793 222 3844 Felelm.
235 3793 258 3841 t.
293 3791 336 3841 lid.
350 3795 461 3843 omittant
478 3785 582 3870 ἐλέγετο
602 3785 632 3839 dt
648 3784 702 3856 πρὸ
753 3785 810 3838 λιν·
830 3781 861 3838 οὗ
878 3783 996 3854 naeuius
1013 3801 1057 3841 otc.

121 3857 225 3917 reiron,
245 3861 313 3911 enias
332 3861 385 3910 loco
404 3861 627 3925 pertemiscant.
652 3859 703 3907 ilex
789 3859 804 3906 i.
823 3859 863 3908 Sic
882 3859 937 3920 aeg.
950 3859 1305 3922 1.Se3aer.Goblar.l·'elclsm.
1317 3863 1340 3912 t.

119 3924 163 3978 καί
184 3939 239 3978 ente
258 3919 289 3976 oi
308 3917 341 3976 dl
361 3921 428 3995 ἐμοῦ
452 3937 475 3979 et
502 3919 534 3976 οὗ
557 3919 603 3974 deis
626 3917 704 3974 πνεύ·
755 3927 1043 3990 etGrsecasScriptarse
1061 3937 1144 3978 textas.
1181 3931 1224 3980 tui
1243 3939 1266 3980 et
1285 3931 1341 3982 aditi

119 3989 203 4064 ματός
219 4011 274 4063 μου
292 3997 383 4048 addant
400 3997 490 4060 naplis.
508 3996 580 4046 Dasil.
598 3995 704 4045 Felclm.
755 3995 868 4044 omittant
891 3989 937 4043 καὶ
963 3987 1091 4058 ἀνέλαβεν
1120 3987 1225 4050 αὐτούς.
1266 3999 1340 4048 Paula

120 4065 143 4116 2.
160 4075 181 4116 et
199 4066 263 4115 editi.
300 4065 360 4115 ibid.
380 4067 436 4127 lleg.
456 4065 480 4115 2.
497 4055 530 4114 dl
550 4057 606 4128 ἐμέ.
754 4070 810 4126 post
829 4063 900 4112 iidem
918 4055 949 4109 τὸ
968 4053 1049 4128 ἅγιον
1067 4054 1159 4114 αὐτοῦ.
1194 4067 1227 4114 to
1247 4065 1342 4116 aliisat

152 4149 173 4196 a.
191 4135 231 4184 Sic
249 4133 342 4195 aaut.
361 4134 460 4196 Segusa.
481 4131 704 4184 etGrsecusScri-
755 4131 825 4182 aditis
848 4145 891 4180 roa
918 4123 1002 4180 αὐτοῦ
1020 4134 1095 4182 abest.
1131 4133 1222 4184 Ibidem
1242 4134 1297 4197 ileg.
1316 4134 1340 4184 2.

121 4211 200 4265 ptores
218 4210 304 4252 textus.
333 4194 553 4268 Editic‘apupclur.
585 4201 704 4261 lloxlleg.
755 4189 923 4265 ἇνεστράφη.

125 4271 258 4336 usmaro.
284 4269 382 4321 Golsler.
410 4269 556 4319 Felclcm.1.
575 4269 655 4320 Ottob.
681 4257 715 4316 et*
789 4269 812 4318 lt.
829 4267 1101 4330 sumptusque.
1137 4269 1162 4320 ln
1183 4269 1279 4320 Gobler.
1298 4286 1341 4320 aa·

123 4335 453 4401 testasSeriptnraeGraecns
463 4328 595 4384 ἀκούσατε
609 4335 702 4386 ταῦτα.
754 4343 802 4386 tem
821 4335 992 4394 aifaisiuml.
1011 4327 1200 4402 aal'ltispap'l.
1228 4331 1273 4385 aul
1283 4329 1343 4388 darl-

123 4403 194 4454 Csteri
214 4413 237 4454 et
263 4407 319 4455 editi
345 4396 479 4454 ἀκούσατε
501 4395 591 4453 πάντα
610 4403 703 4454 ταῦτα.
754 4401 881 4467 latitate.
922 4405 967 4454 alii
991 4413 1015 4454 ot
1040 4405 1096 4456 editi
1122 4400 1167 4454 aul
1194 4398 1212 4453 'd
1241 4399 1343 4472 ἔζεχιὴλ

122 4469 170 4520 llos
195 4474 251 4522 item
284 4465 349 4538 ὑμῖν
381 4482 437 4538 post
463 4465 590 4531 leitilane:
616 4473 706 4522 addant
756 4463 827 4520 ettae
845 4467 970 4536 λέγειειο.
1006 4469 1162 4524 lloiGebler.
1173 4475 1338 4526 alleluiati.

11 4534 12 4544 ’
125 4537 183 4602 ectu,
200 4541 243 4592 sed
261 4542 331 4593 abest
348 4557 361 4591 e
380 4557 440 4592 mss.
457 4541 536 4605 Regiis
555 4540 661 4603 etSepa.
680 4547 706 4590 at
756 4533 886 4605 ἀνήγαγε.
924 4541 975 4590 ilos
1001 4542 1056 4592 item
1082 4543 1147 4606 liegii
1174 4558 1234 4594 mss.
1257 4550 1281 4594 et
1297 4541 1326 4592 sc
